3042 5192
548 641 1967 656 οοοοοοοοοοοοοοοοοοοοοοοο

396 724 488 770 145
548 728 809 794 semper
839 707 1009 770 enim
1039 728 1361 771 summum
1392 705 1710 792 quicquid
1742 705 1828 770 de
1855 709 2059 773 rebus
2086 710 2390 777 abundat
2407 761 2423 787 ‚

548 821 735 907 quod
761 822 1131 886 iaculentur
1148 871 1162 885 .
1188 830 1259 887 et
1283 819 1417 886 hoc
1447 822 1611 885 alias
1642 843 1790 886 cum
1819 824 2130 910 pervenit
2154 825 2225 889 in
2252 847 2365 891 res
2381 875 2397 901 ‚

546 937 791 1000 transit
806 985 822 1011 ‚
844 943 921 1000 ut
946 937 1016 999 in
1043 936 1271 1022 primis
1297 942 1590 1000 vestem:
1614 934 1739 1000 sed
1764 937 1877 1001 ubi
1908 958 2149 1026 aspera
2177 961 2341 1004 saxa

548 1059 665 1115 aut
690 1051 757 1114 in
786 1050 1128 1115 materiam
1154 1050 1316 1136 ligni
1342 1051 1656 1137 pervenit
1672 1100 1688 1126 ‚
1709 1051 1800 1114 ibi
1826 1052 1956 1116 iam

549 1163 906 1242 scinditur,
932 1173 1011 1229 ut
1036 1166 1290 1230 nullum
1319 1165 1739 1229 simulacrum
1767 1164 2058 1230 reddere
2085 1169 2336 1254 possit.

397 1295 493 1341 150
552 1289 624 1343 at
653 1301 803 1343 cum
832 1279 1187 1368 splendida
1216 1300 1388 1365 quae
1418 1287 1736 1344 constant
1763 1288 2058 1367 opposta
2084 1280 2357 1347 fuerunt

548 1392 893 1479 densaque
910 1442 926 1471 ‚
946 1401 1024 1458 ut
1049 1395 1119 1458 in
1148 1394 1375 1481 primis
1404 1392 1748 1481 speculum
1777 1401 1882 1459 est
1899 1443 1915 1471 ‚
1943 1394 2037 1460 nil
2065 1396 2310 1462 accidit
2335 1397 2611 1465 horum:
2693 1417 2708 1430 ·

546 1528 700 1571 nam
727 1529 946 1593 neque
965 1556 981 1583 ‚
1002 1509 1101 1572 uti
1129 1515 1385 1573 vestem
1404 1556 1420 1584 ‚
1443 1509 1625 1596 potis
1655 1516 1761 1573 est
1787 1511 2074 1573 transire
2093 1559 2110 1587 ‚
2129 1531 2351 1598 neque
2381 1523 2603 1579 autem

551 1620 799 1700 scindi3
824 1644 1022 1708 quam
1048 1623 1341 1688 meminit
1368 1621 1558 1687 levor
1585 1631 1933 1710 praestare
1961 1625 2242 1690 salutem
2263 1676 2276 1690 .

552 1758 685 1820 qua
712 1745 993 1824 propter
1019 1738 1096 1802 fit
1121 1745 1200 1801 ut
1225 1736 1385 1800 hinc
1412 1737 1612 1801 nobis
1642 1738 1994 1803 simulacra
2018 1739 2404 1807 redundent
2422 1793 2435 1805 .

404 1866 494 1911 155
554 1858 623 1914 et
652 1852 951 1935 quamvis
979 1853 1202 1917 subito
1223 1900 1239 1927 ‚
1263 1851 1503 1937 quovis
1531 1852 1600 1915 in
1627 1861 1930 1939 tempore
1949 1902 1966 1929 ,
1989 1875 2321 1940 quamque

550 1986 692 2028 rem
723 1972 960 2029 contra
988 1967 1329 2053 speculum
1357 1986 1575 2053 ponas
1593 2015 1609 2042 ‚
1632 1974 1916 2053 apparet
1942 1968 2197 2055 imag03

550 2087 879 2166 perpetuo
907 2079 1114 2144 fluere
1141 2087 1221 2145 ut
1246 2101 1493 2145 noscas
1524 2101 1561 2143 e
1591 2102 1877 2167 corpore
1908 2104 2162 2148 summo

554 2201 857 2257 texturas
885 2215 1108 2259 rerum
1136 2195 1357 2259 tenuis
1385 2195 1741 2280 tenuisque
1768 2196 2016 2282 figuras
2036 2245 2051 2259 .

556 2327 715 2393 ergo
743 2307 951 2372 multa
978 2309 1169 2372 brevi
1196 2309 1415 2397 spatio
1446 2308 1799 2373 simulacra
1825 2319 2162 2396 genuntur
2180 2362 2196 2387 ‚

406 2438 500 2483 100
557 2428 633 2485 ut
659 2423 896 2486 merito
928 2423 1105 2487 celer
1130 2422 1238 2487 his
1266 2423 1470 2487 rebus
1499 2422 1763 2487 dicatur
1794 2425 1983 2510 origo
2005 2475 2019 2488 .

558 2551 627 2600 et
656 2538 847 2622 quasi
875 2538 1084 2602 multa
1111 2539 1301 2602 brevi
1329 2540 1551 2625 spatio
1584 2538 1996 2603 summittere
2028 2539 2231 2605 debet

556 2651 803 2714 lumina
830 2651 966 2726 sol,
987 2659 1066 2715 ut
1091 2661 1420 2739 perpetuo
1450 2653 1586 2717 sint
1614 2653 1834 2717 omnia
1861 2654 2062 2741 plena
2080 2703 2096 2728 ,

559 2766 654 2829 sic
684 2766 769 2830 ab
797 2767 1002 2830 rebus
1028 2766 1186 2831 item
1217 2768 1407 2832 simili
1436 2768 1697 2831 ratione
1723 2776 2073 2833 necessest

559 2880 880 2968 temporis
908 2881 977 2945 in
1007 2890 1258 2969 puncto
1287 2903 1510 2946 rerum
1542 2881 1892 2948 simulacra
1919 2883 2223 2949 ferantur

409 3011 501 3057 165
555 2995 763 3060 multa
790 2996 1008 3060 modis
1036 2995 1258 3061 multis
1284 2997 1353 3060 in
1384 3002 1662 3060 cunctas
1691 2996 1988 3082 undique
2017 2999 2268 3085 partis3

561 3110 1105 3198 quandoquidem
1133 3111 1475 3199 speculum
1505 3132 1640 3196 quo
1673 3132 1956 3197 cumque
1988 3113 2399 3179 obvertimus
2429 3118 2566 3180 oris
2589 3167 2603 3192 ‚

560 3247 668 3290 res
699 3227 824 3291 sibi
851 3225 1271 3314 respondent
1298 3226 1487 3290 simili
1514 3224 1732 3290 forma
1758 3234 1962 3311 atque
1991 3227 2218 3292 colore
2237 3278 2250 3292 .

708 3341 1112 3424 [Praeterea
1134 3339 1339 3404 modo
1370 3361 1518 3403 cum
1546 3339 1747 3405 fuerit
1771 3339 2210 3425 liquidissima
2237 3342 2398 3407 caeli

567 3461 931 3540 tempestas
949 3503 965 3530 ,
985 3475 1310 3542 perquam
1341 3454 1564 3518 subito
1592 3454 1670 3518 fit
1698 3454 1968 3519 turbida
1994 3455 2196 3520 foede
2214 3504 2230 3532 ‚

417 3585 509 3631 170
566 3567 864 3653 undique
894 3569 989 3632 uti
1020 3570 1335 3633 tenebras
1378 3569 1592 3633 omnis
1621 3568 2011 3634 Acherunta
2039 3570 2249 3636 rearis

562 3681 836 3766 liquisse
866 3690 935 3746 et
960 3704 1235 3768 magnas
1266 3684 1431 3748 caeli
1460 3683 1833 3769 complesse
1864 3706 2185 3750 cavernas
2204 3735 2218 3749 .

564 3818 780 3882 usque
809 3796 981 3862 adeo
1013 3805 1231 3863 taetra
1258 3800 1632 3864 nimborum
1659 3806 1860 3864 nocte
1889 3807 2126 3864 coorta

566 3910 936 3998 inpendent
963 3921 1149 3977 atrae
1176 3912 1550 3978 formidinis
1581 3935 1703 3978 ora
1730 3935 2052 4002 superne3

573 4047 856 4110 quorum
887 4029 1211 4114 quantula
1239 4051 1399 4116 pars
1428 4030 1515 4093 sit
1543 4029 1759 4114 imago
1792 4027 2014 4092 dicere
2043 4037 2306 4093 nemost

844 4197 976 4204 ——-—-

580 4276 675 4321 150
713 4272 962 4340 opposita
999 4273 1020 4339 ΙΙ
1059 4280 1154 4325 152
1191 4281 1417 4343 possunt
1457 4273 1478 4340 ΙΙ
1519 4279 1616 4324 159
1653 4280 1936 4342 geruntur.
