3042 5192
592 465 732 535 222
1647 461 1748 530 IV

586 640 721 726 gilii
743 639 859 714 31,
889 636 1201 726 p.20‚20.
1253 636 1445 701 Plane
1489 639 1715 701 binam
1756 659 1879 701 esse
1918 637 2133 700 mvndi
2178 638 2473 723 oriqinem
2504 649 2565 701 et
2594 637 2831 702 Iacere·

587 740 707 803 tius
736 737 1047 827 confitetur
1074 735 1279 800 dicens
1308 733 1394 819 (V,
1410 735 1516 820 92)
1550 736 1866 821 Principio
1892 737 2097 798 maria
2125 759 2203 799 ac
2240 746 2439 800 terra-3
2475 737 2834 823 caelumque

588 848 792 918 tuere5
844 835 1120 915 Quorum
1145 844 1436 897 naamam
1464 834 1763 919 triplicem
1780 881 1799 913 ,
1843 832 1968 897 tria
1996 856 2295 918 corpora,
2342 835 2606 899 Manmi
2620 883 2640 913 ,
2698 829 2838 898 Tres

589 935 815 1021 species
841 944 966 997 tam
995 930 1347 1010 dissimiles,
1378 931 1503 996 tria
1531 932 1685 995 talia
1712 943 1907 996 texta.
1938 933 2146 996 etalio
2173 933 2305 997 loco
2341 933 2721 1017 Omniaper
2750 957 2836 997 so-

588 1036 752 1099 nitus
793 1042 962 1096 arcet
976 1079 992 1106 ‚
1038 1040 1266 1094 tem-am
1280 1077 1299 1110 ‚
1343 1053 1519 1094 mare
1534 1078 1553 1109 ,
1597 1030 1836 1094 caelum
1853 1078 1867 1091 .
1925 1027 2161 1094 eadem
2201 1029 2492 1095 Iacobus
2534 1030 2836 1117 Bernay-

591 1134 732 1197 sius
775 1130 1078 1194 Servium
1122 1127 1211 1192 ad
1249 1126 1594 1193 Aeneidos
1633 1127 1772 1203 130
1815 1127 2037 1191 Ennio
2081 1126 2469 1193 adscribere
2512 1128 2837 1192 observa·

593 1233 693 1295 vit
709 1281 724 1294 .
746 1228 1018 1294 Arcebat
1027 1275 1046 1308 ,
1073 1227 1293 1312 inquit
1310 1274 1325 1303 ‚
1342 1225 1734 1313 prohibebat.
1762 1226 2071 1316 εἰφιρῥοαέ
2087 1239 2289 1291 maan
2309 1238 2367 1291 et
2386 1228 2651 1292 cantitat
2665 1278 2682 1292 .
2710 1228 2837 1292 En-

595 1331 735 1394 nius
770 1326 1174 1415 Quiftdmine
1202 1326 1373 1389 claro
1409 1324 1639 1389 Omnia
1660 1346 1783 1410 per
1820 1325 2048 1389 conitus
2086 1337 2256 1390 arcet
2281 1373 2295 1388 .
2340 1323 2467 1389 sed
2496 1333 2575 1389 et
2610 1325 2685 1389 in
2714 1323 2837 1389 Lu·

595 1426 908 1493 cretianis
938 1424 1214 1489 Servius
1244 1424 1638 1509 plerumque
1666 1430 1906 1508 peccat
1921 1471 1937 1498 ‚
1985 1431 2054 1487 et
2093 1430 2325 1509 potest
2352 1422 2719 1489 Lucretius
2762 1425 2838 1488 ab

595 1526 814 1590 Ennio
845 1524 1014 1588 haec
1044 1521 1408 1610 sumpsisse
1428 1571 1443 1598 ‚
1472 1530 1552 1585 ut
1579 1521 1728 1585 libri
1758 1543 1836 1585 111
1860 1541 2130 1586 versum
2162 1520 2322 1586 *1025
2354 1529 2424 1587 et
2452 1522 2620 1587 1035
2638 1571 2657 1598 ‚
2687 1524 2835 1587 item

596 1648 669 1689 lv
695 1624 821 1688 409
852 1631 924 1688 et
947 1643 1019 1685 vl
1057 1621 1170 1684 195
1190 1669 1204 1684 .
1912 1644 1916 1648 <

770 1720 904 1786 129.
937 1719 1097 1783 sm>
1142 1741 1240 1782 ru:
1282 1741 1542 1783 ron-rs
1589 1739 1879 1783 rurus.
1931 1717 2144 1783 Inhis
2174 1741 2293 1783 xlv
2323 1719 2677 1790 versibus,
2732 1720 2836 1784 129

601 1819 803 1884 -142
821 1868 837 1895 ‚
880 1816 1244 1882 Lambinus
1288 1837 1563 1904 operam
1593 1816 1894 1881 eximiam
1936 1817 2311 1903 praestitit:
2358 1818 2469 1882 hic
2501 1819 2682 1882 enim
2712 1820 2833 1904 pri·

596 1942 745 1984 mus
786 1939 905 1982 eos
948 1914 1335 1980 foedissime
1379 1915 1702 1981 confusos
1754 1916 1825 1979 in
1862 1936 2097 1980 verum
2152 1914 2457 1980 ordinem
2512 1917 2833 1984 restituit.

599 2039 796 2104 quem
847 2015 1174 2101 Forbiger
1202 2062 1218 2090 ,
1268 2014 1375 2078 cui
1426 2014 1649 2079 omnia
1697 2015 1878 2079 bona
1926 2012 2211 2078 sordent
2233 2064 2249 2091 ,
2296 2014 2483 2078 nulla
2532 2015 2830 2079 Lambini

539 2171 546 2178 .
598 2116 935 2181 mentione
961 2113 1146 2178 facta
1169 2114 1483 2198 mclqarem
1522 2114 1823 2177 rationem
1866 2111 2028 2178 dicit
2058 2160 2073 2175 .
2126 2111 2251 2178 sed
2286 2114 2573 2198 insuper
2610 2113 2829 2178 obser·

596 2215 892 2280 vandum
921 2220 1027 2277 est
1052 2233 1293 2276 novem
1323 2211 1489 2276 alios
1519 2211 1892 2277 versiculos
1911 2261 1927 2288 ‚
1965 2212 2081 2298 qui
2110 2211 2328 2276 notati
2358 2219 2522 2275 sunt
2546 2212 2829 2274 numeris

606 2313 930 2380 168-175
963 2321 1032 2377 et
1065 2311 1183 2376 179
1213 2360 1229 2388 ,
1275 2333 1392 2375 eos
1434 2311 1625 2396 ipsos
1666 2331 1815 2374 cum
1852 2309 1959 2375 his
1992 2309 2534 2396 quattuordecim
2566 2311 2827 2373 coniun-

600 2413 861 2500 gendos
891 2433 1040 2475 esse
1061 2459 1075 2472 .
1115 2410 1332 2495 agitur
1366 2409 1535 2472 enim
1565 2409 1928 2494 utrobique
1964 2429 2076 2474 res
2120 2407 2353 2473 eadem
2381 2457 2398 2484 ‚
2438 2408 2707 2473 scilicet
2742 2430 2826 2480 cr·

603 2513 840 2575 cracem
887 2531 1058 2595 quas
1097 2509 1431 2595 Epicurus
1478 2506 1780 2582 dicebat,
1816 2514 1885 2572 et
1924 2506 2196 2594 quidem
2240 2528 2379 2571 non
2421 2513 2565 2571 tam
2616 2527 2825 2571 earum

600 2609 857 2695 oriyim‘s
886 2609 1162 2671 celeritas
1192 2627 1391 2691 quam
1418 2607 1648 2691 potius
1677 2608 1972 2671 tenuitas:
2013 2628 2165 2671 nam
2198 2606 2441 2692 quibus
2470 2607 2705 2671 verbis
2733 2626 2825 2668 ea-

600 2730 747 2774 rum
791 2705 1156 2790 descriptio
1203 2702 1429 2768 finitur
1475 2704 1629 2781 174,
1699 2705 1974 2785 Quorum
2014 2704 2465 2789 (nimborum)
2519 2705 2827 2791 quantula

591 2830 750 2895 pars
776 2808 856 2870 sit
879 2806 1081 2889 imaqo
1109 2804 1310 2866 dicere
1337 2814 1568 2866 nemost
1588 2803 1711 2883 Qui
1727 2805 1956 2889 possit,
1984 2826 2178 2890 neque
2206 2827 2343 2868 eam
2371 2805 2679 2868 rationem
2705 2805 2824 2868 red-

600 2907 745 2970 dere
773 2904 979 2983 dictis,
1018 2901 1097 2964 In
1129 2921 1326 2985 quem
1356 2921 1665 2985 quaeque
1694 2901 1911 2965 locum
1943 2903 2178 2966 diver-30
2204 2903 2469 2966 wwmt’aeoe
2499 2904 2731 2980 ίεηάαι,
2757 2922 2824 2965 ea

601 3009 913 3071 accurate
935 2997 1354 3086 respondent
1379 2998 1486 3062 his
1518 3019 1692 3083 quae
1718 3007 2265 3084 praecesserunt,
2300 2999 2420 3064 110
2441 3023 2634 3086 quam
2664 3001 2823 3065 tenui

599 3115 830 3169 natura
858 3111 1080 3166 con-stet
1117 3100 1322 3184 imaqo
1337 3146 1355 3178 ,
1402 3105 1472 3161 et
1500 3121 1711 3162 remm
1749 3099 2085 3163 simnlzwra
2112 3098 2341 3184 vagari
2371 3098 2597 3162 Multa
2624 3097 2823 3164 modis

604 3202 827 3267 multis
845 3248 861 3275 ‚
900 3200 1076 3263 nulla
1101 3198 1163 3261 vi
1177 3245 1194 3276 ,
1241 3220 1532 3284 cassaque
1571 3219 1782 3260 sensu.
1828 3217 1954 3260 nec
1983 3203 2209 3261 tamen
2235 3196 2377 3261 fieri
2407 3204 2647 3283 potest
2674 3205 2744 3261 ut
2768 3196 2823 3259 hi

602 3322 777 3365 xxm
808 3319 1048 3362 versus
1081 3304 1239 3360 ante
1272 3295 1390 3360 143
1418 3303 1760 3382 ponantur
1779 3343 1794 3369 ‚
1832 3296 2023 3359 Nunc
2052 3317 2132 3360 ea
2159 3295 2552 3383 quamfam‘li
2580 3309 2641 3361 et
2666 3297 2826 3361 celeri

603 3399 841 3462 ratione
862 3405 1170 3481 yenantur
1185 3420 1207 3458 .·
1242 3395 1302 3459 is
1333 3394 1505 3459 enim
1535 3393 1626 3457 ad
1651 3394 1989 3458 simulacra
2017 3394 2311 3479 pertinet
2328 3442 2345 3468 ‚
2391 3415 2687 3479 quorum
2714 3394 2825 3478 sig-

603 3494 895 3560 nificatio
944 3492 1125 3557 facta
1174 3499 1321 3557 erat
1367 3513 1571 3557 versu
1601 3490 1748 3567 127,
1800 3513 1951 3556 cum
2001 3513 2038 3555 e
2089 3492 2427 3557 contrario
2478 3493 2549 3557 in
2600 3492 2711 3558 his
2756 3490 2825 3555 de

606 3592 920 3667 cve-racem
949 3589 1187 3654 fuisset
1212 3591 1418 3676 imaqo
1450 3591 1570 3654 174
1593 3639 1608 3667 ,
1651 3611 1874 3676 neque
1915 3592 2006 3657 ibi
2037 3590 2124 3657 de
2162 3591 2270 3656 his
2299 3592 2557 3679 agitur,
2602 3591 2731 3658 sed
2756 3590 2826 3655 de

604 3693 818 3758 altero
850 3688 1145 3753 εἶΔώλωΝ
1175 3709 1421 3774 genere
1444 3738 1460 3766 ‚
1491 3710 1666 3774 quae
1696 3687 2011 3755 dicuntur
2041 3690 2354 3777 ἀπόρροιαι
2390 3739 2404 3753 .
2443 3690 2681 3777 itaque
2706 3711 2825 3756 ma-

602 3791 917 3857 nifestum
959 3796 1065 3854 est
1091 3786 1475 3853 Lucretium
1504 3837 1520 3864 ‚
1567 3808 1717 3852 cum
1760 3787 2044 3853 alterum
2082 3809 2298 3874 genus
2341 3810 2383 3853 a
2421 3810 2498 3854 se
2540 3797 2827 3875 praeter·

606 3892 879 3955 missum
903 3910 1053 3953 esse
1080 3887 1502 3973 intellegeret
1526 3886 1623 3972 (et
1648 3894 2010 3971 utrumque
2036 3885 2213 3952 infra
2235 3896 2585 3953 enumerat
2613 3889 2684 3952 in
2710 3887 2827 3952 hoc

604 3989 776 4055 libro
822 3987 944 4052 736
986 3987 1179 4072 737),
1234 3986 1404 4050 haec
1444 3987 1513 4050 in
1556 3985 1827 4051 chartas
1870 3986 1966 4049 ita
2012 3986 2380 4051 coniecisse
2420 3995 2502 4051 ut
2540 4007 2625 4052 ea
2664 3985 2827 4051 nullo

606 4094 794 4152 certo
836 4086 987 4151 loco
1026 4092 1390 4171 reponeret
1419 4134 1435 4161 ,
1499 4092 1949 4150 correctorem
1998 4091 2221 4149 autem
2267 4086 2601 4172 poematis
2650 4105 2733 4149 ne
2768 4080 2827 4146 id

607 4183 876 4272 quidem
905 4205 1179 4250 curasse
1207 4191 1285 4249 ut
1312 4191 1544 4269 partes
1575 4183 1919 4271 dispersae
1950 4182 2520 4268 coniungerentur
2539 4231 2553 4244 .

778 4283 912 4348 132.
959 4306 1042 4347 IN
1093 4303 1247 4347 noc
1302 4304 1603 4357 οᾼειο,
1655 4303 1793 4357 Qm
1844 4304 2190 4346 mcx-run
2238 4303 2426 4345 Aen.
2478 4281 2825 4347 Hieutitur

607 4382 883 4446 Servius
925 4380 1014 4444 ad
1055 4381 1415 4467 georgicon
1459 4380 1634 4457 1,51‚
1674 4377 1762 4444 ad
1806 4380 1972 4444 Aen.
1990 4379 2127 4455 1‚58
2171 4403 2233 4456 v,
2253 4379 2330 4444 18
2370 4380 2561 4454 1x‚20
2602 4376 2820 4452 x‚899.

605 4482 761 4545 item
790 4480 1056 4545 Probus
1088 4479 1177 4544 ad
1221 4481 1337 4545 ecl.
1371 4481 1550 4556 v1,31
1584 4504 1646 4566 p.
1671 4481 1767 4556 16,
1790 4479 1898 4544 16.
1940 4485 2012 4543 at
2048 4477 2352 4544 Isidorus
2393 4479 2556 4565 orig.
2572 4471 2817 4548 x111‚4,3
