3042 5192
599 466 692 534 96
1669 464 1765 534 ΙΠ

593 638 847 704 addere
880 641 1052 705 enim
1080 639 1293 727 partis
1323 647 1441 704 aut
1469 637 1707 703 ordine
1735 639 2064 704 traiecere
2093 649 2394 706 aecumst

597 763 715 819 aut
742 754 995 841 aliquid
1022 777 1300 842 prosum
1331 754 1417 818 de
1451 775 1707 820 summa
1736 753 2098 819 detrahere
2124 755 2332 821 hilum
2350 806 2366 831 ‚

446 888 542 933 515
597 879 1004 935 commutare
1034 871 1319 935 animum
1350 870 1465 956 qui
1496 891 1780 956 cumque
1811 868 2114 935 adoritur
2145 879 2214 936 et
2241 872 2384 937 infit

595 993 714 1052 aut
742 985 935 1050 aliam
964 985 1265 1071 quamvis
1293 992 1600 1049 naturam
1627 984 1899 1049 flectere
1931 986 2194 1070 quaerit
2211 1036 2224 1050 .

596 1110 668 1166 at
693 1122 913 1187 neque
942 1100 1292 1165 transferri
1321 1100 1445 1165 sibi
1472 1101 1688 1187 partis
1716 1121 1843 1165 nec
1870 1101 2073 1165 tribui
2100 1101 2247 1166 vult

595 1216 945 1280 inmortale
978 1214 1166 1300 quod
1194 1223 1300 1280 est
1329 1216 1685 1301 quicquam
1713 1236 1933 1301 neque
1964 1214 2259 1280 defluere
2288 1216 2527 1281 hilum:

594 1352 749 1395 nam
779 1330 969 1416 quod
997 1351 1280 1415 cumque
1311 1330 1449 1395 suis
1476 1337 1803 1395 mutatum
1831 1331 2074 1396 finibus
2105 1332 2274 1409 exit,

441 1462 539 1509 520
595 1446 912 1510 continuo
942 1445 1075 1509 hoc
1104 1466 1286 1509 mors
1316 1452 1424 1511 est
1449 1445 1625 1509 illius
1654 1444 1843 1531 quod
1871 1445 1999 1511 fuit
2025 1454 2181 1510 ante
2200 1496 2214 1510 .

597 1583 759 1647 ergo
791 1561 1047 1625 animus
1077 1560 1217 1624 sive
1247 1560 1578 1645 aegrescit
1595 1608 1611 1634 ‚
1633 1560 1941 1624 mortalia
1970 1562 2160 1647 signa

596 1677 801 1741 mittit
819 1725 835 1752 ‚
857 1675 955 1740 uti
984 1674 1185 1739 docui
1204 1722 1220 1750 ‚
1243 1695 1364 1738 seu
1391 1673 1685 1740 flectitur
1714 1697 1755 1739 a
1781 1674 2112 1740 medicina
2130 1724 2143 1739 .

593 1813 809 1877 usque
841 1790 1012 1855 adeo
1043 1789 1251 1855 falsae
1279 1789 1523 1853 rationi
1550 1809 1715 1853 vera
1740 1789 2008 1854 videtur

594 1928 707 1971 res
737 1926 1092 1971 occurrere
1123 1913 1193 1969 et
1221 1903 1531 1990 effugium
1559 1904 1997 1990 praecludere
2030 1906 2210 1970 eunti
2229 1955 2245 1978 ,

441 2038 538 2084 525
594 2021 998 2108 ancipitique
1026 2019 1323 2085 refutatu
1353 2019 1751 2084 convincere
1778 2019 2017 2084 falsum
2039 2070 2052 2084 .

673 2136 980 2223 Denique
1012 2157 1213 2222 saepe
1243 2135 1578 2198 hominem
1605 2134 1924 2221 paulatim
1954 2137 2283 2201 cernimus
2310 2137 2406 2201 ire

593 2260 662 2316 et
688 2251 1099 2316 membratim
1126 2251 1393 2315 vitalem
1423 2249 1800 2337 deperdere
1830 2265 2132 2328 sensum3

590 2365 659 2429 in
687 2364 974 2452 pedibus
1002 2365 1284 2452 primum
1316 2364 1564 2452 digitos
1593 2364 1914 2429 livescere
1945 2374 2013 2430 et
2040 2367 2278 2452 unguis
2296 2416 2312 2436 ,

589 2479 745 2544 inde
776 2478 989 2567 pedes
1020 2487 1088 2543 et
1117 2501 1315 2544 crura
1342 2481 1510 2545 mori
1528 2528 1543 2556 ‚
1565 2487 1726 2566 post
1755 2478 1914 2543 inde
1941 2502 2064 2567 per
2093 2490 2280 2546 artus

437 2611 534 2659 530
586 2596 683 2660 ire
713 2595 879 2660 alios
906 2596 1171 2661 tractim
1199 2594 1400 2683 gelidi
1427 2594 1711 2680 vestigia
1736 2594 1855 2659 leti
1873 2644 1886 2658 .

593 2707 917 2775 scinditur
945 2732 1163 2797 usque
1193 2709 1364 2776 adeo
1394 2711 1565 2775 haec
1596 2711 1911 2796 quoniam
1939 2719 2181 2776 natura
2208 2732 2335 2776 nee
2363 2734 2500 2776 uno

592 2835 896 2912 tempore
927 2825 1186 2891 sincera
1217 2827 1443 2891 existit
1461 2875 1476 2901 ‚
1498 2826 1800 2890 mortalis
1829 2825 2212 2892 habendast
2229 2877 2243 2891 .

593 2940 783 3028 quod
815 2942 872 3006 si
898 2940 1076 3006 forte
1105 2950 1305 3029 putas
1333 2942 1548 3029 ipsam
1578 2962 1652 3006 se
1680 2963 1887 3028 posse
1918 2963 2039 3028 per
2069 2950 2254 3006 artus

591 3058 920 3122 introsum
952 3057 1221 3123 trahere
1253 3066 1322 3122 et
1348 3057 1563 3145 partis
1595 3056 1977 3121 conducere
2004 3058 2075 3121 in
2101 3079 2304 3121 unum

438 3190 534 3237 535
591 3181 796 3259 atque
823 3172 978 3237 ideo
1010 3175 1269 3238 cunctis
1299 3195 1569 3238 sensum
1599 3171 1937 3237 deducere
1965 3173 2277 3237 membris
2295 3222 2310 3246 ‚

592 3298 663 3354 at
690 3289 879 3353 locus
909 3288 1016 3351 ille
1046 3295 1269 3352 tamen
1287 3336 1303 3364 ‚
1326 3309 1463 3373 quo
1495 3288 1692 3373 copia
1722 3295 1914 3350 tanta
1944 3287 2181 3350 animai

589 3402 853 3488 cogitur
870 3450 886 3476 ‚
908 3402 977 3464 in
1006 3422 1208 3464 sensu
1240 3400 1443 3464 debet
1468 3400 1721 3463 maiore
1750 3398 1997 3476 videri3

591 3517 705 3603 qui
736 3516 1047 3601 quoniam
1076 3523 1503 3600 nusquamst,
1526 3514 1595 3577 ni
1623 3514 1860 3578 mirum
1877 3563 1893 3591 ‚
1916 3523 1994 3579 ut
2023 3512 2307 3580 diximus
2337 3524 2491 3581 ante
2512 3566 2527 3588 ‚

591 3630 908 3695 dilaniata
935 3629 1119 3694 foras
1152 3627 1563 3715 dispargitur
1581 3677 1596 3705 ‚
1617 3629 1845 3695 interit
1875 3652 2035 3716 ergo
2055 3680 2069 3694 .
2505 3635 2512 3642 '

437 3764 533 3811 540
591 3747 751 3834 quin
780 3747 978 3811 etiam
1008 3745 1065 3810 si
1093 3745 1222 3810 iam
1251 3745 1457 3810 libeat
1486 3744 1861 3810 concedere
1891 3745 2128 3811 falsum
2146 3794 2162 3820 ‚

590 3871 660 3927 et
690 3861 852 3927 dare
882 3883 1086 3949 posse
1116 3860 1399 3926 animam
1427 3860 1782 3946 glomerari
1807 3863 1876 3925 in
1906 3882 2191 3948 corpore
2223 3881 2450 3924 eorum
2468 3908 2484 3932 ‚

588 3978 834 4042 lumina
864 3978 978 4063 qui
1006 3977 1262 4041 lincunt
1289 3974 1670 4040 moribundi
1697 3976 2142 4063 particulatim
2162 4025 2176 4050 ‚

586 4093 936 4158 mortalem
964 4100 1186 4157 tamen
1215 4113 1366 4156 esse
1396 4093 1677 4156 animam
1703 4092 1959 4157 fateare
1988 4111 2262 4156 necesse
2282 4139 2297 4165 ‚

594 4373 692 4419 522
731 4367 919 4421 deocui
968 4367 988 4438 ΙΙ
1037 4373 1133 4420 523
1170 4369 1392 4422 rationis
1442 4367 1462 4436 ΙΙ
1501 4375 1600 4422 525
1638 4368 1899 4422 refutatur
1936 4369 1957 4439 ΙΙ
1997 4372 2089 4419 531
2131 4374 2290 4435 atque
2325 4365 2499 4417 animo
2540 4365 2560 4434 ΙΙ
2600 4370 2697 4417 535
2736 4363 2813 4416 di-

595 4451 789 4506 ducere
825 4452 845 4522 ΙΙ
885 4458 983 4506 538
1020 4460 1142 4507 ante
1177 4460 1444 4508 omissum.
