3042 5192
642 475 777 543 164
1719 472 1787 538 V

631 648 931 713 sentibus
964 645 1262 711 obducat
1279 695 1295 723 ‚
1317 648 1387 710 ni
1415 648 1518 711 vis
1549 646 1840 711 humana
1866 648 2147 713 resistat

631 765 793 829 vitai
823 784 1027 827 causa
1053 761 1279 826 valido
1312 770 1640 827 consueta
1668 761 1925 827 bidenti

629 880 960 965 ingemere
991 885 1059 940 et
1087 885 1334 941 terram
1363 878 1618 963 pressis
1646 876 2088 961 proscindere
2119 880 2390 942 aratris,

476 1012 572 1058 210
626 996 682 1059 si
710 1016 848 1058 non
874 991 1199 1057 fecundas
1227 999 1573 1058 vertentes
1603 1013 1873 1057 vomere
1901 992 2132 1077 glebas
2261 991 2273 996 ’

630 1109 969 1194 terraique
1000 1107 1216 1173 solum
1246 1107 1635 1192 subigentes
1666 1107 1873 1171 cimus
1903 1107 1994 1171 ad
2024 1115 2215 1172 ortus
2234 1159 2250 1185 ‚

627 1233 872 1310 sponte
903 1245 1025 1287 sua
1052 1230 1394 1308 nequeant
1420 1220 1712 1306 liquidas
1744 1224 2032 1286 existere
2059 1224 2127 1285 in
2157 1244 2355 1288 auras
2376 1274 2389 1298 ‚

630 1347 698 1401 et
728 1347 948 1402 tamen
975 1338 1150 1401 inter
1181 1335 1339 1400 dum
1366 1357 1610 1422 magno
1642 1336 1948 1420 quaesita
1976 1337 2210 1401 labore

629 1476 777 1517 cum
807 1454 933 1517 iam
962 1474 1085 1537 per
1113 1460 1331 1516 terras
1358 1450 1683 1515 frondent
1712 1458 1916 1537 atque
1947 1452 2167 1516 omnia
2194 1451 2439 1517 florent
2458 1504 2472 1528 ‚

475 1587 572 1631 215
630 1575 746 1632 aut
772 1567 986 1631 nimiis
1016 1574 1235 1630 torret
1262 1565 1641 1631 fervoribus
1672 1565 2009 1630 aetherius
2040 1566 2145 1631 sol

626 1691 744 1748 aut
772 1682 973 1746 subiti
1001 1689 1356 1768 peremunt
1383 1681 1610 1745 imbris
1641 1681 2036 1767 gelidaeque
2065 1683 2342 1766 pruinae
2363 1733 2378 1758 ‚

624 1797 968 1881 flabraque
997 1803 1351 1860 ventorum
1379 1795 1676 1860 violento
1709 1796 1971 1860 turbine
2000 1805 2282 1861 vexant.

620 1919 972 1998 praeterea
999 1932 1210 1997 genus
1239 1910 1641 1974 horriferum
1668 1918 1911 1976 natura
1937 1911 2230 1975 ferarum

622 2028 950 2091 humanae
980 2027 1164 2112 genti
1191 2025 1507 2090 infestum
1536 2034 1851 2111 terraque
1881 2027 2179 2112 marique

469 2160 566 2206 220
624 2165 743 2207 cur
772 2142 888 2206 alit
919 2151 1121 2226 atque
1153 2141 1404 2226 auget?
1430 2163 1549 2204 cur
1578 2141 1734 2205 anni
1764 2149 2071 2226 tempora
2097 2140 2370 2206 morbos

624 2265 973 2343 atportant
990 2256 1022 2319 P
1049 2277 1257 2341 quare
1285 2277 1467 2319 mors
1497 2256 1830 2320 inmatura
1855 2263 2142 2340 vagatur
2159 2255 2192 2317 Ρ

624 2381 761 2436 tum
792 2393 999 2457 porro
1031 2391 1200 2455 puer
1218 2419 1233 2444 ‚
1256 2379 1333 2434 ut
1363 2371 1581 2434 saevis
1609 2370 1951 2456 proiectus
1979 2371 2064 2434 ab
2094 2369 2292 2434 undis

622 2486 850 2550 navita
866 2535 882 2563 ‚
904 2484 1125 2549 nudus
1157 2485 1340 2549 humi
1368 2486 1543 2549 iacet
1559 2534 1574 2560 ‚
1596 2484 1815 2548 infans
1834 2534 1848 2559 ‚
1870 2483 2139 2571 indigus
2169 2486 2346 2550 omni

617 2601 801 2665 vitali
832 2601 1074 2664 auxilio
1094 2649 1109 2676 ‚
1133 2623 1281 2663 cum
1309 2601 1593 2686 primum
1619 2601 1688 2663 in
1717 2599 1978 2664 luminis
2009 2622 2164 2665 oras

466 2734 563 2779 225
617 2715 884 2780 nixibus
915 2736 998 2778 ex
1028 2715 1180 2780 alvo
1209 2716 1438 2778 matris
1467 2723 1711 2779 natura
1739 2713 2045 2800 profudit
2063 2764 2077 2790 ‚

619 2830 983 2916 vagituque
1011 2831 1232 2894 locum
1260 2830 1526 2915 lugubri
1556 2830 1846 2915 complet
1864 2879 1879 2904 ‚
1900 2837 1978 2893 ut
2006 2837 2302 2894 aecumst

618 2946 723 3010 cui
755 2953 1010 3009 tantum
1038 2945 1106 3008 in
1135 2946 1274 3010 vita
1302 2952 1513 3009 restet
1543 2944 1830 3008 transire
1858 2943 2182 3008 malorum
2202 2994 2215 3007 .

617 3069 688 3126 at
715 3060 939 3125 variae
970 3069 1282 3124 crescunt
1308 3058 1607 3146 pecudes
1638 3067 1939 3124 armenta
1965 3059 2281 3145 feraeque
2301 3108 2315 3133 ‚

618 3199 741 3240 nec
772 3174 1195 3260 crepitacillis
1227 3197 1399 3260 opus
1429 3181 1570 3248 est,
1591 3194 1717 3237 nec
1748 3174 2055 3259 cuiquam
2086 3173 2537 3239 adhibendast

461 3308 558 3355 230
614 3293 822 3355 almae
852 3290 1127 3353 nutricis
1156 3287 1406 3353 blanda
1433 3297 1637 3374 atque
1667 3288 1952 3354 infracta
1979 3290 2273 3376 loquella
2290 3340 2305 3367 ‚

614 3427 739 3468 nec
768 3405 988 3468 varias
1021 3411 1351 3489 quaerunt
1379 3412 1605 3468 vestes
1634 3427 1761 3490 pro
1793 3412 2097 3490 tempore
2125 3407 2291 3470 caeli
2308 3456 2324 3482 ‚

616 3519 902 3605 denique
931 3540 1068 3582 non
1097 3519 1295 3583 armis
1327 3540 1496 3604 opus
1530 3527 1667 3594 est,
1688 3540 1823 3583 non
1854 3521 2201 3585 moenibus
2231 3520 2383 3586 altis
2402 3570 2417 3594 ‚

617 3635 731 3720 qui
760 3655 882 3698 sua
908 3641 1212 3698 tutentur
1230 3681 1245 3707 ‚
1270 3632 1542 3719 quando
1575 3635 1881 3700 omnibus
1912 3636 2131 3700 omnia
2158 3635 2344 3722 large

610 3750 804 3814 tellus
833 3749 980 3834 ipsa
1006 3749 1184 3834 parit
1212 3757 1586 3833 naturaque
1616 3749 1900 3815 daedala
1925 3772 2146 3815 rerum
2166 3752 2208 3836 .]

456 3877 552 3926 235
688 3863 1024 3949 Principio
1058 3865 1369 3948 quoniam
1398 3864 1602 3928 terrai
1633 3886 1882 3951 corpus
1913 3873 1980 3930 et
2008 3887 2200 3928 umor

609 4001 1052 4065 aurarumque
1081 3978 1263 4042 leves
1296 3979 1552 4042 animae
1584 3978 1916 4065 calidique
1945 4000 2237 4065 vapores
2256 4028 2272 4054 ‚

609 4115 644 4157 e
676 4094 917 4179 quibus
947 4093 1114 4158 haec
1144 4116 1367 4159 rerum
1397 4095 1767 4158 consistere
1798 4116 2052 4160 summa
2077 4093 2344 4159 videtur
2362 4142 2379 4166 ‚

609 4375 708 4422 208
744 4367 975 4421 (libenti.
1033 4371 1055 4439 ΙΙ
1109 4376 1208 4423 209
1247 4372 1411 4425 atris.
1464 4371 1486 4439 ΙΙ
1542 4377 1636 4423 211
1681 4371 1988 4444 Terraeque
2026 4374 2047 4441 ΙΙ
2086 4379 2183 4426 223
2224 4370 2473 4443 indignus
2523 4372 2544 4440 ΙΙ
2592 4375 2684 4422 227
2717 4373 2816 4419 rect

603 4452 887 4506 transirest
923 4452 943 4518 ΙΙ
983 4459 1081 4506 230
1119 4454 1287 4507 Arme
1325 4455 1346 4523 ΙΙ
1383 4453 1619 4524 loquela.
