3042 5192
1257 462 1354 531 ΠΙ
2277 464 2412 534 187

183 635 555 721 iraterrmnpi
572 682 587 698 .
616 633 774 697 huic
802 632 1028 698 similis
1059 640 1165 698 est
1189 636 1382 698 nostri
1408 637 1762 716 retinentia,
1790 656 1915 721 per
1945 657 2144 721 quam
2170 637 2415 705 retine-

181 756 334 799 mus
361 755 494 797 nos
523 740 661 797 tam
690 732 805 796 diu
836 754 1036 818 quam
1061 753 1200 796 non
1230 733 1640 798 amiserimus
1667 755 1826 809 nos,
1853 741 1931 798 ut
1959 741 2030 798 et
2055 736 2417 824 into-rammi

183 838 253 897 et
280 831 498 917 recipi
525 831 746 917 possit
763 878 777 893 .
820 838 894 894 at
917 832 1306 916 repetentiam
1331 833 1523 895 nostri
1549 852 1688 895 non
1715 830 2039 896 habemus
2063 881 2079 909 ‚
2121 834 2251 899 nisi
2285 857 2414 902 nos

182 938 253 994 et
278 937 598 995 naturam
623 935 925 993 nostram
965 935 1122 993 ante
1152 928 1560 994 amiserimus
1590 951 1605 992 ε
1650 932 1812 1015 ergo
1845 951 2043 1015 quam
2084 932 2240 996 olim
2277 954 2417 998 non

59 1115 64 1119 ,
180 1028 543 1093 habuimus
560 1075 576 1103 ‚
608 1047 689 1090 ea
715 1047 801 1090 ne
828 1027 1193 1112 interrumpi
1221 1025 1487 1112 quidem
1517 1027 1742 1114 potuit
1759 1075 1773 1089 .

350 1125 498 1190 853.
530 1123 685 1203 Qm
731 1146 990 1189 runos
1020 1171 1036 1199 ‚
1085 1146 1230 1187 um
1278 1147 1376 1188 nn
1426 1146 1646 1188 1LL1s
1696 1146 1852 1190 nos
1890 1148 2230 1192 Aur-1011·
2272 1152 2414 1193 AN-

184 1245 342 1288 oon
359 1272 376 1285 .
402 1223 580 1287 Olim
602 1222 910 1308 impressi
938 1222 1061 1302 Qui
1085 1244 1375 1286 remus
1392 1271 1411 1304 ,
1439 1223 1668 1308 itaque
1690 1223 2022 1289 Antonius
2043 1271 2056 1286 .
2079 1224 2257 1290 idem
2277 1250 2415 1292 Ar-

178 1344 254 1386 r1
270 1344 405 1385 crr
423 1369 440 1397 ‚
469 1319 596 1384 sed
621 1322 850 1408 inepte
875 1321 1169 1384 iamiam:
1188 1319 1514 1384 Marullus
1544 1320 1798 1408 primus
1829 1320 2095 1388 addidit
2119 1348 2232 1389 nec
2259 1333 2417 1391 ante

179 1422 346 1484 iam.
372 1417 611 1483 debuit
637 1441 735 1481 nn
751 1440 792 1494 Q
808 1441 903 1482 m:
934 1420 1094 1499 iam,
1114 1418 1186 1483 in
1211 1418 1389 1505 pede
1418 1416 1718 1483 secundo
1746 1440 1985 1484 versus
2014 1420 2382 1488 hexametri
2399 1473 2415 1487 .

178 1538 339 1581 nam
367 1517 440 1580 in
466 1517 683 1601 primo
716 1525 785 1579 et
823 1514 1122 1579 secundo
1166 1515 1344 1601 pede
1385 1523 1576 1580 tanta
1606 1525 1712 1582 est
1740 1516 2046 1584 codicum
2072 1520 2414 1587 Lucretia-

178 1636 429 1679 norum
467 1613 891 1687 constantia,
936 1620 1015 1677 ut
1056 1634 1142 1677 ne
1184 1621 1339 1678 ante
1377 1615 1650 1679 vocales
1682 1615 1950 1701 quidem
1979 1618 2298 1704 scriptum
2328 1621 2419 1684 sit

178 1736 331 1793 nec,
369 1712 502 1775 nisi
527 1712 599 1774 in
626 1733 714 1786 lv,
734 1710 855 1776 357
886 1711 1090 1797 Playa
1127 1734 1239 1776 nec
1267 1712 1355 1776 ad
1376 1722 1613 1777 nostras
1658 1722 1726 1778 et
1751 1720 1856 1778 ter
1882 1738 1994 1780 nec
2021 1717 2293 1803 (pinanti
2320 1740 2417 1791 111,

179 1810 312 1874 959
340 1833 406 1884 v,
427 1808 586 1873 1320
613 1832 704 1885 w,
713 1808 885 1882 408,
924 1809 995 1872 in
1021 1831 1083 1884 v,
1097 1809 1217 1872 777
1249 1817 1470 1876 autem
1494 1835 1689 1899 neque
1717 1814 2050 1898 opinantis·
2083 1815 2366 1880 contra
2347 1838 2418 1880 m

177 1908 391 1973 tertio
434 1914 504 1971 et
544 1914 788 1991 quarto
827 1905 1061 1992 pede
1044 1929 1103 1970 is
1141 1906 1312 1972 liber
1353 1929 1390 1971 e
1432 1931 1569 1994 quo
1606 1911 1825 1974 nostri
1868 1910 2054 1976 ducti
2088 1920 2247 1978 sunt
2278 1920 2418 1978 tam

177 2008 348 2071 mire
377 2005 629 2082 variat,
667 2012 744 2069 ut
770 2026 856 2068 ne
888 2005 1118 2090 quaeri
1147 2004 1416 2091 quidem
1441 2009 1665 2092 possit
1691 2014 1915 2072 utrum
1939 2016 2146 2096 poeta
2174 2012 2416 2096 quibus

180 2102 696 2169 condicionibus
725 2102 1118 2190 praetulerit
1148 2150 1163 2165 .
1215 2124 1351 2187 qua
1375 2112 1658 2191 propter
1684 2106 1755 2169 in
1789 2105 1921 2171 hac
1946 2128 2022 2170 re
2049 2129 2173 2193 per
2198 2116 2417 2173 totum

176 2209 430 2291 poema
458 2200 726 2265 codices
755 2201 1073 2286 antiquos
1103 2208 1378 2265 secutus
1420 2223 1567 2264 sum
1599 2251 1613 2277 ,
1671 2224 1955 2287 quorum
1996 2213 2237 2269 neuter
2273 2207 2413 2271 ullo

174 2303 250 2365 in
279 2301 441 2364 loco
469 2299 556 2364 ab
579 2299 791 2363 altero
817 2297 1130 2363 dissentit
1146 2346 1161 2372 ‚
1186 2299 1314 2363 nisi
1344 2298 1530 2383 quod
1556 2301 1626 2363 in
1652 2300 1823 2365 libro
1854 2325 1896 2376 1,
1909 2301 1989 2365 23
2017 2325 2211 2389 neque
2238 2326 2414 2368 ama-

176 2399 304 2463 bile
334 2404 445 2460 est
470 2398 541 2461 in
568 2397 858 2482 oblongo
877 2443 892 2470 ‚
922 2396 990 2459 in
1023 2394 1355 2481 quadrato
1388 2404 1456 2460 et
1485 2397 1755 2462 schedis
1783 2423 1895 2463 nec
1922 2401 2183 2465 amabile
2200 2450 2214 2464 .

353 2496 497 2561 856.
540 2496 1035 2560 Mur‘r1uon1
1082 2517 1299 2571 QUAM
1349 2518 1532 2560 smr
1555 2544 1569 2559 .
1626 2496 1818 2561 Unus
1859 2497 2257 2563 Wakefieldi
2303 2522 2414 2565 co-

175 2595 322 2661 dex
340 2643 359 2671 ‚
415 2593 669 2659 scilicet
722 2615 806 2657 ex
856 2592 1320 2657 emendatione
1367 2593 1552 2659 docti
1595 2595 1746 2660 Itali
1774 2645 1789 2670 ,
1840 2596 2330 2662 Munrnrom
2349 2621 2414 2675 s,

169 2702 370 2761 recte
401 2717 418 2757 ε
459 2714 614 2757 nam
637 2693 1025 2756 multimodm
1051 2691 1455 2756 adjectivum
1480 2693 1709 2779 lingua
1734 2694 1978 2759 Latina
2003 2717 2141 2760 non
2172 2716 2414 2783 agnos-

171 2797 272 2859 cit
305 2841 324 2867 ‚
374 2811 776 2878 quamquam
820 2792 1085 2855 tomoda
1127 2790 1457 2855 Catullum
1494 2792 1846 2878 scripsisse
1883 2795 2072 2859 multi
2111 2794 2415 2859 credide-

167 2898 344 2958 runt
378 2890 606 2964 115‚4.
648 2890 745 2967 ita
770 2889 841 2952 in
869 2888 1132 2964 1v‚1155
1176 2889 1547 2952 multimodis
1578 2927 1649 2936 —
1685 2890 1839 2955 Esse
1873 2894 1941 2954 in
1978 2893 2244 2956 deliciis.
2290 2892 2415 2957 sed

169 3010 360 3077 quae
407 2988 708 3072 proxime
753 2993 1072 3050 secuntur
1088 3035 1105 3063 ‚
1127 2987 1330 3074 facile
1368 2985 1482 3050 Ιιοο
1524 2988 1854 3051 adcredere
1878 2991 2079 3073 possis
2102 3037 2123 3068 ,
2164 2990 2417 3054 Semina

162 3110 363 3173 saepe
390 3087 461 3148 in
487 3086 725 3165 eodem,
752 3094 821 3148 ut
844 3107 1008 3148 nunc
1033 3094 1202 3163 eunt,
1232 3085 1443 3148 ordine
1458 3096 1642 3170 posta
1661 3134 1679 3164 ,
1720 3107 1940 3171 neque
1970 3085 2232 3171 plenam
2263 3108 2413 3150 sen-

166 3184 464 3251 tentiam
493 3182 785 3247 efficiunt
810 3203 1031 3267 neque
1062 3182 1469 3246 orationem:
1512 3204 1666 3247 nam
1696 3191 1764 3249 et
1790 3186 1981 3248 nostri
2008 3186 2281 3269 corporis
2310 3206 2414 3247 se-

163 3284 359 3348 mina
386 3278 839 3366 intellegenda
868 3287 1057 3356 sunt,
1088 3287 1157 3344 et
1187 3278 1502 3344 credibile
1534 3291 1638 3347 est
1664 3281 1797 3347 hoc
1816 3330 1832 3358 ‚
1864 3302 1942 3345 ea
1971 3302 2174 3370 saepe
2200 3282 2271 3346 in
2300 3303 2413 3345 eo-

165 3383 337 3447 dem
362 3378 601 3445 ordine
622 3380 844 3467 posita
865 3381 1012 3445 olim
1020 3380 1225 3467 sui-sse
1241 3427 1256 3441 .
1289 3401 1367 3443 ea
1388 3401 1551 3444 vero
1576 3382 1881 3445 omnibus
1902 3379 2142 3444 litteris
2164 3380 2417 3467 scripta

166 3486 345 3547 sunt
376 3500 460 3543 eo
488 3499 691 3543 versu
722 3479 836 3564 qui
864 3485 1022 3542 octo
1055 3477 1198 3541 aliis
1227 3478 1593 3542 interiectis
1623 3478 1958 3565 sequitur,

348 3576 494 3643 865.
553 3576 782 3640 HAnc
838 3597 1147 3651 EADEM,
1206 3597 1499 3651 omnus
1556 3599 1596 3639 1?-
1653 3599 1868 3641 mmc
1926 3597 2076 3639 uos
2129 3596 2414 3648 sunus,

162 3699 393 3745 Arm-E
439 3698 725 3741 mussi:
755 3699 770 3739 ε
811 3675 994 3740 hunc
1030 3676 1230 3761 igitur
1277 3675 1366 3739 ad
1406 3675 1755 3761 superiora
1780 3673 2235 3738 revocandum
2265 3693 2417 3737 esse

162 3780 473 3865 apparet
495 3821 519 3851 ,.
564 3775 714 3859 quis
757 3782 979 3838 autem
1019 3772 1153 3837 hoc
1194 3773 1353 3836 mihi
1385 3821 1402 3849 ‚
1438 3780 1518 3836 ut
1553 3773 1806 3860 primus
1848 3771 2136 3836 dicerem
2164 3818 2180 3844 ‚
2225 3792 2265 3834 a
2308 3777 2418 3834 tot

162 3872 668 3940 tractatoribus
696 3872 999 3936 relictum
1029 3893 1179 3936 esse
1210 3870 1492 3935 credat?

346 3969 491 4035 861.
524 3991 925 4033 amum-:er
969 3991 1228 4033 ron‘rn
1274 3990 1702 4045 AEGREQUE
1748 3988 2259 4034 rurunumsr.
2311 3964 2418 4030 Ne

161 4070 312 4134 hoc
358 4066 632 4154 quidem
675 4066 1013 4152 quomodo
1062 4066 1559 4153 procurandum
1603 4077 1784 4133 esset
1839 4067 2191 4152 quisquam
2235 4063 2417 4151 prio-

163 4188 326 4232 rum
357 4163 561 4229 vidit.
593 4164 1020 4229 scribendum
1052 4172 1157 4229 est
1180 4166 1397 4228 misere
1425 4166 1680 4253 s1sorte
1699 4210 1731 4228 ,ψ

347 4262 495 4328 863.
528 4286 611 4326 ID
657 4284 1036 4338 quonum
1080 4285 1241 4327 mox
1282 4285 1607 4338 eninr,
1648 4284 2006 4337 nssnour.
2050 4278 2418 4322 PROHIBE

165 4363 256 4427 11„
271 4386 314 4427 ι.
333 4384 446 4426 uu
475 4409 489 4423 .
523 4361 876 4447 Oblongus
905 4385 1048 4426 mox
1059 4411 1078 4443 ‚
1120 4360 1490 4446 quadratus
1517 4384 1648 4425 mos
1664 4386 1686 4424 .·
1730 4366 2074 4425 corrector
2105 4352 2420 4441 quadrati

166 4469 244 4527 et
269 4460 618 4526 Antonius
657 4481 761 4524 mo
777 4482 866 4524 ns
893 4507 908 4522 .
954 4459 1311 4524 Turnebus
1351 4481 1589 4544 esseque
1620 4459 1903 4543 prohibet
1931 4505 1945 4518 .
1995 4448 2420 4519 scribendum
