3042 5192
1312 488 1373 554 Π
2364 495 2446 562 51

200 730 209 737 ,
240 670 572 748 praeterea
598 680 883 745 magnae
911 660 1209 745 legiones
1240 682 1386 723 cum
1415 661 1565 725 loca
1587 683 1788 726 cursu

241 797 606 864 camporum
639 773 978 861 complent
995 822 1010 850 ‚
1031 774 1187 840 belli
1218 774 1568 839 simulacra
1598 776 1851 841 cientes
1870 827 1885 852 ,

120 907 193 953 ³25
238 890 438 977 fulgor
465 891 555 954 ibi
586 889 677 953 ad
705 889 959 954 caelum
989 910 1061 952 se
1090 888 1266 954 tollit
1283 938 1298 965 ,
1320 897 1601 975 totaque
1631 891 1874 955 circum

240 1028 374 1070 aere
401 1004 767 1073 renidescit
792 1003 990 1068 tellus
1008 1053 1024 1080 ‚
1047 1012 1411 1091 supterque
1439 1005 1653 1071 virum
1681 1007 1747 1069 vi

242 1122 479 1185 excitur
507 1119 796 1208 pedibus
826 1120 1087 1183 sonitus
1105 1168 1120 1196 ‚
1144 1120 1568 1206 clamoreque
1598 1128 1861 1185 montes

236 1237 335 1299 icti
359 1235 685 1299 reiectant
710 1256 916 1299 voces
944 1234 1036 1298 ad
1064 1234 1289 1299 sidera
1313 1233 1546 1298 mundi
1562 1284 1577 1309 ‚

241 1358 300 1414 et
325 1351 561 1414 circum
590 1350 884 1415 volitant
914 1349 1174 1435 equites
1200 1348 1597 1435 mediosque
1625 1358 1904 1437 repente

118 1480 194 1525 330
240 1466 599 1530 tramittunt
626 1464 855 1529 valido
887 1465 1267 1550 quatientes
1297 1466 1545 1553 impete
1576 1485 1881 1553 campos:

240 1589 299 1643 et
325 1590 534 1644 tamen
565 1588 675 1645 est
704 1580 972 1665 quidam
1002 1581 1189 1644 locus
1219 1580 1370 1644 altis
1397 1579 1736 1643 montibus
1755 1627 1770 1654 ‚
1793 1578 1972 1643 unde

240 1704 401 1759 stare
427 1694 745 1759 videntur
776 1701 845 1759 et
869 1696 938 1759 in
968 1696 1219 1781 campis
1251 1694 1620 1758 consistere
1648 1692 1871 1780 fulgor
1890 1744 1903 1758 .

309 1810 491 1873 Nunc
519 1831 647 1896 age
668 1859 684 1886 ‚
705 1810 834 1874 iam
864 1808 1182 1898 deinceps
1212 1817 1600 1874 cunctarum
1630 1809 1909 1873 exordia
1935 1832 2156 1874 rerum

240 1925 435 2010 qualia
461 1926 596 1989 sint
627 1932 699 1989 et
727 1945 927 2010 quam
953 1925 1155 2010 longe
1186 1922 1505 1989 distantia
1533 1922 1763 1988 formis

113 2054 192 2098 335
240 2042 485 2127 percipe
502 2090 518 2116 ,
540 2039 922 2125 multigenis
952 2061 1151 2125 quam
1182 2040 1318 2104 sint
1342 2038 1605 2103 variata
1629 2038 1893 2124 figuris3

236 2176 355 2218 non
383 2178 514 2240 quo
542 2154 756 2218 multa
783 2175 1019 2241 parum
1048 2134 1239 2219 simili
1269 2155 1404 2219 sint
1430 2153 1740 2242 praedita
1765 2153 1980 2219 forma
1998 2204 2013 2229 ‚

234 2269 344 2332 sed
370 2271 520 2355 quia
547 2290 691 2333 non
718 2269 921 2354 volgo
951 2269 1141 2355 paria
1170 2270 1475 2334 omnibus
1506 2269 1727 2334 omnia
1755 2278 2069 2335 constent
2086 2320 2099 2334 .

234 2405 345 2446 nec
372 2385 600 2448 mirum
620 2408 636 2447 :
660 2405 814 2447 nam
843 2405 991 2448 cum
1021 2385 1109 2449 sit
1136 2406 1365 2448 eorum
1394 2385 1590 2471 copia
1617 2392 1842 2461 tanta,

232 2506 297 2562 ut
321 2521 532 2586 neque
558 2499 713 2564 finis
732 2549 748 2575 ‚
768 2500 866 2563 uti
897 2498 1097 2563 docui
1114 2549 1129 2575 ,
1151 2521 1371 2585 neque
1403 2520 1658 2564 summa
1688 2501 1774 2564 sit
1800 2500 1936 2565 ulla
1953 2550 1969 2575 ‚

109 2626 188 2671 340
238 2610 497 2690 debent,
518 2616 590 2679 ni
618 2615 854 2677 mirum
872 2663 888 2689 ‚
908 2636 1048 2678 non
1078 2614 1383 2678 omnibus
1413 2614 1635 2678 omnia
1662 2636 1974 2701 prorsum

234 2748 365 2792 esse
392 2730 535 2817 pari
562 2729 682 2793 filo
713 2728 1036 2814 similique
1066 2727 1336 2793 adfecta
1362 2728 1607 2815 figura.

228 2845 594 2930 parturiunt
622 2865 834 2930 genus
860 2843 1220 2907 humanum
1245 2850 1604 2928 mutaeque
1630 2850 1945 2908 natantes

224 2959 702 3044 squaenigerum
731 2955 1028 3045 pecudes
1058 2967 1126 3023 et
1152 2958 1331 3022 laeta
1358 2966 1660 3022 armenta
1686 2958 2002 3044 feraeque
2022 3009 2037 3033 ‚

226 3080 292 3135 et
319 3073 533 3137 variae
561 3075 873 3138 volucres
891 3122 906 3147 ‚
929 3073 1249 3138 laetantia
1277 3094 1449 3159 quae
1477 3073 1629 3137 loca
1659 3094 1982 3158 aquarum

99 3198 178 3244 345
224 3188 685 3253 concelebrant
714 3189 961 3252 circum
987 3188 1175 3276 ripas
1200 3187 1547 3274 fontisque
1575 3188 1895 3273 lacusque
1916 3236 1931 3264 ‚

226 3310 286 3365 et
313 3324 478 3387 quae
509 3304 915 3390 pervolgant
940 3324 1215 3367 nemora
1243 3304 1391 3367 avia
1425 3303 1943 3390 pervolitantes;

225 3436 491 3501 quorum
520 3440 729 3482 unum
759 3417 1023 3504 quidvis
1052 3419 1421 3505 generatim
1451 3439 1711 3482 sumere
1740 3439 1978 3506 perge:

218 3531 506 3599 invenies
538 3543 763 3598 tamen
790 3534 965 3598 inter
993 3555 1067 3598 se
1098 3532 1363 3598 differre
1392 3534 1621 3620 figuris
1640 3582 1653 3596 .

218 3667 334 3711 nec
362 3650 631 3713 ratione
662 3649 789 3712 alia
816 3648 1046 3736 proles
1077 3669 1487 3734 cognoscere
1515 3656 1794 3715 matrem

92 3772 170 3817 ³⁵0
216 3782 329 3825 nec
355 3771 575 3827 mater
602 3771 840 3849 posset
868 3764 1159 3851 prolem3
1183 3763 1371 3851 quod
1395 3786 1602 3852 posse
1632 3762 1935 3828 videmus
1953 3811 1968 3837 ‚

210 3897 328 3939 nec
353 3879 577 3942 minus
606 3885 810 3962 atque
836 3877 1143 3943 homines
1170 3881 1344 3945 inter
1376 3900 1449 3943 se
1475 3887 1642 3943 nota
1671 3878 1892 3942 cluere
1912 3928 1925 3942 .

211 4011 354 4055 nam
383 4014 595 4081 saepe
626 4000 783 4057 ante
815 3992 1013 4057 deum
1041 3995 1291 4059 vitulus
1322 3993 1605 4059 delubra
1634 3992 1883 4057 decora

214 4107 601 4172 turicremas
630 4116 913 4194 propter
943 4117 1272 4173 mactatus
1303 4106 1595 4172 concidit
1624 4128 1775 4171 aras
1794 4157 1809 4181 ,

216 4383 304 4430 ³25
341 4381 434 4433 nbi
476 4381 498 4447 ΙΙ
547 4386 641 4435 331
694 4383 836 4436 unde
859 4393 1120 4439 omissum.
1172 4386 1192 4452 ΙΙ
1242 4390 1337 4437 337
1374 4390 1616 4437 constat.
1666 4384 1686 4450 ΙΙ
1731 4388 1831 4435 342
1871 4382 2125 4435 praetere
2163 4382 2182 4450 ΙΙ
2221 4386 2318 4433 343
2357 4399 2441 4434 an·-

214 4462 365 4516 bum
402 4467 425 4534 ΙΙ
468 4471 569 4517 347
608 4466 834 4536 quodvis

1958 4564 2035 4625 4.
