3042 5192
547 427 681 495 136
1596 422 1725 490 IIII
2001 483 2036 494 -

538 608 645 665 est
671 599 932 684 aliquae
961 606 1038 662 ut
1066 618 1345 683 serpens
1363 645 1379 672 ‚
1401 595 1688 660 hominis
1723 616 1895 681 quae
1924 602 2111 659 tacta
2139 596 2363 661 salivis

542 714 821 801 disperit
849 735 927 778 ac
957 734 1106 778 sese
1133 710 1515 776 mandendo
1548 710 1817 774 conficit
1843 711 1993 798 ipsa
2011 760 2024 773 .

386 849 485 894 640
539 838 892 918 praeterea
919 829 1114 893 nobis
1143 835 1484 893 veratrum
1515 834 1623 889 est
1650 846 1805 889 acre
1833 846 2164 891 venenum
2182 875 2198 901 ‚

544 953 615 1009 at
644 945 863 1033 capris
893 943 1129 1030 adipes
1161 951 1228 1007 et
1259 941 1713 1006 coturnicibus
1745 948 1947 1027 auget
1966 991 1979 1004 .

541 1069 619 1126 ut
649 1061 889 1147 quibus
916 1057 989 1123 id
1013 1058 1134 1123 fiat
1160 1057 1364 1121 rebus
1393 1076 1806 1140 cognoscere
1833 1055 2058 1143 possis
2077 1103 2092 1130 ,

540 1174 869 1263 principio
899 1173 1277 1237 meminisse
1308 1170 1506 1235 decet
1534 1190 1710 1255 quae
1740 1169 2026 1234 diximus
2056 1178 2211 1236 ante
2231 1220 2246 1246 ,

545 1292 795 1354 semina
822 1285 1230 1353 multimodis
1258 1286 1327 1350 in
1354 1286 1561 1349 rebus
1589 1285 1801 1349 mixta
1829 1285 2044 1350 teneri
2063 1335 2077 1348 .

389 1423 487 1468 645
542 1427 751 1492 porro
783 1424 1013 1468 omnes
1045 1421 1218 1488 quae
1249 1419 1534 1484 cumque
1565 1399 1782 1464 cibum
1811 1400 2087 1487 capiunt
2115 1400 2484 1466 animantes
2505 1452 2520 1478 ‚

545 1528 622 1583 ut
651 1525 811 1583 sunt
839 1516 1188 1582 dissimiles
1218 1514 1639 1579 extrinsecus
1671 1522 1741 1580 et
1768 1515 2136 1600 generatim

546 1635 791 1698 extima
816 1631 1262 1696 membrorum
1291 1630 1539 1693 circum
1569 1649 1849 1693 caesura
1877 1636 2180 1704 coercet,

547 1746 833 1836 proinde
864 1768 949 1810 ex
977 1745 1335 1810 seminibus
1367 1752 1688 1808 constant
1713 1745 2012 1809 variante
2041 1745 2253 1831 figura
2271 1795 2285 1809 .

548 1864 799 1927 semina
828 1883 975 1925 cum
1002 1881 1210 1947 porro
1242 1858 1531 1935 distent,
1557 1857 1823 1923 differre
1849 1867 2201 1924 necessest

393 1995 492 2041 650
545 1977 897 2042 intervalla
922 1976 1203 2061 viasque
1222 2024 1238 2050 ‚
1259 1973 1589 2038 foramina
1619 1994 1791 2058 quae
1819 1973 2248 2060 perhibemus
2267 2025 2282 2050 ‚

549 2092 854 2157 omnibus
883 2091 953 2155 in
979 2089 1291 2155 membris
1322 2096 1393 2152 et
1419 2088 1489 2152 in
1520 2110 1640 2153 ore
1669 2088 1955 2175 ipsoque
1982 2089 2246 2175 palato:

551 2229 701 2271 esse
728 2205 986 2270 minora
1012 2205 1217 2291 igitur
1248 2202 1579 2290 quaedam
1606 2204 1993 2289 maioraque
2025 2202 2305 2276 debent,

550 2343 698 2386 esse
726 2322 1060 2406 triquetra
1088 2319 1233 2383 aliis
1250 2368 1266 2394 ‚
1290 2318 1432 2383 aliis
1464 2318 1801 2403 quadrata
1827 2326 2206 2394 necessest,

547 2436 756 2501 multa
783 2433 1078 2500 rutunda
1097 2484 1112 2511 ‚
1132 2433 1353 2499 modis
1382 2433 1609 2498 multis
1637 2432 2047 2519 multangula
2077 2433 2438 2518 quaedam;

396 2568 494 2612 655
549 2570 838 2634 namque
865 2550 1226 2636 figurarum
1253 2549 1427 2613 ratio
1457 2556 1536 2611 ut
1562 2554 1922 2633 motusque
1948 2557 2318 2635 reposcunt
2334 2598 2349 2625 ‚

553 2663 839 2752 proinde
866 2663 1301 2728 foraminibus
1333 2662 1587 2726 debent
1616 2661 1882 2727 differre
1909 2662 2163 2748 figurae
2181 2712 2198 2740 ,

553 2787 623 2843 et
649 2779 907 2843 variare
935 2781 1082 2844 viae
1110 2778 1397 2867 proinde
1427 2800 1507 2841 ac
1535 2785 1808 2842 textura
1838 2783 2108 2842 coercet
2125 2827 2139 2841 .

550 2893 686 2957 hoc
714 2893 827 2957 ubi
858 2892 1044 2978 quod
1075 2914 1280 2958 suave
1311 2900 1415 2957 est
1443 2893 1587 2956 aliis
1617 2892 1762 2956 aliis
1790 2892 1867 2956 fit
1896 2912 2189 2956 amarum
2207 2941 2222 2966 ‚

550 3006 643 3072 illi
659 3056 676 3084 ‚
700 3008 806 3071 cui
834 3028 1040 3071 suave
1071 3016 1174 3072 est
1192 3058 1207 3085 ‚
1229 3008 1564 3072 levissima
1593 3027 1885 3093 corpora
1913 3005 2165 3071 debent

400 3141 500 3187 660
557 3124 1132 3188 contractabiliter
1162 3122 1387 3187 caulas
1415 3122 1669 3185 intrare
1697 3121 1904 3207 palati
1924 3170 1941 3197 ‚

554 3245 626 3302 at
656 3247 893 3303 contra
923 3239 1163 3324 quibus
1193 3245 1299 3302 est
1328 3235 1564 3301 eadem
1590 3257 1702 3300 res
1730 3237 1910 3301 intus
1942 3238 2185 3301 acerba
2202 3285 2218 3312 ‚

555 3374 797 3440 aspera
816 3402 831 3429 ‚
851 3352 923 3416 ni
950 3351 1185 3415 mirum
1202 3401 1218 3426 ‚
1239 3359 1603 3439 penetrant
1628 3351 2031 3436 hamataque
2056 3350 2318 3416 fauces.

401 3484 496 3530 671
553 3474 842 3552 utraque
872 3466 1045 3529 enim
1074 3473 1233 3530 sunt
1258 3465 1328 3528 in
1354 3465 1567 3529 mellis
1598 3467 1955 3532 commixta
1983 3488 2265 3553 sapore3

554 3579 628 3644 id
660 3579 846 3665 quod
873 3580 1002 3643 iam
1033 3601 1280 3665 supera
1308 3580 1428 3645 tibi
1457 3601 1664 3668 saepe
1693 3580 2107 3646 ostendimus
2137 3588 2292 3646 ante
2312 3631 2325 3644 .

402 3712 499 3758 663
553 3716 732 3759 nunc
758 3694 953 3759 facile
985 3702 1090 3759 est
1118 3716 1204 3759 ex
1230 3696 1338 3760 his
1367 3695 1572 3760 rebus
1603 3717 2011 3782 cognoscere
2041 3717 2384 3782 quaeque:

560 3810 807 3897 quippe
825 3859 840 3886 ,
862 3810 976 3874 ubi
1006 3811 1110 3874 cui
1140 3811 1347 3875 febris
1375 3810 1491 3874 bili
1521 3792 1886 3898 superante
1917 3819 2154 3876 coorta
2185 3818 2291 3876 est

404 3941 502 3987 665
559 3933 678 3988 aut
704 3924 833 3988 alia
860 3925 1120 3989 ratione
1150 3926 1441 4011 aliquast
1465 3926 1569 3990 vis
1600 3929 1821 3991 exeita
1847 3927 2096 4002 morbi,

560 4040 997 4124 perturbatur
1024 4040 1116 4103 ibi
1142 4040 1273 4104 iam
1300 4048 1517 4105 totum
1550 4062 1796 4126 corpus
1815 4089 1830 4117 ‚
1855 4048 1924 4105 et
1952 4062 2182 4105 omnes

567 4319 668 4366 638
704 4313 879 4383 itaque
918 4315 937 4382 ΙΙ
973 4319 1067 4366 641
1109 4315 1500 4367 cocturnicibus
1551 4314 1572 4384 ΙΙ
1619 4316 1807 4368 642111
1857 4317 1877 4386 ΙΙ
1913 4323 1973 4369 ut
2031 4317 2051 4386 ΙΙ
2090 4321 2189 4368 648
2226 4323 2280 4369 et
2335 4315 2356 4386 ΙΙ
2410 4316 2721 4387 variantque
2773 4319 2790 4384 ΙΙ

569 4404 668 4451 659
703 4415 932 4468 corpore
970 4398 989 4468 Η
1027 4404 1126 4450 660
1162 4398 1356 4452 caudas
1396 4396 1415 4466 ΙΙ
1454 4404 1552 4450 662
1591 4400 1852 4453 nimorum
