3042 5192
590 460 679 529 52
1671 459 1734 526 II

582 636 923 721 sanguinis
952 635 1267 722 expirans
1296 631 1584 696 calidum
1614 630 1700 695 de
1728 640 2008 718 pectore
2035 631 2313 696 flumen:

426 768 523 813 355
580 759 652 815 at
679 760 893 815 mater
918 748 1151 813 viridis
1180 749 1395 812 saltus
1428 747 1670 811 orbata
1695 767 2066 832 peragrans

578 867 800 929 noscit
824 864 1005 928 humi
1033 862 1319 950 pedibus
1345 862 1632 947 vestigia
1657 882 1896 948 pressa
1921 861 2194 926 bisulcis
2210 912 2229 937 ‚

584 980 805 1044 omnia
834 979 1189 1043 convisens
1218 977 1429 1040 oculis
1456 976 1608 1040 loca
1627 1026 1642 1052 ,
1665 978 1724 1040 si
1753 984 1959 1061 queat
1984 998 2269 1062 usquam

581 1094 971 1181 conspicere
1000 1093 1311 1156 amissum
1338 1091 1546 1155 fetum
1565 1140 1581 1167 ‚
1603 1091 2028 1180 completque
2058 1092 2372 1176 querellis

575 1207 1012 1273 frondiferum
1041 1230 1274 1272 nemus
1303 1206 1645 1270 adsidueis
1665 1255 1681 1281 ‚
1704 1215 1774 1271 et
1801 1206 2040 1271 crebra
2064 1207 2297 1271 revisit

424 1340 521 1387 360
576 1322 665 1386 ad
696 1323 1031 1387 stabulum
1050 1372 1065 1398 ‚
1091 1320 1428 1387 desiderio
1459 1322 1716 1408 perfixa
1745 1322 2040 1397 iuvenci,

575 1459 701 1501 nee
732 1446 1001 1501 tenerae
1031 1437 1268 1500 salices
1297 1444 1501 1519 atque
1529 1436 1780 1500 herbae
1807 1458 1966 1500 rore
1993 1438 2301 1521 vigentes

576 1551 977 1637 fluminaque
1003 1551 1117 1614 illa
1146 1556 1402 1635 queunt
1429 1549 1700 1612 summis
1729 1549 2026 1612 labentia
2051 1552 2217 1637 ripis

578 1668 921 1732 oblectare
952 1665 1235 1728 animum
1266 1664 1667 1750 solitamque
1696 1671 2002 1727 avertere
2033 1686 2261 1728 curam
2278 1716 2293 1741 ‚

576 1803 702 1845 nec
730 1780 1089 1844 vitulorum
1118 1779 1284 1844 aliae
1314 1779 1574 1867 species
1603 1800 1728 1866 per
1753 1778 2001 1866 pabula
2027 1779 2206 1843 laeta

423 1910 521 1957 365
575 1893 881 1959 derivare
913 1903 1167 1980 queunt
1196 1894 1482 1958 animum
1512 1915 1807 1980 curaque
1833 1893 2093 1958 levare:

572 2032 790 2096 usque
820 2009 994 2074 adeo
1027 2008 1344 2096 quiddam
1374 2011 1720 2097 proprium
1748 2018 2113 2094 notumque
2144 2012 2456 2096 requirit.

576 2133 928 2213 praeterea
956 2126 1168 2191 teneri
1201 2125 1498 2189 tremulis
1530 2147 1679 2189 cum
1707 2125 1987 2189 vocibus
2013 2124 2219 2189 haedi

576 2241 959 2327 cornigeras
987 2249 1242 2305 norunt
1267 2248 1517 2304 matres
1538 2289 1552 2314 ‚
1577 2241 1864 2326 agnique
1893 2240 2142 2326 petulci

575 2355 915 2420 balantum
945 2353 1276 2441 pecudes:
1301 2355 1396 2418 ita
1413 2403 1428 2426 ,
1457 2353 1645 2439 quod
1672 2362 1915 2417 natura
1943 2355 2242 2440 reposcit
2260 2405 2275 2430 ‚

421 2483 518 2530 370
573 2467 662 2535 ad
692 2489 814 2532 sua
845 2469 1127 2552 quisque
1155 2466 1296 2530 fere
1327 2466 1694 2531 decurrunt
1721 2469 1932 2531 ubera
1960 2468 2153 2531 lactis
2173 2517 2186 2530 .

570 2588 914 2670 postremo
947 2579 1235 2665 quodvis
1262 2580 1666 2644 frumentum
1693 2602 1832 2644 non
1860 2594 2086 2644 tamen
2117 2603 2312 2644 omne

513 2758 523 2771 ,
574 2696 820 2781 quique
849 2717 972 2759 suo
1002 2715 1248 2781 genere
1276 2695 1451 2758 inter
1481 2717 1555 2758 se
1583 2694 1791 2758 simile
1822 2715 1970 2758 esse
2000 2694 2262 2759 videbis
2280 2745 2296 2772 ‚

574 2810 735 2896 quin
761 2810 1165 2875 intercurrat
1194 2807 1524 2894 quaedam
1555 2808 1875 2873 distantia
1900 2808 2134 2873 formis
2152 2859 2165 2873 .

574 2925 1113 3011 concharumque
1142 2944 1353 3009 genus
1382 2924 1576 3012 parili
1608 2925 1870 2989 ratione
1897 2923 2203 2987 videmus

419 3057 515 3104 375
569 3042 849 3129 pingere
877 3040 1136 3106 telluris
1165 3040 1485 3125 gremium
1502 3088 1517 3114 ‚
1543 3061 1678 3124 qua
1703 3040 2015 3104 mollibus
2042 3038 2242 3102 undis

570 3155 782 3221 litoris
809 3156 1065 3221 incurvi
1092 3155 1383 3221 bibulam
1411 3156 1599 3241 pavit
1628 3176 1883 3240 aequor
1908 3154 2228 3218 harenam
2246 3204 2260 3216 .

573 3291 780 3355 quare
812 3271 1008 3334 etiam
1038 3277 1241 3353 atque
1273 3270 1469 3333 etiam
1501 3269 1690 3332 simili
1718 3270 1978 3332 ratione
2008 3278 2388 3344 necessest,

570 3393 814 3448 natura
843 3384 1157 3469 quoniam
1187 3390 1500 3447 constant
1526 3402 1747 3466 neque
1773 3380 1956 3444 facta
1982 3402 2181 3445 manu
2210 3392 2369 3447 sunt

570 3498 764 3563 unius
796 3496 884 3562 ad
914 3505 1163 3561 certam
1192 3496 1469 3561 formam
1498 3494 1865 3583 primordia
1892 3517 2147 3573 rerum,

418 3628 514 3677 380
571 3611 867 3677 dissimili
894 3612 1068 3676 inter
1101 3632 1174 3674 se
1206 3610 1535 3696 quaedam
1563 3610 1850 3674 volitare
1877 3610 2092 3695 figura
2111 3661 2125 3674 .

652 3727 977 3792 Perfacile
1009 3733 1114 3791 est
1141 3726 1258 3790 tali
1286 3726 1546 3789 ratione
1580 3725 1928 3789 exsolvere
1957 3725 2153 3791 nobis

570 3862 777 3927 quare
806 3842 1155 3906 fulmineus
1184 3841 1394 3905 multo
1424 3840 1834 3927 penetralior
1861 3841 2032 3926 ignis

570 3977 766 4043 quam
795 3965 1029 4022 noster
1056 3955 1201 4021 fuat
1230 3976 1265 4019 e
1296 3955 1514 4021 taedis
1544 3956 1973 4021 terrestribus
2004 3963 2224 4021 ortus:

571 4269 665 4315 :354
704 4260 947 4315 callidum
986 4264 1006 4333 ΙΙ
1045 4269 1141 4331 356
1180 4264 1418 4336 Nonquit
1456 4265 1476 4334 ΙΙ
1513 4271 1612 4319 359
1649 4265 1908 4320 adsittens
1936 4272 1988 4318 et
2011 4265 2198 4319 revisit
2234 4267 2445 4318 crebra.
2494 4266 2515 4335 ΙΙ
2566 4272 2664 4320 363
2703 4286 2801 4320 su-

569 4347 835 4417 bitamque
882 4346 903 4414 ΙΙ
951 4353 1043 4400 371
1085 4347 1329 4418 quodviis
1376 4350 1397 4417 ΙΙ
1447 4355 1544 4402 372
1585 4348 1828 4420 Quidque
1864 4349 1884 4418 ΙΙ
1922 4354 2016 4401 381
2057 4349 2213 4402 animi
2249 4351 2270 4419 ΙΙ
2310 4356 2407 4403 382
2446 4351 2597 4422 igne.
2637 4351 2658 4420 ΙΙ
2697 4357 2802 4403 383

569 4430 696 4484 fluat
