3042 5192
1333 489 1364 557 Ι
2371 500 2456 568 l·7

220 682 499 748 corpore
530 660 912 724 seiunctum
943 669 1407 748 secretumque
1440 684 1588 727 esse
1620 666 1706 728 ab
1735 667 1947 739 inani,

222 774 402 861 quod
433 777 637 861 quasi
666 777 867 840 tertia
896 776 985 840 sit
1014 797 1290 841 numero
1320 787 1561 843 natura
1590 790 1890 866 reperta.

220 912 363 955 nam
395 890 591 977 quod
623 912 909 977 cumque
940 892 1099 969 erit,
1125 914 1273 957 esse
1306 893 1560 979 aliquid
1591 893 1862 961 debebit
1888 896 1962 961 id
1986 899 2237 984 ipsum;

95 1024 172 1069 ⁴³5
223 1006 319 1068 cui
349 1006 406 1070 si
436 1014 671 1071 tactus
703 1007 831 1070 erit
861 1008 1163 1092 quamvis
1196 1008 1360 1072 levis
1390 1010 1806 1095 exiguusque
1825 1060 1840 1087 ‚

95 1138 171 1184 434
219 1121 517 1207 augmine
549 1121 665 1185 vel
692 1121 932 1207 grandi
959 1122 1068 1186 vel
1097 1144 1309 1208 parvo
1342 1122 1635 1209 denique
1653 1173 1669 1199 ‚
1695 1124 1853 1189 dum
1884 1128 1971 1191 sit
1993 1177 2008 1203 ‚

96 1252 175 1297 436
221 1236 517 1322 corporis
548 1236 828 1321 augebit
854 1258 1197 1301 numerum
1228 1259 1683 1324 summamque
1715 1250 2068 1326 sequetur:

222 1354 315 1416 sin
342 1352 647 1417 intactile
680 1352 839 1427 erit,
860 1351 1043 1416 nulla
1073 1350 1158 1415 (le
1188 1362 1384 1438 parte
1416 1352 1607 1439 quod
1633 1355 1836 1419 ullam

221 1488 351 1531 rem
378 1467 746 1553 prohibere
777 1475 983 1551 queat
1009 1489 1133 1553 per
1162 1488 1234 1531 se
1264 1469 1591 1533 transeire
1618 1479 1946 1535 meantem
1963 1522 1978 1546 ‚

221 1582 492 1657 scilicet,
516 1582 656 1647 hoc
685 1580 758 1644 id
786 1582 941 1657 erit,
962 1603 1245 1646 vacuum
1276 1581 1463 1667 quod
1488 1584 1684 1648 inane
1714 1605 2032 1651 vocamus
2049 1637 2062 1649 .

96 1714 177 1758 με)
228 1705 575 1783 praeterea
603 1718 727 1784 per
756 1719 829 1760 se
860 1696 1048 1782 quod
1078 1719 1362 1783 cumque
1394 1698 1521 1761 erit
1539 1746 1554 1773 ‚
1578 1707 1695 1761 aut
1722 1698 1922 1777 faciet
1953 1701 2117 1785 quid

231 1824 336 1876 aut
363 1813 507 1877 aliis
536 1813 731 1899 fungi
759 1811 1032 1877 debebit
1061 1812 1414 1898 agentibus
1441 1814 1658 1899 ipsum
1674 1862 1690 1889 ,

229 1936 335 1992 aut
363 1929 487 1993 erit
521 1936 603 1992 ut
630 1929 899 2014 possint
926 1929 993 1991 in
1024 1949 1104 1991 eo
1135 1950 1247 1992 res
1278 1948 1427 1992 esse
1456 1928 1763 2014 gerique:

227 2052 291 2106 at
316 2042 535 2108 facere
568 2052 639 2107 et
667 2042 851 2130 fungi
881 2044 1025 2107 sine
1056 2063 1342 2129 corpore
1370 2043 1552 2108 nulla
1580 2052 1811 2130 potest
1839 2067 1976 2119 res,

226 2179 340 2221 nec
370 2159 701 2245 praebere
728 2158 949 2223 locum
975 2181 1182 2246 porro
1213 2159 1342 2223 nisi
1368 2159 1566 2223 inane
1593 2179 2006 2245 vacansque.

107 2289 189 2334 445
228 2295 376 2360 ergo
393 2324 410 2349 ‚
433 2282 707 2361 praeter
735 2274 932 2338 inane
964 2284 1032 2339 et
1063 2294 1385 2362 corpora,
1408 2274 1609 2338 tertia
1636 2294 1759 2360 per
1787 2296 1861 2338 se

227 2388 397 2481 nulia
424 2399 659 2476 potest
687 2410 909 2454 rerum
935 2391 1005 2453 in
1034 2378 1310 2453 numero
1340 2396 1582 2453 natura
1608 2388 1893 2475 relinqui
1910 2439 1926 2465 ‚

229 2524 346 2567 nec
373 2526 547 2589 quae
578 2505 707 2570 sub
736 2526 975 2570 sensus
1007 2503 1210 2570 cadat
1237 2503 1373 2568 ullo
1404 2510 1710 2590 tempore
1739 2512 2044 2582 nostros,

229 2638 344 2681 nec
369 2620 631 2683 ratione
662 2619 858 2685 animi
886 2642 1087 2706 quam
1117 2621 1472 2706 quisquam
1498 2619 1718 2705 possit
1747 2620 1985 2706 apisci.

311 2732 477 2798 Nam
507 2755 686 2821 quae
716 2756 998 2819 cumque
1028 2735 1285 2811 cluent,
1309 2742 1427 2798 aut
1454 2733 1561 2797 his
1591 2735 1949 2798 coniuncta
1977 2733 2240 2800 duabus

98 2861 179 2907 450
233 2847 427 2913 rebus
454 2869 531 2912 ea
558 2849 859 2917 invenies
889 2860 1007 2915 aut
1034 2849 1277 2915 horum
1306 2858 1549 2914 eventa
1575 2847 1865 2913 videbis.

231 2963 643 3028 coniunctum
678 2973 786 3029 est
812 2964 884 3028 id
912 2964 1101 3050 quod
1129 2985 1458 3050 nusquam
1489 2965 1632 3028 sine
1661 2963 2004 3048 perniciali

230 3073 504 3141 discidio
532 3080 712 3165 potis
744 3088 849 3143 est
877 3080 1130 3166 seiungi
1160 3101 1366 3164 seque
1397 3077 1692 3163 gregari3

232 3191 489 3275 pondus
517 3195 616 3258 uti
644 3195 888 3270 saxist‚
912 3195 1097 3259 calor
1123 3194 1325 3280 ignis,
1347 3193 1570 3277 liquor
1599 3190 1796 3274 aquai
1814 3239 1827 3252 .

100 3318 180 3361 ⁴⁵5
229 3308 557 3372 servitium
587 3318 854 3385 contra,
876 3314 1273 3396 paupertas,
1297 3297 1731 3392 divitiaequess

226 3418 517 3500 libertas,
540 3423 786 3488 bellum
800 3474 816 3500 ‚
840 3422 1203 3488 concordia
1219 3470 1235 3497 ‚
1258 3429 1479 3486 cetera
1511 3442 1797 3507 quorum

227 3534 513 3602 advent-u
542 3547 768 3602 manet
793 3537 1141 3602 incolumis
1168 3545 1411 3601 natura
1439 3536 1757 3620 abituque
1772 3584 1788 3609 ‚

224 3647 381 3714 haec
410 3653 589 3717 soliti
620 3674 876 3727 sumus,
899 3660 977 3716 ut
1004 3672 1129 3738 par
1160 3660 1292 3727 est,
1316 3658 1558 3715 eventa
1585 3672 1857 3714 vocare.

226 3774 477 3852 tempus
503 3767 662 3831 item
689 3788 812 3854 per
842 3790 917 3831 se
946 3788 1085 3831 non
1115 3774 1244 3841 est,
1268 3764 1391 3830 sed
1420 3765 1622 3830 rebus
1652 3765 1737 3829 ab
1767 3765 1930 3851 ipsis

92 3889 173 3935 46⁰
222 3881 649 3967 consequitur
677 3903 952 3957 sensus,
975 3889 1389 3946 transactum
1418 3880 1585 3966 quid
1613 3882 1702 3944 sit
1729 3880 1797 3943 in
1826 3901 2023 3955 aev0‚

222 4002 351 4057 tum
380 4017 553 4082 quae
584 4018 693 4060 res
720 3997 958 4071 instet,
983 3995 1147 4081 quid
1176 4002 1381 4081 porro
1413 3994 1660 4059 deinde
1692 4004 2038 4082 sequatur:

219 4289 310 4335 438
337 4294 577 4339 transm-e
600 4288 621 4356 ΙΙ
649 4294 746 4340 442
772 4299 1004 4359 possunt
1038 4290 1058 4359 ΙΙ
1096 4295 1194 4342 449
1221 4290 1396 4343 civent
1433 4292 1453 4359 ΙΙ
1490 4292 1773 4343 coniuncto
1801 4288 2032 4342 duobus.
2069 4289 2089 4357 ΙΙ
2131 4295 2223 4341 451
2248 4288 2443 4359 permi-

217 4365 346 4419 tiali.
381 4370 402 4437 ss
440 4376 538 4421 452
570 4372 843 4440 greagari.
883 4373 905 4441 ΙΙ
940 4378 1037 4425 453
1066 4372 1208 4425 saxis
1233 4376 1253 4441 ΙΙ
1279 4390 1467 4443 equae.
1495 4374 1516 4442 ΙΙ
1545 4381 1642 4426 454
1678 4372 1879 4426 'sactus
1904 4372 2217 4443 corporibus
2237 4371 2442 4424 cunctis

218 4448 436 4505 intactus
466 4453 633 4504 inani.
671 4453 693 4520 ΙΙ
733 4460 829 4506 455
856 4454 1157 4526 divineque.
1196 4456 1216 4523 ΙΙ
1255 4462 1353 4509 458
1391 4466 1582 4510 evento

1998 4551 2037 4613 2
