3042 5192
96 1137 169 1181 485

97 1708 170 1753 490

98 2278 173 2323 495

99 2852 174 2898 500

97 3993 167 4040 510

1279 483 1373 551 ΠΙ

218 662 421 723 etiam
449 667 685 723 cetera
713 655 799 721 de
827 676 1074 742 genere
1101 655 1235 720 hoc
1267 676 1441 741 quae
1462 677 1746 741 cumque
1776 664 2091 723 secuntur
2108 708 2124 734 ,

214 796 319 839 cur
345 796 423 838 ea
450 781 616 839 sunt
633 822 652 850 ‚
671 773 807 838 nisi
839 768 1025 859 quod
1052 791 1326 836 vemens
1354 771 1672 836 violentia
1698 772 1834 837 vini

216 891 607 954 conturbare
637 888 923 952 animam
954 886 1307 951 consuevit
1335 907 1621 972 corpore
1648 888 1718 950 in
1743 886 1893 973 ipso
1912 888 1945 950 Ρ

213 1014 275 1069 at
301 1025 466 1091 quae
496 1023 788 1089 cumque
820 1010 1076 1087 queunt
1103 1001 1493 1067 conturbari
1518 1002 1723 1087 inque
1751 1002 1966 1089 pediri
1985 1053 2000 1079 ‚

213 1119 567 1205 significant
583 1166 599 1192 ‚
622 1117 828 1203 paulo
860 1118 917 1182 si
948 1116 1178 1181 durior
1205 1117 1556 1181 insinuarit

216 1254 398 1297 causa
415 1282 431 1308 ‚
451 1232 602 1297 fore
632 1240 714 1296 ut
740 1239 1025 1317 pereant
1054 1253 1223 1295 aevo
1252 1231 1521 1317 privata
1546 1230 1776 1295 futuro
1796 1281 1810 1294 .

215 1349 359 1434 quin
386 1348 584 1411 etiam
614 1346 843 1412 subito
872 1347 941 1410 vi
967 1345 1183 1411 morbi
1215 1367 1419 1432 saepe
1450 1352 1727 1410 coactus

217 1471 355 1526 ante
384 1462 618 1526 oculos
651 1461 893 1547 aliquis
920 1469 1199 1528 nostros
1217 1509 1233 1538 ‚
1255 1469 1334 1526 ut
1357 1460 1647 1525 fulminis
1674 1462 1814 1525 ictu
1831 1511 1847 1538 ‚

216 1576 485 1642 concidit
515 1585 585 1642 et
615 1597 891 1663 spumas
918 1577 1057 1663 agit
1073 1625 1089 1653 ‚
1108 1575 1387 1662 ingemit
1416 1583 1482 1639 et
1508 1577 1735 1640 tremit
1763 1587 1950 1643 artus
1969 1628 1985 1655 ‚

216 1690 463 1778 desipit,
487 1699 799 1756 extentat
825 1711 1071 1756 nervos
1089 1740 1105 1765 ‚
1125 1697 1487 1775 torquetur
1504 1739 1519 1766 ‚
1541 1690 1818 1756 anhelat

220 1807 662 1872 inconstanter
683 1855 699 1883 ‚
724 1813 794 1870 et
819 1807 890 1870 in
917 1803 1234 1870 iactando
1262 1806 1560 1870 membra
1585 1805 1826 1892 fatigat
1845 1857 1859 1870 .

221 1921 281 1983 ni
304 1922 521 1986 mirum
540 1972 556 1999 ‚
584 1922 748 2009 quia
774 1922 877 1986 vis
906 1921 1122 1985 morbi
1151 1919 1475 1985 distracta
1501 1941 1629 2006 per
1657 1928 1844 1986 artus

220 2036 456 2114 turbat,
478 2059 692 2124 agens
722 2037 1004 2101 animam
1030 2043 1300 2122 spumat
1317 2085 1332 2112 ‚
1357 2036 1550 2120 quasi
1574 2035 1646 2099 in
1674 2058 1969 2123 aequore
2000 2039 2178 2103 salso

219 2159 543 2216 ventorum
571 2151 819 2218 validis
847 2151 1232 2216 fervescunt
1257 2150 1510 2216 viribus
1538 2150 1793 2216 undae.

220 2267 579 2350 exprimitur
606 2289 820 2354 porro
849 2267 1133 2353 gemitus
1149 2315 1165 2343 ,
1189 2267 1344 2352 quia
1366 2265 1666 2330 membra
1694 2266 1929 2333 dolore

218 2364 590 2446 adficiuntur
608 2431 624 2457 ‚
650 2390 722 2446 et
750 2382 1019 2446 omnino
1050 2379 1240 2468 quod
1269 2382 1521 2446 semina
1546 2382 1735 2446 vocis

220 2495 517 2560 eiciuntur
548 2505 617 2560 et
647 2517 768 2561 ore
795 2495 980 2561 foras
1008 2498 1380 2584 glomerata
1405 2495 1715 2560 feruntur

221 2631 337 2694 qua
364 2613 550 2697 quasi
580 2620 997 2676 consuerunt
1025 2620 1094 2676 et
1122 2619 1280 2677 sunt
1305 2612 1560 2676 munita
1585 2611 1716 2676 viai
1734 2663 1747 2676 .

220 2722 586 2812 desipientia
608 2726 694 2791 fit
710 2775 727 2802 ‚
751 2727 1036 2813 quiaxvis
1067 2728 1267 2792 animi
1294 2735 1499 2813 atque
1529 2726 1770 2792 animai

220 2841 635 2906 conturbatur
667 2849 770 2917 et,
791 2850 870 2907 ut
897 2841 1097 2907 docui
1114 2892 1130 2919 ‚
1154 2841 1371 2907 divisa
1398 2863 1702 2907 seorsum
1825 2875 1838 2884 -

176 2949 185 2960 ’
218 2952 580 3021 disiectatur
611 2955 853 3021 eodem
879 2957 993 3022 illo
1026 2956 1353 3023 distracta
1380 2978 1641 3023 veneno
1662 3006 1676 3020 .

216 3067 353 3132 inde
377 3070 489 3135 ubi
514 3072 645 3135 iam
674 3074 893 3138 morbi
920 3072 1181 3137 reflexit
1210 3094 1413 3137 causa
1431 3122 1446 3149 ‚
1469 3071 1779 3157 reditque

214 3182 275 3245 in
297 3183 578 3252 latebras
612 3209 769 3252 acer
799 3189 1096 3274 corrupti
1126 3189 1433 3273 corporis
1459 3208 1656 3251 umor
1673 3234 1689 3260 ‚

214 3303 336 3362 tum
364 3304 547 3386 quasi
574 3303 940 3367 vaccillans
968 3303 1249 3388 primum
1280 3302 1630 3388 consurgit
1660 3310 1727 3365 et
1757 3303 1969 3366 omnis

150 3439 173 3467 ο
214 3415 505 3495 paulatim
532 3416 716 3482 redit
744 3419 813 3481 in
843 3438 1080 3481 sensus
1109 3419 1526 3503 animamque
1555 3423 1857 3503 receptat
1877 3467 1890 3481 .

215 3524 359 3592 haec
386 3533 587 3618 igitur
622 3533 826 3597 tantis
853 3532 970 3596 ubi
995 3533 1247 3597 morbis
1278 3553 1566 3619 corpore
1593 3532 1664 3596 in
1690 3533 1841 3618 ipso

214 3641 519 3712 iactentur
546 3648 943 3732 miserisque
969 3647 1187 3712 modis
1218 3647 1546 3712 distracta
1573 3647 1881 3712 laborent
1900 3698 1915 3722 ‚

214 3777 317 3821 cur
344 3760 575 3826 eadem
608 3761 828 3827 credis
859 3763 1001 3827 sine
1032 3784 1318 3849 corpore
1344 3764 1414 3827 in
1442 3769 1598 3827 aere
1627 3772 1864 3849 aperto

212 3892 342 3937 cum
368 3876 609 3942 validis
638 3877 857 3942 ventis
889 3885 1180 3944 aetatem
1211 3877 1457 3963 degere
1486 3900 1692 3964 posse
1710 3879 1743 3943 Ρ

210 3995 268 4049 et
292 3993 601 4073 quoniam
628 3999 918 4057 mentem
947 3994 1202 4069 sanari,
1227 4015 1475 4079 corpus
1501 4002 1580 4057 ut
1610 4015 1878 4080 aegrum
1897 4043 1912 4068 ‚

211 4106 518 4172 cernimus
551 4114 622 4171 et
649 4106 830 4172 flecti
858 4107 1189 4173 medicina
1218 4129 1421 4194 posse
1451 4107 1756 4174 videmus
1773 4158 1789 4185 ‚

207 4213 267 4277 id
293 4240 558 4306 quoque
587 4224 929 4309 praesagit
955 4225 1304 4289 mortalem
1332 4224 1560 4288 vivere
1587 4238 1874 4290 mentem
1896 4275 1910 4288 .

216 4463 301 4510 482
336 4460 512 4516 Ciu-ba
549 4463 570 4532 ss
608 4471 708 4517 492
748 4484 849 4535 qua
887 4468 908 4539 ΙΙ
945 4473 1043 4521 493
1085 4486 1340 4540 spumans
1375 4470 1428 4522 in
1467 4468 1488 4539 ΙΙ
1527 4475 1624 4521 497
1663 4468 1962 4522 Eliciuntur

2336 488 2427 555 95
