3042 5192
87 878 172 924 630

87 1449 174 1495 635

86 1565 173 1610 6³7

88 1908 181 1955 540

90 2480 178 2526 645

91 3054 178 3098 650

1333 456 1396 524 ΙΙ
2384 463 2469 531 61

223 630 511 695 floribus
538 629 941 694 umbrantes
966 636 1246 693 matrem
1275 630 1719 715 comitumque
1751 640 2055 697 catervas
2074 682 2088 697 .

224 745 333 809 hic
365 752 639 809 armata
665 764 906 808 manus
925 793 941 819 ‚
967 743 1247 809 Curetas
1274 745 1546 809 nomine
1576 743 1738 809 Grai

223 882 401 946 quos
432 866 815 924 memorant
840 857 1176 945 Phrygios
1194 908 1211 935 ‚
1232 861 1408 924 inter
1436 881 1510 924 se
1538 860 1715 925 forte
1746 861 1932 947 quod
1962 864 2159 927 armis

222 974 479 1040 ludunt
506 975 578 1038 in
603 995 1087 1058 numerumque
1118 974 1425 1039 exultant
1453 976 1945 1061 sanguinolenti
1963 1028 1978 1054 ‚

226 1089 564 1154 terrificas
592 1089 888 1177 capitum
916 1089 1294 1173 quatientes
1322 1090 1608 1154 momine
1638 1092 1878 1156 cristas
1897 1142 1913 1170 ,

224 1205 561 1269 Dictaeos
588 1203 893 1268 referunt
921 1203 1200 1269 Curetas
1218 1254 1235 1281 ‚
1259 1204 1371 1289 qui
1399 1204 1581 1269 Iovis
1608 1204 1794 1269 illum

226 1321 533 1406 vagitum
559 1320 631 1383 in
662 1317 864 1383 Creta
892 1318 1231 1404 quondam
1260 1319 1637 1383 occultasse
1664 1318 1970 1385 feruntur
1988 1371 2002 1395 ‚

227 1456 381 1498 cum
412 1435 613 1523 pueri
643 1434 891 1497 circum
917 1454 1197 1521 puerum
1224 1434 1498 1520 pernice
1528 1433 1779 1499 chorea

227 1550 513 1613 armatei
540 1550 609 1613 in
636 1570 985 1613 numerum
1012 1548 1367 1637 pulsarent
1394 1548 1660 1613 aeribus
1690 1570 1849 1614 aera
1866 1599 1881 1625 ‚

229 1685 316 1727 ne
348 1663 691 1728 Saturnus
722 1684 872 1727 eum
898 1662 1088 1728 malis
1116 1660 1469 1727 mandaret
1498 1660 1789 1750 adeptus

233 1786 719 1863 aeternumque
751 1776 945 1842 daret
970 1779 1167 1842 matri
1195 1777 1322 1841 sub
1348 1784 1629 1864 pectore
1663 1779 1904 1843 volnus
1924 1828 1938 1842 .

232 1900 599 1980 propterea
626 1912 934 1979 magnam
961 1892 1195 1955 armati
1220 1899 1501 1956 matrem
1533 1893 1937 1958 comitantur
1955 1944 1971 1969 ‚

234 2016 353 2071 aut
383 2008 543 2091 quia
572 2006 950 2092 significant
978 2004 1200 2070 divam
1227 2005 1622 2094 praedicere
1650 2015 1728 2071 ut
1756 2009 1956 2072 armis

237 2144 315 2186 ac
340 2122 596 2185 virtute
626 2121 836 2187 velint
862 2121 1142 2209 patriam
1173 2120 1536 2185 defendere
1567 2128 1813 2186 terram
1832 2172 1848 2198 ‚

232 2235 710 2323 praesidioque
737 2244 980 2324 parent
1009 2235 1373 2322 decorique
1400 2236 1793 2322 parentibus
1824 2258 2005 2301 esse.

234 2372 405 2436 quae
434 2348 621 2414 bene'
643 2359 713 2415 et
741 2351 974 2415 eximie
1005 2351 1305 2436 quamvis
1336 2350 1645 2437 disposta
1672 2349 1977 2417 ferantur
1995 2402 2011 2427 ‚

232 2464 427 2551 longe
457 2474 621 2530 sunt
649 2472 873 2529 tamen
902 2487 942 2530 a
969 2487 1130 2530 vera
1158 2466 1420 2530 ratione
1448 2466 1721 2553 repulsa
1738 2516 1751 2530 .

233 2580 445 2645 omnis
478 2580 653 2643 enim
680 2601 804 2668 per
833 2601 906 2644 se
937 2578 1166 2645 divom
1192 2589 1436 2646 natura
1462 2590 1810 2645 necessest

234 2694 573 2760 inmortali
601 2716 771 2759 aevo
803 2716 1056 2760 summa
1084 2717 1233 2760 cum
1261 2717 1430 2784 pace
1457 2695 1721 2761 fruatur

236 2820 493 2875 semota
522 2811 608 2874 ab
637 2810 890 2874 nostris
918 2809 1119 2875 rebus
1150 2811 1585 2896 seiunctaque
1615 2810 1846 2898 longe:

228 2945 383 2988 nam
410 2925 679 3011 privata
707 2923 944 2989 dolore
975 2926 1156 2989 omni
1174 2975 1188 3002 ,
1211 2926 1479 3013 privata
1504 2925 1773 3012 periclis
1793 2975 1809 3002 ‚

232 3039 383 3125 ipsa
415 3039 553 3103 suis
579 3039 845 3128 pollens
875 3039 1116 3128 opibus
1133 3089 1149 3115 ‚
1176 3041 1269 3104 nil
1295 3039 1526 3127 indiga
1552 3041 1803 3117 nostri,

236 3174 355 3217 nec
385 3155 558 3247 bene
586 3154 970 3242 promeritis
1001 3155 1260 3242 capitur
1289 3176 1510 3241 neque
1540 3155 1839 3240 tangitur
1866 3155 1996 3220 ira.

236 3276 411 3333 terra
442 3267 716 3355 quidem
750 3291 914 3333 vero
946 3277 1132 3334 caret
1161 3271 1338 3334 omni
1364 3278 1672 3357 tempore
1703 3291 1905 3334 sensu
1922 3320 1938 3345 ‚

236 3392 297 3446 et
326 3385 485 3469 quia
512 3383 868 3449 multarum
895 3385 1152 3472 potitur
1181 3384 1549 3471 primordia
1574 3406 1796 3450 rerum
1813 3433 1830 3460 ‚

229 3498 432 3563 multa
458 3497 682 3563 modis
710 3499 933 3562 multis
965 3499 1157 3564 effert
1183 3500 1252 3563 in
1279 3500 1527 3565 lumina
1555 3500 1715 3565 solis
1734 3548 1748 3562 .

121 3628 178 3673 55
230 3613 333 3678 hic
360 3613 575 3699 siquis
602 3635 785 3678 mare
813 3613 1202 3701 Neptunum
1235 3615 1679 3701 Cereremque
1707 3637 1952 3680 vocare

231 3729 583 3794 constituit
608 3726 838 3815 fruges
869 3738 939 3794 et
965 3729 1216 3795 Bacchi
1242 3731 1510 3794 nomine
1541 3731 1726 3795 abuti

228 3843 477 3908 mavolt
505 3864 704 3928 quam
733 3844 950 3908 laticis
979 3845 1324 3934 proprium
1350 3844 1657 3932 proferre
1684 3867 2006 3911 vocamen
2025 3895 2040 3919 ‚

226 3956 675 4022 concedamus
703 3967 783 4023 ut
811 3958 921 4022 hic
950 3968 1279 4024 terrarum
1314 3959 1579 4025 dictitet
1608 3962 1840 4024 orbem

224 4094 365 4138 esse
396 4071 600 4137 deum
629 4080 908 4138 matrem
928 4123 944 4150 ‚
966 4072 1126 4138 dum
1154 4095 1317 4140 vera
1343 4096 1417 4139 re
1448 4082 1672 4140 tamen
1701 4075 1848 4163 ipse

482 4272 621 4279 —-—..

227 4352 320 4401 628
355 4354 601 4401 caterva.
655 4348 677 4415 ΙΙ
732 4353 832 4401 630
869 4349 1008 4403 forte
1032 4356 1301 4404 catervas.
1348 4350 1370 4420 ΙΙ
1423 4355 1518 4404 631
1561 4351 1820 4421 sanguine
1855 4350 1993 4402 fieti.
2043 4351 2064 4420 ΙΙ
2112 4355 2209 4401 632
2246 4349 2460 4402 nm'ninc

228 4434 319 4482 636
352 4433 547 4485 Armat
572 4438 625 4484 et
650 4430 704 4484 in
726 4449 1001 4488 numerum
1026 4435 1243 4505 pernice
1266 4435 1482 4489 chorea.
1520 4434 1542 4504 ΙΙ
1580 4440 1678 4487 637
1705 4434 1899 4489 Armat
1936 4435 1957 4504 ΙΙ
1993 4438 2091 4485 656
2119 4432 2426 4487 Constituet
