3042 5192
615 455 704 522 46
1694 454 1756 521 11

610 629 888 715 ipsaque
921 625 1195 691 deducit
1223 624 1363 689 dux
1390 626 1568 690 vitae
1600 624 1711 690 dia
1740 627 2052 714 voluptas

611 753 680 806 et
707 764 816 806 res
845 763 967 829 per
995 741 1280 806 Veneris
1310 741 1651 805 blanditur
1682 742 1903 806 saecla
1930 752 2344 831 propagent,

607 878 693 920 ne
723 878 934 942 genus
965 855 1232 920 occidat
1257 856 1616 920 humanum
1637 905 1651 919 .
1678 878 1963 941 quorum
1995 858 2217 920 onmia
2245 878 2448 921 causa
2517 898 2520 903 -

464 989 558 1035 175
617 951 1043 1036 constituisse
1075 970 1242 1036 deos
1273 993 1422 1035 cum
1449 970 1745 1056 fingunt,
1768 972 2054 1037 omnibu'
2084 973 2286 1037 rebus

608 1107 851 1171 magno
883 1107 1088 1172 opere
1118 1107 1159 1149 a
1187 1106 1350 1149 vera
1377 1086 1548 1172 lapsi
1575 1087 1837 1149 ratione
1865 1086 2181 1151 videntur
2201 1136 2215 1150 .

610 1222 763 1265 nam
794 1200 1096 1285 quamvis
1124 1221 1347 1264 rerum
1374 1201 1673 1286 ignorem
1701 1200 2069 1288 primordia
2099 1223 2272 1286 quae
2303 1204 2437 1266 sint
2455 1253 2469 1273 ,

609 1316 743 1379 1100
771 1323 995 1379 tamen
1026 1337 1110 1378 ex
1137 1315 1301 1402 ipsis
1331 1316 1497 1379 caeli
1524 1315 1897 1380 rationibus
1928 1317 2138 1381 ausim

614 1431 1007 1494 confirmare
1039 1429 1313 1514 aliisque
1344 1452 1427 1494 ex
1454 1430 1658 1494 rebus
1687 1429 1973 1495 reddere
2001 1432 2224 1496 multis
2243 1480 2258 1503 ‚

462 1562 556 1609 180
616 1546 1042 1631 nequaquam
1070 1544 1267 1609 nobis
1299 1543 1618 1610 divinitus
1649 1566 1799 1609 esse
1829 1556 2120 1611 creatam

613 1668 919 1723 naturam
946 1658 1209 1722 mundi:
1235 1667 1422 1724 tanta
1451 1667 1591 1724 stat
1617 1659 1925 1746 praedita
1953 1660 2181 1747 eulpa.

613 1796 786 1860 quae
816 1775 936 1839 tibi
962 1774 1301 1862 posterius
1319 1823 1335 1849 ‚
1357 1774 1625 1838 Memmi
1643 1823 1659 1851 ‚
1680 1774 1996 1840 faciemus
2026 1782 2293 1862 aperta:

612 1911 791 1953 nunc
820 1887 890 1952 id
921 1888 1107 1975 quod
1137 1910 1341 1976 super
1371 1896 1476 1953 est
1505 1888 1591 1954 de
1621 1891 1913 1955 motibus
1944 1889 2378 1977 expediemus
2397 1891 2454 1973 ,1

697 2004 894 2069 Ν11110
921 2005 1112 2069 loeus
1145 2012 1251 2069 est
1269 2052 1284 2081 ‚
1305 2011 1384 2068 ut
1412 2005 1655 2091 opinor
1675 2054 1689 2080 ‚
1709 2006 1778 2069 in
1807 2005 1911 2071 his
1940 2004 2106 2069 illud
2135 2026 2405 2090 quoque
2435 2004 2639 2069 rebus

463 2134 555 2181 185
613 2119 1006 2184 confirmare
1037 2120 1188 2195 tibi,
1209 2119 1458 2183 nullam
1486 2141 1629 2184 rem
1657 2143 1861 2208 posse
1891 2142 2014 2186 sua
2042 2121 2109 2184 vi

613 2255 1008 2321 corpoream
1037 2256 1301 2299 sursum
1329 2234 1490 2300 ferri
1520 2257 1921 2321 sursumque
1950 2258 2208 2305 meare:

609 2370 695 2412 ne
726 2350 845 2414 tibi
876 2349 1042 2414 dent
1070 2351 1139 2414 in
1171 2371 1250 2414 eo
1280 2349 1690 2416 flammarum
1721 2373 2010 2439 corpora
2037 2350 2343 2416 fraudem
2363 2400 2377 2413 .

618 2486 849 2529 sursus
881 2465 1051 2528 enim
1081 2488 1319 2530 versus
1349 2467 1711 2552 gignuntur
1741 2476 1809 2531 et
1839 2467 2145 2552 augmina
2173 2478 2446 2529 sumunt

613 2587 682 2643 et
711 2601 973 2644 sursum
1002 2580 1253 2645 nitidae
1282 2580 1513 2667 fruges
1545 2582 1955 2665 arbustaque
1987 2590 2301 2643 crescunt
2319 2627 2335 2653 ‚

462 2709 556 2758 190
612 2693 948 2780 pondera,
973 2704 1295 2780 quantum
1323 2697 1392 2759 in
1420 2717 1494 2759 se
1527 2704 1663 2771 est,
1687 2716 1835 2758 011111
1866 2694 2178 2759 deorsum
2209 2703 2451 2757 cuncta
2481 2693 2793 2757 serantur
2812 2743 2826 2761 .

613 2830 738 2872 1100
769 2830 919 2872 011111
948 2809 1302 2873 subsiliunt
1329 2810 1517 2895 ignes
1548 2809 1636 2873 ad
1667 2818 1847 2874 tecta
1877 2808 2227 2874 domorum

616 2932 683 2989 et
713 2923 911 2988 celeri
938 2923 1200 2987 flamma
1239 2922 1606 3010 degustant
1632 2926 1820 3012 tigna
1847 2926 2209 3010 trabesque
2230 2974 2246 2997 ‚

614 3047 857 3127 sponte
892 3061 1012 3103 sua
1042 3038 1263 3104 facere
1289 3038 1362 3103 id
1390 3040 1534 3104 sine
1561 3041 1631 3105 vi
1658 3042 2006 3127 subigente
2035 3037 2409 3128 putandum
2439 3047 2573 3101 est.

619 3153 804 3239 quod
832 3176 1044 3240 genus
1076 3162 1212 3229 est,
1233 3164 1471 3219 nostro
1505 3179 1652 3220 00111
1683 3158 1922 3220 missus
1952 3176 2236 3240 corpore
2268 3154 2537 3238 sanguis

465 3286 558 3333 195
614 3270 852 3335 emieat
881 3271 1188 3334 exultans
1218 3272 1350 3335 alte
1382 3273 1771 3357 spargitque
1803 3290 2136 3332 cruorem.

616 3405 839 3447 nonne
867 3382 1057 3448 vides
1090 3385 1286 3448 etiam
1317 3395 1571 3469 quanta
1596 3386 1663 3447 vi
1693 3385 1878 3467 tigna
1906 3383 2267 3466 trabesque

615 3506 895 3586 respuat
922 3521 1115 3563 umor
1145 3520 1357 3584 aquae
1376 3498 1408 3560 P
1430 3519 1585 3561 nam
1616 3519 1751 3582 quo
1782 3498 1990 3582 magis
2021 3497 2307 3561 ursimus
2338 3498 2469 3560 alt(=

618 3613 879 3678 deiecta
909 3623 976 3678 et
1005 3634 1244 3699 magna
1272 3613 1339 3676 vi
1367 3606 1557 3676 inulti
1585 3612 1949 3699 pressimus
1993 3633 2193 3699 aegre
2212 3661 2227 3688 ,

619 3737 755 3792 tam
785 3728 1025 3815 cupide
1057 3749 1320 3791 sursum
1348 3727 1632 3792 revomit
1659 3728 1868 3813 magis
1898 3734 2102 3813 atque
2131 3727 2437 3797 remittit,

465 3859 562 3906 200
620 3844 773 3929 plus
804 3852 880 3907 ut
908 3850 1102 3928 parte
1132 3841 1316 3906 foras
1348 3852 1692 3928 emergant
1719 3844 2121 3929 exiliantque
2141 3892 2154 3906 .

619 3978 744 4019 neo
774 3966 995 4021 tamen
1024 3956 1191 4020 haec
1210 4007 1225 4033 ‚
1249 3966 1571 4043 quantum
1601 3965 1707 4023 est
1733 3960 1801 4023 in
1832 3981 1904 4023 se
1924 4007 1939 4035 ‚
1963 3958 2344 4023 dubitamus
2361 4005 2378 4031 ,
2410 3957 2650 4043 opinor
2669 4006 2683 4030 ‚

621 4072 781 4156 quin
809 4092 1089 4136 vacuum
1121 4093 1242 4158 per
1271 4072 1463 4136 inane
1494 4072 1808 4139 deorsum
1838 4084 2084 4138 cuneta
2112 4073 2411 4136 serantur
2432 4121 2445 4135 .

635 4351 723 4399 181
765 4362 1075 4417 quamquam
1090 4348 1315 4420 'predita
1351 4352 1372 4419 ΙΙ
1414 4358 1507 4404 184
1547 4367 1754 4421 quoque
1792 4348 1919 4402 illud
1964 4350 1985 4417 ΙΙ
2039 4355 2131 4402 192
2169 4352 2322 4420 signa
2361 4351 2381 4419 ΙΙ
2424 4354 2515 4402 193
2553 4349 2792 4403 subiecta
2831 4350 2850 4416 ΙΙ

635 4434 728 4483 194
768 4446 797 4481 0
832 4430 852 4498 ΙΙ
896 4437 986 4489 197
1025 4431 1159 4486 altu.
1197 4434 1218 4501 ΙΙ
1260 4440 1354 4487 198
1390 4435 1620 4489 Derecta
1658 4434 1679 4503 ΙΙ
1720 4439 1814 4486 199
1852 4441 2086 4499 removet
2128 4435 2147 4502 ΙΙ
2184 4441 2281 4487 200
2320 4433 2667 4504 cxillantque.
