3042 5192
1300 468 1363 535 ΙΙ
2349 479 2434 547 91

209 636 417 700 semel
446 643 687 701 contra
716 657 905 702 suam
935 648 1445 726 ceterorumque
1485 643 2041 710 consuetudinem
2081 650 2261 734 qua-ri
2284 671 2442 734 pro-

208 733 488 798 duxisse
519 782 535 810 ‚
581 735 697 819 qui
721 734 793 798 in
820 734 1023 810 v‚729
1049 737 1356 803 maluerit
1384 741 1681 806 scribere
1709 742 1978 808 Roinde
2005 747 2184 831 quasi
2209 748 2444 836 idfieri

206 843 472 920 nequeat
486 881 500 896 .
532 833 781 917 alioqui
808 854 947 897 non
974 834 1214 921 ignoro
1243 837 1313 902 in
1342 839 1574 904 tabula
1599 838 1888 905 Bantina
1917 848 1986 905 et
2010 842 2080 907 in
2105 843 2254 930 lege
2285 845 2468 920 Ser-z

204 930 365 994 vilia
405 931 734 1016 scriptum
775 952 926 996 esse
963 936 1175 1019 quasei
1211 936 1300 1000 sei
1321 984 1340 1016 ‚
1370 936 1531 1001 item
1569 938 1640 1001 in
1680 937 1827 1024 lege
1855 940 2014 1026 pagi
2038 939 2442 1008 Herculanei

204 1039 333 1092 tam
373 1029 592 1115 qua-sei
631 1031 721 1093 sei
743 1077 763 1110 ,
800 1029 870 1092 in
910 1038 1184 1096 senatus
1225 1035 1535 1100 consulto
1580 1034 1666 1099 de
1694 1035 2225 1106 Bacchanalibus
2266 1050 2334 1106 et
2371 1043 2441 1107 in

205 1125 353 1190 aliis
394 1128 857 1192 instrumentis
897 1129 1182 1213 publicis
1222 1132 1379 1195 nisei
1399 1181 1419 1214 ,
1465 1133 1654 1219 quod
1681 1134 1750 1197 in
1778 1133 2141 1201 Frontonis
2169 1159 2441 1225 quoque

206 1223 448 1288 codice
497 1225 838 1290 inventum
888 1233 997 1291 est
1043 1250 1106 1313 p.
1129 1227 1245 1291 127
1290 1228 1632 1296 Romanae
1683 1231 1994 1299 editionis
2025 1284 2040 1298 .
2093 1257 2302 1321 quare
2354 1237 2440 1302 de

205 1321 452 1387 Plauto
492 1344 632 1387 non
672 1322 1020 1389 intercedo
1066 1346 1201 1410 quo
1231 1327 1447 1394 minus
1475 1330 1648 1395 haec
1675 1331 2007 1396 vocabula
2031 1333 2439 1418 produxisse

207 1423 626 1487 existimetur
644 1472 658 1486 .
686 1424 759 1487 in
784 1423 1085 1489 Poenulo
1117 1448 1165 1502 1,
1178 1425 1237 1503 2,
1250 1426 1332 1491 32
1362 1427 1590 1510 Soror,
1632 1431 1858 1514 coqo'ta,
1890 1431 2139 1513 amabo,
2165 1434 2308 1498 item
2332 1457 2442 1499 nos

194 1520 518 1605 perhiberi
539 1570 560 1602 ,
608 1522 802 1602 Quasi
826 1523 995 1587 salsa
1019 1526 1351 1590 muriatica
1388 1549 1513 1591 esse
1554 1538 1951 1592 summantur
1978 1527 2126 1594 Sine
2161 1533 2327 1594 omni
2353 1533 2438 1597 le-

194 1641 356 1704 pore
383 1630 441 1682 et
464 1620 595 1683 sine
620 1621 911 1685 suavitate
938 1669 954 1697 ‚
992 1622 1140 1686 Nisi
1164 1623 1359 1688 multa
1385 1646 1554 1710 aqua
1579 1647 1771 1712 usque
1797 1635 1855 1691 et
1879 1626 1988 1691 diu
2011 1641 2436 1695 macerantur.

209 1716 333 1780 112
372 1716 635 1802 Opsecro
674 1718 913 1793 hercle,
966 1731 1037 1784 ut
1067 1722 1271 1785 mulsa
1312 1722 1633 1808 loquitur!
1672 1724 1769 1788 nil
1802 1725 1928 1788 nisi
1963 1726 2286 1791 laterculos
2312 1777 2326 1791 .
2369 1729 2440 1792 in

204 1814 456 1878 Casina
484 1837 583 1891 111,
597 1816 655 1892 5,
670 1815 752 1879 56
781 1818 928 1882 Nisi
953 1841 1018 1881 se
1043 1819 1200 1882 sciat
1220 1820 1399 1883 vilico
1425 1842 1549 1884 non
1576 1820 1787 1885 datvm
1810 1822 1896 1885 iri
1912 1870 1926 1885 .
1952 1830 2247 1889 ceterum
2272 1825 2440 1889 illud

202 1936 401 1999 quase
422 1961 444 1993 ,
499 1912 687 1997 quod
739 1913 1185 1993 Quintilianus
1238 1915 1448 1981 instit.
1481 1940 1528 1993 1,
1542 1918 1600 1993 7,
1615 1917 1698 1983 24
1737 1919 1810 1983 in
1849 1921 2207 1986 multorum
2252 1923 2439 1989 libris

202 2010 533 2098 scriptum
573 2031 724 2075 esse
769 2010 930 2076 dicit
958 2061 974 2088 ,
1010 2011 1305 2078 fortasse
1346 2013 1416 2078 in
1454 2014 1591 2079 hoc
1631 2024 1871 2082 nostro
1909 2017 2062 2083 loco
2102 2027 2303 2084 tenue
2335 2023 2439 2085 sui

201 2108 562 2194 vestigium
587 2109 858 2195 reliquit
886 2159 900 2173 .
947 2119 1129 2176 certe
1154 2111 1225 2175 in
1254 2111 1488 2176 Sticho
1518 2113 1741 2178 Plauti
1770 2137 1832 2192 V,
1851 2116 1959 2192 1‚8
1986 2141 2113 2204 qua
2138 2141 2319 2183 senex
2346 2131 2437 2184 ta-

199 2206 390 2271 boeca‘t
414 2207 544 2271 dies
568 2208 667 2272 ita
705 2208 1227 2296 intellegendum
1267 2218 1374 2274 est
1403 2258 1419 2286 ‚
1461 2234 1650 2298 quase
1687 2213 1799 2275 nix
1828 2261 1843 2275 .
1883 2213 1955 2277 in
1982 2213 2318 2279 Varronis
2350 2215 2436 2280 de

198 2304 431 2390 lingua
459 2304 703 2370 Latina
727 2308 900 2372 libro
930 2331 1029 2372 vu
1058 2331 1122 2395 p.
1138 2309 1262 2373 356
1293 2358 1308 2385 ‚
1352 2309 1467 2372 ubi
1507 2316 1615 2374 est
1650 2332 1808 2396 quae
1831 2356 1851 2389 ‚
1887 2310 2315 2376 scribendum
2339 2314 2437 2377 vi-

200 2402 407 2468 detur
433 2428 627 2491 quase
647 2454 666 2485 ,
706 2405 842 2470 hoc
866 2406 1072 2471 modo
1097 2456 1113 2484 ‚
1142 2408 1337 2472 Iubar
1363 2407 1587 2472 dicitur
1611 2407 1787 2472 stella
1815 2407 2077 2497 Lucifer
2096 2456 2115 2490 ,
2159 2433 2344 2497 quase
2370 2413 2437 2475 in

196 2524 437 2567 smnmo
458 2503 626 2589 quod
650 2503 829 2568 habet
853 2506 1060 2568 lumen
1079 2505 1367 2593 daffusmn
1392 2516 1462 2569 ut
1486 2507 1579 2570 leo
1607 2506 1675 2568 in
1702 2507 1898 2590 capite
1922 2507 2160 2572 iubam.
2188 2509 2260 2572 in
2288 2510 2436 2596 lege

198 2599 461 2665 Rubria
489 2624 533 2676 1,
544 2601 625 2665 47
651 2604 783 2666 nise
807 2603 919 2667 ici.

368 2698 513 2764 294.
556 2698 725 2764 Nnc
767 2722 1113 2765 sauram-A
1154 2722 1397 2766 rums
1438 2724 1760 2766 run-run
1808 2724 2029 2777 Quam
2070 2726 2435 2771 nra-rama

198 2797 504 2861 Corui.
533 2797 859 2863 Marullus
888 2820 1073 2863 run:
1099 2821 1395 2886 umquam
1419 2801 1733 2864 materiai.

368 2895 514 2959 301.
558 2918 652 2959 n‘r
706 2918 1109 2960 63366331·
1159 2918 1416 2972 vmuo
1466 2919 1919 2961 VALEBUNT.
1970 2896 2124 2962 Itali
2167 2908 2237 2964 et
2280 2902 2435 2966 olim

194 2994 515 3080 impressi
552 3016 636 3058 vl
652 3016 797 3070 Qus·
839 2995 1124 3059 valebunt
1143 3043 1157 3058 .
1204 2994 1532 3059 Marullus
1587 2994 1703 3058 vix
1749 2993 1989 3058 Latine
2032 2997 2219 3083 inque
2269 3000 2433 3063 vale-

192 3095 347 3158 bunt
374 3120 399 3157 .·
435 3115 593 3157 nam
622 3115 796 3179 quae
823 3095 1359 3182 praepositiones
1386 3098 1669 3168 ‚auctum
1701 3099 1771 3156 et
1795 3092 2276 3157 incrementum
2303 3095 2433 3180 sig-

191 3192 480 3256 nificant
498 3242 513 3269 ,
539 3201 619 3257 ut
648 3217 761 3258 con
789 3218 822 3258 e
847 3195 915 3257 in
940 3217 1044 3273 re,
1088 3214 1207 3258 eae
1235 3191 1581 3258 valescendi
1608 3191 1818 3254 verbo
1849 3197 2047 3278 aptae
2078 3199 2267 3269 sunt,
2296 3215 2434 3258 non

194 3292 493 3371 valendi,
517 3293 883 3377 praevalere
912 3299 1131 3356 autem
1163 3298 1233 3355 et
1247 3291 1708 3378 praevalescere
1735 3289 1911 3353 inter
1940 3310 2014 3354 66
2045 3288 2392 3356 differunt.

367 3389 515 3453 304.
557 3389 743 3453 ΝΛΜ
788 3411 1054 3465 iesous
1108 3412 1259 3466 Quo
1313 3410 1603 3453 Possu-
1656 3409 1909 3452 63336
1965 3411 2228 3454 umam
2278 3413 2433 3454 MA·

188 3510 451 3552 rann
496 3485 940 3552 Errtronas
986 3510 1085 3552 33
1132 3510 1335 3552 omn
1378 3508 1806 3564 qumquam
1847 3508 2025 3562 EST,
2054 3509 2318 3563 33633
2349 3512 2434 3554 13

189 3608 470 3651 63336
516 3584 744 3650 11333
803 3608 1121 3650 coosrA
1168 3607 1435 3662 Quali-r
1494 3606 1704 3649 nova
1746 3606 1883 3648 V1s
1935 3607 2431 3650 1331133333.

186 3683 411 3749 Medii
451 3705 693 3749 versus
738 3692 1100 3749 extremam
1140 3691 1401 3771 partem
1443 3684 1702 3770 perisse
1746 3688 2028 3770 apparet
2054 3731 2071 3758 ‚
2117 3704 2289 3767 quae
2319 3705 2434 3771 ap-

188 3784 459 3848 tissime
505 3782 803 3869 suppleri
844 3789 1078 3867 potest
1116 3783 1188 3846 in
1215 3781 1397 3846 hunc
1423 3778 1697 3845 modum
1726 3827 1743 3855 ,
1785 3802 1981 3866 neque
2005 3780 2074 3844 in
2100 3802 2275 3844 omne
2303 3802 2388 3843 63
2407 3817 2434 3829 -

188 3904 286 3945 on
302 3905 343 3947 s
356 3903 407 3944 ὀ
422 3903 472 3944 ιι
506 3880 676 3944 Unde
704 3892 913 3945 coorta
941 3891 1125 3967 queat
1146 3903 1304 3945 nova
1330 3880 1421 3944 vis
1446 3881 1798 3963 inrmrmere
1824 3926 1837 3940 .
1880 3878 2210 3942 Antonius
2239 3876 2436 3942 Marii

186 4003 397 4068 neque
422 4003 643 4043 rursu-s·
684 3980 751 4042 in
793 4002 997 4043 omnes
1024 4027 1044 4060 ‚
1073 3977 1487 4043 Veronensis
1518 3975 1726 4040 editio
1761 3997 1956 4063 neque
1984 3976 2189 4061 partis
2213 3976 2281 4039 in
2308 4000 2435 4042 om·

186 4102 322 4159 nes,
356 4076 694 4141 Marullus
712 4124 728 4153 ‚
759 4098 958 4162 quem
987 4077 1197 4142 ceteri
1225 4075 1439 4142 secuti
1466 4081 1626 4139 sunt
1642 4123 1659 4149 ‚
1685 4096 1882 4161 neque
1906 4096 2124 4138 morsus
2150 4076 2218 4138 in
2245 4097 2436 4139 omne.

364 4175 512 4239 313.
563 4197 703 4239 um
758 4197 1005 4240 13633
1058 4174 1434 4240 0333333
1486 4196 1632 4237 uu
1683 4192 2061 4247 unoussas
2093 4221 2110 4247 ‚
2171 4194 2436 4236 morus

187 4296 349 4350 Quo
370 4294 529 4348 Qun
559 4294 979 4338 36333333
1008 4296 1353 4338 333333.
1380 4270 1688 4337 Gifanius
1714 4270 1820 4335 ubi
1849 4291 2062 4334 11²sA.
2088 4289 2435 4333 6333333

185 4371 533 4437 Marullus
554 4420 568 4435 .
