3042 5192
1349 489 1412 558 Π

244 672 600 750 praeterea
632 672 914 728 cunctas
942 662 1173 728 itidem
1202 684 1312 728 res
1339 673 1608 730 vertere
1638 686 1787 730 sese
1807 716 1821 730 .

104 796 191 841 875
240 786 519 844 vertunt
548 800 626 843 se
654 776 838 843 fluvii
866 776 1145 842 frondes
1176 786 1246 844 et
1273 780 1520 865 pabula
1548 780 1727 846 laeta

242 894 305 958 in
333 893 642 979 pecudes
659 943 675 970 ‚
695 901 971 958 vertunt
998 892 1296 979 pecudes
1323 895 1394 958 in
1423 917 1715 981 corpora
1739 905 1978 963 nostra

243 1018 552 1074 naturam
569 1057 586 1085 ‚
612 1017 683 1073 et
710 1016 948 1073 nostro
979 1006 1065 1071 de
1094 1030 1385 1094 corpore
1415 1031 1618 1096 saepe
1646 1009 1942 1076 ferarum

242 1132 617 1210 augescunt
644 1124 823 1188 vires
853 1130 923 1188 et
953 1144 1243 1208 corpora
1271 1125 1829 1210 pennipotentum
1849 1177 1862 1190 .

241 1260 400 1325 ergo
433 1259 673 1303 omnes
700 1246 944 1303 natura
971 1237 1160 1303 cibos
1187 1238 1256 1302 in
1285 1261 1577 1324 corpora
1603 1241 1758 1305 viva

105 1370 195 1417 880
242 1354 448 1418 vertit
479 1361 551 1418 et
575 1353 737 1417 hinc
766 1374 1005 1418 sensus
1033 1354 1438 1419 animantum
1466 1365 1785 1440 procreat
1813 1378 2043 1424 omnes
2062 1408 2077 1435 ‚

237 1489 372 1532 non
401 1468 537 1532 alia
564 1468 765 1554 longe
793 1468 1053 1533 ratione
1082 1468 1306 1556 adque
1336 1467 1528 1533 arida
1554 1467 1734 1556 lig'na

240 1582 579 1670 explicat
561 1606 632 1646 m
658 1580 957 1647 flammas
988 1592 1057 1648 et
1082 1584 1153 1648 in
1180 1584 1353 1671 ignis
1383 1584 1608 1649 omnia
1631 1593 1894 1652 versat.

238 1698 453 1761 iamne
482 1696 680 1763 vides
708 1698 911 1784 igitur
937 1700 1161 1785 magni
1189 1697 1558 1785 primordia
1584 1722 1807 1765 rerum

238 1811 536 1877 referre·
516 1836 588 1878 m
620 1813 802 1899 quali
831 1814 965 1879 sint
993 1813 1229 1879 ordine
1260 1835 1568 1900 quaeque
1595 1814 1817 1881 locata

97 1943 188 1989 885
240 1933 307 1991 et
332 1929 697 1993 commixta
726 1928 968 2015 quibus
1000 1928 1165 1995 dent
1191 1936 1415 1993 motus
1444 1930 1910 2017 accipiantque
1927 1931 1961 1994 P

175 2038 190 2051 ⁸
317 2043 493 2107 Tum
520 2065 730 2130 porro
764 2043 926 2130 quid
954 2043 1025 2108 id
1056 2054 1196 2121 est,
1217 2045 1505 2109 animum
1536 2044 1723 2130 quod
1751 2047 2075 2132 percutit,
2102 2048 2320 2134 ipsum

238 2157 426 2245 qnod
454 2165 688 2222 movet
720 2166 788 2222 et
814 2159 1041 2224 varios
1070 2181 1310 2225 sensus
1341 2181 1738 2245 expromere
1767 2160 1980 2245 cogit,

236 2294 320 2338 ex
343 2272 777 2338 insensilibus
805 2294 891 2337 ne
921 2272 1160 2339 credas
1190 2275 1433 2340 sensile
1462 2274 1695 2361 gigni?

230 2389 297 2453 ni
326 2389 568 2453 mirum
585 2436 602 2463 ‚
624 2386 886 2474 lapides
916 2397 984 2453 et
1011 2387 1190 2476 ligna
1220 2400 1288 2454 et
1316 2398 1499 2455 terra
1531 2387 1717 2475 quod
1742 2410 1879 2453 una

95 2518 179 2566 890
228 2505 437 2569 mixta
466 2511 696 2567 tamen
724 2511 1073 2589 nequeunt
1099 2505 1369 2569 vitalem
1393 2503 1687 2570 reddere
1717 2525 1986 2570 sensum
2006 2556 2019 2570 .

225 2617 390 2683 illud
418 2619 490 2682 in
519 2617 628 2682 his
656 2618 860 2704 igitur
887 2619 1091 2684 rebus
1118 2620 1499 2684 meminisse
1532 2619 1832 2696 decebit,

226 2753 365 2796 non
395 2754 481 2797 ex
510 2733 818 2798 omnibus
847 2735 1115 2799 omnino
1136 2783 1152 2811 ‚
1178 2755 1348 2820 quae
1378 2755 1662 2820 cumque
1692 2744 1926 2800 creant
1951 2757 2062 2802 res
2081 2787 2097 2813 ‚

226 2847 470 2912 sensile
501 2856 571 2913 et
600 2849 938 2935 extemplo
966 2871 1073 2913 me
1101 2849 1282 2936 gigni
1312 2847 1537 2913 dicere
1567 2870 1806 2915 sensus
1823 2899 1840 2927 ‚

225 2960 353 3026 sed
382 2963 607 3049 magni
635 2962 888 3028 referre
920 2984 999 3028 ea
1027 2965 1310 3050 primum
1342 2965 1667 3051 quantula
1697 2972 2013 3030 constent
2030 3014 2046 3041 ,

90 3092 173 3139 895
223 3078 468 3142 sensile
501 3099 674 3164 quae
702 3078 957 3143 faciunt
973 3128 988 3154 ‚
1013 3087 1083 3143 et
1112 3100 1247 3165 qua
1275 3080 1410 3144 sint
1435 3078 1746 3166 praedita
1771 3078 2020 3157 forma,

222 3193 517 3257 mot-ibus
547 3192 895 3258 ordinibus
924 3194 1249 3280 posituris
1281 3193 1571 3280 denique
1601 3214 1776 3279 quae
1806 3193 1941 3259 sint
1957 3242 1971 3258 .

228 3328 507 3392 quarum
535 3308 631 3372 nil
657 3330 879 3373 rerum
906 3309 975 3372 in
1004 3309 1199 3396 lignis
1227 3309 1617 3395 glaebisque
1646 3307 1984 3374 videmus:

222 3429 289 3486 et
315 3430 543 3486 tamen
568 3421 773 3499 haec,
796 3445 945 3487 cum
975 3431 1133 3489 sunt
1161 3424 1356 3510 quasi
1381 3423 1765 3510 putrefacta
1791 3445 1915 3510 per
1940 3424 2220 3500 imbreS‚

221 3537 621 3602 vermiculos
650 3539 953 3624 pariunt,
976 3539 1133 3624 quia
1163 3559 1452 3625 corpora
1454 3522 1780 3603 materiai

88 3664 172 3713 900
214 3652 511 3738 antiquis
544 3672 627 3716 ex
660 3650 1006 3719 ordinibus
1035 3663 1344 3741 permota
1372 3675 1553 3718 nova
1580 3675 1657 3716 re

219 3766 659 3831 conciliantur
686 3767 780 3832 ita
808 3776 884 3833 ut
913 3769 1163 3834 debent
1192 3769 1495 3834 animalia
1522 3768 1734 3855 gigni.

218 3879 464 3946 deinde
495 3902 610 3958 ea,
634 3883 993 3949 seminibus
1024 3885 1140 3971 qui
1169 3883 1413 3948 sensile
1442 3904 1648 3969 posse
1678 3884 1891 3947 creari

218 3998 642 4062 constituunt
669 4018 877 4083 porro
909 4019 994 4063 ex
1022 3998 1167 4064 aliis
1198 3998 1446 4065 sentire
1476 3998 1684 4062 suetis
1702 4046 1718 4073 ‚

215 4111 437 4176 mollia
463 4111 595 4176 iam
623 4110 908 4177 faciunt:
930 4134 1084 4177 nam
1113 4134 1352 4178 sensus
1381 4112 1673 4197 iungitur
1703 4113 1914 4177 omnis

2401 498 2493 565 69

226 4388 316 4436 875
353 4385 660 4440 infrendes
715 4387 738 4457 ΙΙ
791 4394 890 4440 882
928 4398 982 4442 et
1006 4391 1144 4462 ignis
1197 4391 1218 4461 ΙΙ
1283 4397 1377 4445 891
1418 4392 1574 4446 fedus
1627 4390 1648 4461 ΙΙ
1714 4391 1951 4445 decedit.
2007 4394 2029 4464 ΙΙ
2083 4398 2181 4445 893
2220 4393 2451 4448 Sensilia

230 4469 449 4540 amplo
487 4470 511 4541 n
548 4475 649 4523 902
690 4486 755 4523 ex
780 4472 1068 4528 sensilibus
1106 4473 1126 4542 ΙΙ
1165 4480 1263 4529 903
1301 4477 1468 4530 sueti.
1507 4477 1528 4547 ΙΙ
1566 4482 1664 4529 904
1703 4476 1892 4530 Mollia
1925 4493 2045 4530 cum
