3042 5192
1331 438 1458 507 1111
2367 443 2502 512 119

264 613 428 701 quid
458 612 692 678 cordis
720 611 964 698 globus
993 618 1111 675 aut
1140 610 1313 675 oculi
1329 610 1363 674 Ρ
1386 610 1550 696 quid
1575 612 1919 677 membra?
1940 612 2103 699 quid
2131 623 2317 698 artus
2335 616 2367 678 Ρ

130 749 207 795 120
267 729 599 816 quant-ula
628 727 820 792 sunt!
845 724 1010 812 quid
1037 732 1391 812 praeterea
1416 725 1781 813 primordia
1811 748 2118 813 quaeque
2139 777 2155 804 ‚

263 843 445 909 unde
476 844 704 907 anima
730 848 935 926 atque
962 839 1162 903 animi
1190 847 1457 905 constet
1481 849 1728 905 natura
1753 843 2219 909 necessumst?

262 978 489 1022 nonne
519 955 714 1021 vides
745 975 944 1041 quam
972 955 1109 1019 sint
1136 954 1405 1018 subtilia
1432 975 1765 1040 quamque
1792 956 2095 1020 minuta?

264 1079 622 1161 praeterea
652 1091 823 1156 quae
852 1090 1134 1154 cumque
1165 1091 1285 1133 suo
1320 1067 1406 1132 de
1435 1089 1720 1156 corpore
1751 1067 2030 1134 odorem

267 1188 581 1275 expirant
610 1205 830 1249 acrem
849 1232 865 1261 ,
893 1204 1186 1271 panaces
1202 1231 1219 1259 ,
1240 1182 1578 1249 absinthia
1602 1190 1823 1248 taetra
1840 1232 1856 1258 ‚

131 1320 211 1365 125
264 1300 767 1385 habrotonique
795 1319 1038 1386 graves
1068 1305 1138 1363 et
1162 1298 1384 1363 tristia
1411 1304 1774 1363 centaurea
1790 1346 1806 1375 ‚

271 1435 556 1501 quorum
584 1435 790 1479 unum
820 1411 1084 1499 quidvis
1111 1412 1348 1478 leviter
1376 1412 1435 1477 si
1460 1410 1640 1478 forte
1670 1411 1934 1477 duobus

1346 1593 1382 1632 ἢ*

1239 1757 1355 1842 qui
1379 1756 1650 1821 fulmine
1680 1755 1861 1819 claro

269 1874 482 1939 omnia
508 1894 637 1960 per
664 1872 924 1937 sonitus
953 1878 1140 1936 arcet
1156 1920 1173 1946 ,
1194 1880 1440 1936 terram
1457 1919 1474 1946 ‚
1491 1891 1672 1935 mare
1689 1918 1705 1945 ‚
1728 1870 1981 1933 caelum
2001 1919 2014 1933 .

1354 2052 1390 2091 ἢ*

134 2235 214 2280 127
267 2218 425 2303 quin
451 2218 686 2305 potius
712 2238 959 2283 noscas
986 2238 1209 2281 rerum
1239 2215 1589 2280 simulacra
1613 2214 1845 2298 vagari

264 2332 473 2398 multa
498 2330 722 2395 modis
748 2331 972 2397 multis
990 2380 1006 2409 ‚
1025 2330 1209 2396 nulla
1234 2330 1302 2394 vi
1319 2378 1335 2407 ‚
1359 2348 1687 2415 cassaque
1716 2328 1967 2392 sensu?

346 2444 530 2531 [Sed
557 2467 643 2510 ne
671 2444 847 2510 forte
875 2453 1075 2533 putes
1105 2467 1184 2510 ea
1212 2444 1477 2509 demum
1506 2443 1652 2507 sola
1678 2443 1941 2528 vagari,

138 2579 217 2625 130
266 2583 438 2648 quae
469 2582 754 2646 cumque
783 2562 867 2626 ab
896 2561 1101 2625 rebus
1128 2581 1351 2624 rerum
1379 2558 1733 2624 simulacra
1756 2556 2082 2622 recedunt
2099 2606 2114 2634 ,

266 2684 425 2741 sunt
453 2676 653 2740 etiam
684 2697 853 2762 quae
883 2682 1126 2763 sponte
1156 2696 1278 2739 sua
1305 2674 1667 2760 gignuntur
1696 2680 1763 2737 et
1788 2673 1940 2762 ipsa

268 2791 767 2855 constituuntur
792 2791 862 2855 in
887 2789 1021 2855 hoc
1050 2791 1235 2854 caelo
1253 2838 1269 2864 ‚
1294 2789 1407 2874 qui
1436 2787 1677 2851 dicitur
1705 2793 1821 2852 aer
1839 2836 1855 2863 ,

135 2921 216 2968 133
267 2926 439 2991 quae
466 2904 692 2969 multis
717 2904 1007 2969 formata
1031 2903 1250 2968 modis
1280 2903 1558 2968 sublime
1585 2902 1893 2967 feruntur
1909 2951 1926 2979 ,

136 3037 213 3083 111
261 3042 384 3084 nec
413 3020 704 3108 speciem
731 3024 988 3085 mutare
1017 3039 1205 3084 suam
1229 3017 1554 3104 liquentia
1581 3023 1849 3080 cessant

268 3143 335 3198 et
362 3135 686 3221 cuiusque
712 3134 896 3198 modi
921 3133 1284 3198 formarum
1311 3140 1578 3197 vertere
1606 3131 1676 3195 in
1704 3151 1894 3206 oras3

138 3263 218 3310 133
268 3257 343 3313 ut
369 3248 584 3314 nubes
610 3248 805 3314 facile
830 3250 1009 3313 inter
1038 3247 1196 3312 dum
1225 3267 1660 3311 concrescere
1688 3244 1758 3309 in
1786 3244 1923 3308 alto

269 3364 596 3428 cernimus
624 3371 694 3429 et
719 3361 951 3427 mundi
978 3363 1266 3449 speciem
1294 3361 1546 3425 violare
1574 3381 1877 3424 serenam
1893 3408 1909 3433 ‚

141 3493 223 3538 136
272 3484 425 3541 ae‘ra
453 3467 827 3543 mulcentes
851 3485 1071 3542 motu:
1091 3498 1245 3541 nam
1275 3496 1476 3562 saepe
1507 3475 1864 3560 Gigantum

268 3614 387 3657 ora
411 3591 646 3656 volare
674 3591 988 3657 videntur
1018 3600 1087 3657 et
1116 3593 1419 3657 umbram
1449 3589 1697 3654 ducere
1723 3590 1859 3653 late
1878 3637 1894 3664 ‚

264 3707 434 3771 inter
467 3706 628 3771 dum
654 3707 874 3793 magni
900 3715 1165 3772 montes
1192 3706 1557 3792 avolsaque
1588 3726 1753 3769 saxa

270 3822 605 3886 montibus
633 3829 792 3885 ante
819 3821 916 3885 ire
946 3828 1013 3886 et
1041 3821 1250 3886 solem
1280 3819 1644 3886 succedere
1673 3826 1941 3907 praeter
1960 3866 1976 3892 ‚

142 3948 222 3996 uo
271 3934 422 3999 inde
452 3936 623 3999 alios
652 3935 921 3999 trahere
950 3946 1153 4022 atque
1182 3935 1502 4000 inducere
1531 3935 1729 3999 belua
1754 3933 2015 3997 nimbos
2035 3933 2089 4015 .]

145 4062 221 4109 113
346 4049 544 4115 Nunc
576 4070 657 4114 ea
684 4069 883 4135 quam
910 4050 1085 4116 facili
1114 4060 1185 4115 et
1213 4051 1412 4115 celeri
1438 4050 1699 4114 ratione
1726 4055 2054 4135 genantur

273 4173 733 4252 perpetuoque
762 4164 974 4231 fluant
1001 4168 1085 4232 ab
1114 4168 1317 4232 rebus
1347 4165 1670 4253 lapsaque
1700 4162 1945 4227 cedant

278 4331 503 4339 φῇ,-
512 4332 671 4338 ...ῥ’-

282 4409 370 4456 142
406 4405 593 4461 horas.
633 4409 653 4475 ΙΙ
694 4413 788 4461 143
825 4417 1103 4479 gerantur.
