3042 5192
633 450 724 518 62
1733 443 1762 509 1

639 623 917 702 Quarum
939 669 957 699 ,
987 619 1331 684 Musarum
1350 666 1365 693 ,
1393 625 1577 682 sacra
1588 617 1735 705 fero
1762 617 1988 701 inqemi
2005 639 2331 702 percus-sm
2356 639 2565 680 amore
2589 663 2608 697 ,
2635 635 2836 704 georg.

635 718 837 794 11‚476
866 766 882 793 ‚
932 725 1001 780 et
1038 717 1333 802 Obstipuit
1368 738 1591 801 maqno
1630 715 1880 778 laudum
1912 738 2236 800 percussus
2274 738 2486 779 amore
2512 760 2532 793 ,
2585 715 2743 779 Aen.
2764 738 2840 790 lx,

639 818 754 881 197
787 865 800 878 .
841 823 912 880 at
955 837 1037 878 ex
1078 814 1208 878 hac
1248 834 1385 877 una
1424 812 1721 878 absurda
1770 813 2170 900 repetitione
2224 814 2337 898 qui
2379 817 2573 876 recto
2623 811 2841 876 iudicio

634 923 863 978 utetur
900 912 1243 998 intelleget
1271 912 1653 976 Lucretium
1695 933 1866 997 opus
1916 933 2111 974 suum
2149 932 2294 974 non
2329 911 2550 996 ipsum
2590 912 2660 974 in
2695 912 2842 997 pub-

634 1015 830 1078 licum
857 1009 1239 1096 prodidisse
1268 1034 1283 1072 ε
1312 1030 1465 1072 nam
1494 1009 1822 1094 poematis
1853 1006 2073 1073 editor
2103 1009 2160 1073 si
2187 1005 2439 1073 nullum
2466 1009 2621 1073 libri
2648 1010 2846 1095 quarti

636 1108 983 1174 exordium
1012 1129 1053 1172 a
1080 1107 1393 1171 Lucretio
1424 1107 1749 1192 scriptum
1776 1105 2042 1181 habuit,
2071 1105 2264 1170 facile
2292 1107 2515 1195 potuit
2543 1129 2619 1170 se
2648 1106 2846 1171 officio

637 1230 762 1273 suo
808 1209 971 1273 satis
1010 1206 1249 1271 fecisse
1291 1206 1670 1270 existimare
1700 1254 1715 1280 ‚
1760 1205 1817 1268 si
1857 1204 1987 1268 hos
2015 1201 2504 1291 pulcherrimos
2533 1226 2765 1270 versus
2788 1207 2845 1269 in

634 1308 748 1371 illo
778 1307 929 1370 loco
961 1306 1317 1391 repetisset
1334 1353 1349 1366 .
1387 1311 1455 1367 et
1482 1303 1864 1366 Lucretium
1894 1299 2162 1386 quidem
2191 1304 2366 1367 inter
2394 1302 2843 1388 expoliendum

636 1412 876 1490 poema
905 1425 1129 1478 suum,
1164 1402 1377 1488 primo
1408 1408 1670 1465 tantum
1698 1400 1872 1464 libro
1902 1398 2213 1464 absoluto
2244 1450 2259 1477 ‚
2297 1400 2678 1466 decessisse
2703 1401 2844 1465 mul·

638 1503 727 1566 tis
770 1500 1175 1586 argumentis
1213 1498 1604 1562 firmissimis
1645 1496 2175 1562 demonstratum
2231 1500 2530 1564 inveniet
2574 1500 2688 1584 qui
2734 1500 2844 1562 hos

640 1597 1149 1663 commentarios
1178 1618 1385 1682 porro
1414 1595 1656 1681 legerit
1683 1641 1700 1671 ‚
1733 1592 1938 1680 idque
1966 1596 2421 1683 Hieronymus
2449 1597 2520 1660 in
2552 1597 2844 1662 chronico

640 1703 960 1760 testatum
988 1695 1258 1779 reliquit
1286 1689 1523 1758 addito
1550 1694 1704 1779 ipso
1728 1694 2176 1759 emendatoris
2200 1696 2464 1759 nomine
2484 1745 2498 1759 .
2529 1695 2844 1781 Hierony·

639 1816 788 1858 mus
818 1842 834 1868 ‚
869 1793 1140 1877 inquam
1167 1841 1183 1867 ‚
1223 1815 1361 1856 non
1389 1790 1724 1857 Eusebius
1755 1841 1770 1868 ,
1811 1814 2008 1878 quem
2036 1792 2396 1857 admodum
2423 1794 2622 1857 nimis
2650 1793 2844 1879 negle-

638 1899 872 1978 genter
902 1889 1134 1955 dicunt
1163 1889 1457 1954 editores
1484 1887 1812 1955 Lucretii:
1841 1891 2326 1976 imperitissime
2355 1901 2424 1956 et
2452 1892 2769 1979 Forbiger
2789 1893 2848 1956 in

640 1990 1114 2054 dissertatione
1159 2011 1227 2076 p.
1243 1985 1364 2053 126
1415 1990 1744 2075 suspicari
1802 2010 1876 2052 se
1933 1989 2167 2053 scribit
2215 1989 2698 2078 Hieronymum
2744 2011 2848 2054 sua

637 2088 931 2173 ideoque
958 2086 1093 2150 fide
1122 2085 1338 2151 minus
1379 2086 1584 2172 digna
1611 2087 2007 2151 Eusebianis
2035 2085 2470 2151 admiscuisse
2497 2137 2513 2163 ,
2559 2096 2629 2153 et
2655 2088 2847 2151 Heus·

640 2185 792 2250 dius
835 2186 904 2249 in
945 2182 1231 2271 epistula
1273 2184 1358 2248 de
1398 2185 1653 2248 Lucilio
1699 2206 1875 2248 anno
1925 2184 2086 2249 1844
2128 2185 2310 2249 edita
2349 2187 2469 2272 p.9
2507 2186 2846 2250 Eusebium

638 2284 1103 2348 Armeniacum
1140 2283 1209 2348 in
1250 2284 1345 2347 eis
1387 2304 1561 2368 quae
1601 2303 1823 2366 neque
1860 2281 2067 2347 habet
2106 2304 2324 2369 neque
2361 2284 2618 2348 habere
2645 2291 2846 2372 potest

640 2384 727 2447 ab
758 2381 1171 2467 Hieronymo
1203 2380 1560 2446 dissentire
1592 2380 1754 2446 dicit
1780 2405 1796 2458 3
1823 2388 1902 2443 ut
1932 2390 2253 2467 appareat
2279 2391 2641 2469 utrumque
2671 2384 2848 2452 libro,

641 2477 831 2543 cuius
869 2480 1197 2543 rationem
1248 2501 1386 2543 non
1433 2480 1866 2565 cognovisset
1894 2527 1909 2554 ‚
1966 2478 2382 2544 confidenter
2434 2504 2632 2545 usum
2688 2501 2848 2545 esse.

642 2573 1040 2662 Hieronymi
1069 2577 1278 2641 verba
1307 2578 1592 2654 subieci,
1625 2599 1796 2662 quae
1825 2576 2165 2642 Pontacus
2198 2578 2474 2643 exhibet
2499 2580 2567 2642 in
2599 2599 2848 2643 numero

641 2672 955 2738 Abrahae
993 2673 1199 2748 1923,
1243 2674 1542 2760 Scaliger
1575 2675 1779 2749 1922,
1820 2675 2040 2740 Maius
2081 2675 2415 2762 denique,
2456 2678 2652 2763 isque
2689 2677 2850 2741 solus

641 2781 860 2847 recte,
896 2773 1086 2838 1918.
1129 2775 1293 2837 Titus
1324 2774 1652 2839 Lucretius
1667 2785 1852 2861 poeta
1878 2777 2182 2857 nascitur,
2212 2778 2320 2862 qui
2334 2787 2550 2860 postea
2580 2776 2851 2840 oviator-io

630 2872 855 2958 poculo
894 2872 960 2934 in
985 2872 1277 2958 furorem
1312 2896 1558 2954 versus,
1600 2896 1738 2936 eum
1778 2874 2011 2958 aliquot
2046 2873 2230 2936 libro-s
2257 2896 2379 2958 per
2419 2874 2735 2938 intervalla
2771 2874 2850 2934 in-
2975 2895 2976 2950 j

638 2972 854 3035 sanine
894 2971 1379 3056 conscripsisset,
1420 2995 1571 3058 quo-5
1599 2983 1814 3057 postea
1851 2972 2059 3034 Cicero
2101 2972 2478 3051 mnevtdavit,
2508 2973 2770 3058 propria
2801 2992 2852 3032 se
2975 3007 2976 3010 =

640 3091 832 3132 manu
872 3068 1173 3155 interfecit
1210 3091 1371 3131 anno
1399 3071 1614 3133 aetatis
1641 3091 1843 3132 xmv.
1890 3089 2205 3132 numerus
2234 3068 2552 3133 Abrahae
2585 3069 2742 3133 1918
2767 3075 2850 3130 est
2975 3067 2976 3144 ᾖ

642 3186 859 3229 annus
899 3165 984 3229 ab
1023 3166 1190 3229 urbe
1234 3165 1507 3230 condita
1536 3165 2003 3230 Varronianus
2043 3166 2165 3229 655
2184 3215 2200 3242 ‚
2236 3187 2371 3251 quo
2415 3188 2594 3232 anno
2634 3166 2724 3230 M.
2737 3167 2849 3230 An·
2975 3167 2976 3216 l

642 3263 830 3324 tonio
878 3269 946 3325 et
973 3262 1051 3324 A.
1069 3262 1414 3326 Postumio
1444 3264 1688 3328 Albino
1730 3264 2118 3328 consulibus
2150 3262 2398 3328 Caesar
2443 3286 2716 3351 quoque
2753 3284 2848 3327 na·

644 3367 755 3421 tus
787 3365 933 3421 est.
967 3377 1141 3421 anno
1172 3368 1333 3445 post
1359 3361 1541 3425 hunc
1565 3369 1818 3447 quarto
1851 3369 1919 3425 et
1950 3360 2462 3448 quadragesimo
2494 3362 2851 3427 Lucretium

644 3454 891 3519 obiisse
930 3453 1241 3519 Donatus
1283 3458 1447 3521 satis
1487 3459 1892 3523 confirmat
1875 3481 1944 3524 m
1983 3461 2125 3525 vita
2151 3458 2429 3546 Vergilii
2471 3483 2619 3548 cap.
2632 3462 2714 3537 2,
2759 3458 2850 3522 ubi

642 3552 811 3615 haec
853 3551 1211 3637 leguntur.
1253 3576 1345 3618 xv
1387 3580 1551 3621 anno
1590 3558 1829 3620 virilem
1877 3568 2079 3643 toyam
2121 3560 2277 3643 cepit
2297 3606 2317 3638 ,
2365 3559 2490 3622 illi-s¹
2540 3510 2852 3623 com-tililnoe

640 3653 859 3714 iter-tun
887 3649 1104 3736 quibus
1129 3662 1307 3715 nattis
1335 3666 1508 3717 erat:
1538 3657 1842 3740 evenitque
1869 3665 1937 3718 ut
1961 3677 2031 3718 eo
2060 3657 2190 3740 ipso
2219 3656 2318 3720 die
2349 3656 2679 3720 Lucretius
2695 3664 2851 3743 poeta

643 3748 975 3813 decederet.
1009 3746 1345 3834 Vergilius
1376 3752 1549 3814 enim
1592 3759 1818 3837 togam
1846 3754 2111 3839 accepit
2150 3754 2329 3817 circa
2353 3753 2508 3818 idus
2540 3754 2850 3819 Octobres

641 3846 962 3933 Pompeio
995 3853 1065 3910 et
1094 3845 1341 3912 Crasso
1382 3849 1626 3913 iterum
1654 3898 1670 3926 ‚
1713 3850 1861 3913 hoc·
1877 3858 1984 3914 est
2010 3872 2187 3914 anno
2218 3852 2341 3915 699
2369 3876 2386 3918 ε
2430 3854 2622 3916 cuius
2651 3867 2849 3917 mense

646 3944 1022 4026 Septembri
1054 3945 1415 4032 incipiente
1460 3949 1755 4012 excurrit
1794 3970 2009 4012 annus
2037 3949 2351 4013 Abrahae
2385 3950 2546 4014 1962
2576 4000 2592 4026 ,
2634 3951 2740 4036 qui
2765 3955 2852 4010 est

644 4061 685 4103 a
719 4039 877 4102 1918
923 4041 1474 4128 quadragesimus
1518 4054 1799 4131 quartus
1831 4071 1845 4109 ι
1893 4045 2016 4109 sed
2043 4047 2526 4135 Hieronymum
2569 4049 2638 4112 in
2676 4046 2852 4110 rebus

642 4136 958 4202 Romanis
987 4159 1202 4205 annos
1220 4142 1518 4206 Iulianos
1550 4151 1851 4208 secutum
1888 4165 2037 4209 esse
2071 4153 2253 4208 recte
2291 4146 2678 4210 observavit
2697 4142 2850 4207 Mer·
2973 4205 2974 4224 χ

642 4235 856 4299 kelius
897 4234 989 4299 ad
1020 4236 1242 4301 Ovidii
1285 4237 1500 4303 fastos
1531 4264 1594 4327 p.
1614 4263 1954 4305 conxvm.
1998 4244 2150 4307 anni
2181 4244 2467 4329 proximi
2498 4245 2621 4307 700
2648 4258 2851 4306 mense
2973 4231 2974 4244 ¹

644 4332 1009 4398 Februario
1053 4336 1284 4399 scribit
1322 4336 1411 4400 ad
1442 4337 1520 4416 Q.
1544 4337 1933 4404 Ciceronem
1963 4341 2234 4406 Marcus
2273 4341 2483 4405 frater
2513 4343 2679 4406 libro
2708 4363 2772 4408 ιι,
2789 4337 2848 4400 11

647 4433 924 4499 IAccretii
942 4446 1227 4519 poemata
1258 4447 1325 4500 ut
1349 4438 1563 4501 scribis
1589 4440 1674 4503 ila
1702 4451 1863 4520 sunt,
1894 4463 2014 4504 mm
2043 4440 2244 4505 multis
2272 4441 2594 4504 luminibus
2620 4435 2854 4523 inqenii
