3042 5192
620 450 760 517 250
1685 448 1785 515 IV

615 626 837 711 aliqui-s·
865 673 882 703 ‚
923 635 979 687 et
1016 624 1348 709 quaepiam
1379 624 1659 710 aliquae,
1696 661 1765 670 —
1801 624 2052 686 dubium
2080 647 2202 687 uon
2232 634 2347 687 eet.
2380 623 2706 688 Marullus
2734 624 2835 688 de·

616 722 716 807 dit
751 725 865 787 Est
904 723 1109 807 ulique
1149 731 1217 784 ut
1255 744 1499 806 serpens
1530 769 1548 800 ,
1588 720 1661 783 id
1702 729 1807 785 est
1848 721 2037 804 (nam
2066 720 2429 786 Lambinus
2470 744 2611 787 non
2642 724 2836 809 oepit)

613 821 706 885 Ut
736 828 923 884 extat
950 821 1180 904 utique
1213 820 1547 903 serpentis
1578 820 1837 904 speeies
1858 868 1872 881 .
1906 818 2030 883 sed
2065 839 2191 905 ego
2220 821 2429 906 utique
2457 821 2834 904 particulam

612 927 689 982 ut
733 940 773 983 a
814 918 996 981 nullo
1038 924 1386 1005 poetarum
1423 917 1490 980 in
1517 938 1722 981 versu
1751 917 2041 1002 positam
2069 918 2339 1003 repperi
2370 918 2565 1001 (nam
2594 919 2664 982 in
2694 919 2838 983 Cae·

614 1019 742 1082 cilii
769 1038 972 1081 versu
1002 1016 1117 1101 qui
1158 1022 1261 1078 est
1304 1014 1485 1099 apud
1516 1015 1791 1080 Festum
1820 1039 1885 1101 p.
1905 1017 2047 1084 339.
2066 1016 2147 1080 32
2178 1024 2359 1080 reete
2390 1016 2735 1083 Bentleius
2761 1019 2835 1082 ad

612 1114 962 1200 Adelphos
1004 1135 1092 1187 w,
1111 1112 1167 1186 2,
1188 1112 1267 1175 52
1297 1136 1486 1199 usque
1520 1139 1542 1175 .·
1583 1113 1652 1176 in
1695 1114 1866 1178 libro
1888 1138 1962 1178 xl
1995 1115 2143 1186 Silii
2173 1115 2290 1178 163
2334 1116 2544 1201 utique
2576 1125 2681 1179 est
2709 1140 2837 1181 cor-

612 1213 895 1277 rectoris
932 1211 1220 1297 imperiti
1263 1210 1692 1296 figmentum:
1735 1213 1800 1274 in
1843 1213 2140 1276 Lucretii
2188 1235 2257 1286 11,
2287 1212 2411 1276 569
2452 1235 2581 1298 pro
2624 1215 2837 1302 n'taqw,

612 1311 798 1397 quod
839 1318 944 1374 est
982 1319 1284 1374 veterum
1318 1357 1334 1384 ‚
1378 1310 1713 1373 Antonius
1744 1311 1940 1375 Marii
1972 1320 2040 1374 et
2070 1310 2397 1375 Marullus
2426 1314 2673 1398 utique)
2706 1362 2721 1390 ,
2762 1315 2837 1377 ita

611 1431 851 1473 vereor
881 1429 966 1471 ne
994 1406 1214 1471 media
1244 1405 1504 1492 syllaba
1534 1407 1871 1492 producta
1900 1407 2189 1472 dicenda
2217 1409 2307 1473 sit
2336 1458 2352 1484 ‚
2395 1432 2595 1494 quem
2628 1412 2836 1476 admo·

612 1507 772 1572 dum
820 1506 997 1570 idem
1039 1506 1379 1569 Bentleius
1425 1505 1586 1568 mihi
1628 1506 1696 1568 in
1736 1505 2035 1571 Terentii
2078 1506 2354 1594 Hecyra
2391 1531 2466 1584 ιι,
2501 1509 2551 1583 l,
2584 1509 2625 1573 2
2672 1521 2738 1575 et
2782 1512 2835 1574 in

611 1606 1018 1670 Phormione
1047 1627 1108 1680 v,
1128 1604 1185 1680 6,
1203 1604 1284 1667 34
1312 1605 1443 1668 utin
1473 1612 1860 1690 correptum
1890 1613 2074 1669 reete
2103 1604 2373 1670 videtur
2400 1607 2835 1693 improbasse,

611 1725 1010 1790 quamquam
1055 1702 1322 1765 Reizius
1375 1702 1693 1766 toleravit
1748 1704 1815 1765 in
1862 1702 2173 1767 Rudente
2219 1727 2318 1779 lv,
2353 1705 2426 1779 4,
2466 1705 2544 1768 19
2581 1755 2595 1770 .
2652 1709 2837 1794 mique

610 1810 830 1866 autem
876 1799 1317 1884 antiquissimi
1358 1821 1498 1862 non
1541 1798 1859 1865 dixerunt
1886 1850 1902 1876 ‚
1949 1823 2033 1864 ne
2079 1801 2327 1866 Caesar
2372 1802 2646 1887 quidem
2679 1853 2696 1870 ,
2738 1827 2833 1868 ne·

612 1900 767 1964 dum
800 1899 968 1963 Cato
988 1946 1004 1971 ‚
1038 1899 1142 1961 oui
1171 1897 1404 1961 tribuit
1431 1897 1743 1962 librarius
1773 1898 1962 1963 Festi
1992 1925 2055 1987 p.
2075 1900 2216 1974 305,
2240 1900 2351 1975 143
2382 1900 2612 1965 Varro
2652 1904 2721 1967 in
2750 1926 2832 1967 re-

607 2021 755 2062 rum
800 1999 1199 2062 rusticarum
1238 1996 1424 2060 libris
1467 1997 1870 2081 aliquotiens
1904 2045 1919 2072 ‚
1975 2021 2044 2072 ιι,
2074 1998 2132 2070 4,
2163 1999 2202 2062 3
2245 1997 2321 2063 21
2362 2000 2457 2074 10,
2494 2002 2566 2065 11
2613 2025 2711 2076 111,
2730 2004 2834 2074 7,ss

616 2097 708 2173 12,
728 2098 784 2174 7,
806 2096 1155 2160 Vitruvius
1175 2144 1190 2169 ‚
1221 2100 1276 2158 si
1309 2095 1472 2158 satis
1503 2095 1797 2170 attendi,
1827 2096 1931 2160 bis
1962 2118 2024 2170 v,
2049 2096 2141 2170 10,
2162 2097 2194 2160 1
2230 2098 2270 2161 4
2290 2146 2305 2172 ,
2337 2098 2688 2164 Cornelius
2718 2101 2830 2164 Ne-

612 2219 739 2283 pos
769 2196 973 2259 semel
1004 2242 1019 2267 ‚
1066 2193 1422 2258 Sallustius
1450 2194 1518 2256 in
1547 2194 1875 2280 Iugurtha
1904 2196 1961 2269 3,
1989 2196 2053 2257 l·.
2087 2203 2291 2279 atque
2320 2196 2392 2259 id
2419 2198 2831 2272 vocabulum,

608 2295 736 2359 nisi
775 2294 972 2359 fallor
991 2343 1005 2369 ‚
1048 2314 1181 2378 quo
1213 2300 1513 2377 tempore
1545 2293 1831 2377 primum
1858 2293 1928 2356 in
1957 2314 2334 2357 sermonem
2363 2295 2707 2381 vulgarem
2734 2319 2830 2359 ve-

608 2394 707 2457 nit
726 2443 740 2470 ,
768 2393 902 2457 hoe
933 2401 1038 2456 est
1063 2391 1405 2455 Ciceronis
1438 2399 1661 2454 aetate
1680 2439 1695 2464 ‚
1729 2392 1842 2476 qui
1874 2413 1954 2455 eo
1975 2441 1990 2467 ,
2023 2401 2345 2476 quantum
2377 2393 2516 2456 seio
2537 2443 2554 2470 ‚
2582 2404 2831 2480 praeter

611 2513 808 2576 quam
851 2492 920 2553 in
966 2489 1267 2575 epistulis
1312 2496 1382 2552 et
1426 2488 1511 2551 de
1544 2487 1957 2554 divinatione
1987 2513 2056 2564 ιι,
2086 2490 2199 2554 120
2242 2512 2381 2554 ιιοιι
2422 2493 2674 2567 utitur,
2714 2515 2830 2556 non

610 2590 752 2653 sine
792 2589 943 2651 ioco
986 2586 1283 2672 quodam
1325 2586 1708 2662 dicebatur,
1752 2610 1900 2651 eum
1944 2587 2350 2674 significaret
2390 2588 2561 2653 haec
2588 2592 2830 2654 mirabi-

608 2687 759 2750 liter
789 2693 1138 2749 oontracta
1170 2734 1185 2759 ‚
1229 2696 1286 2748 et
1311 2687 1398 2748 ita
1426 2687 1669 2772 quidem
1699 2688 1790 2749 uti
1816 2698 2045 2772 oportet
2076 2712 2097 2749 .·
2138 2686 2509 2751 derivatum
2545 2697 2649 2753 cst
2679 2691 2829 2753 enim

609 2807 694 2849 ex
737 2784 1037 2848 formulis
1082 2784 1511 2847 sollemnibus
1550 2785 2143 2848 instrumentorum
2173 2787 2594 2871 publicorum
2623 2837 2639 2862 ‚
2684 2810 2828 2873 qua-

609 2885 707 2947 les
738 2891 897 2947 sunt
926 2907 1087 2969 quae
1115 2883 1319 2968 utique
1347 2882 1455 2945 vel
1486 2883 1702 2968 quibus
1730 2885 1936 2970 utique
1962 2932 1978 2962 ,
2020 2895 2200 2971 atque
2228 2888 2436 2972 utique
2461 2934 2480 2966 ‚
2526 2910 2652 2950 was
2679 2885 2826 2950 oder

607 3006 760 3047 wem
787 2984 920 3045 und
943 3004 1309 3045 wasmassen
1324 3029 1342 3060 ,
1374 2982 1468 3044 abs·
1493 2983 1628 3044 und
1650 3006 2015 3047 masma-§sen
2048 3031 2062 3046 .
2103 2984 2199 3047 ita
2226 2983 2505 3070 legimus
2535 2986 2603 3049 in
2634 2985 2822 3048 Hera-

611 3081 857 3145 cleensi
888 3080 1119 3144 tabula
1150 3103 1191 3153 1,
1215 3079 1290 3142 14
1321 3080 1652 3165 eademque
1679 3082 1884 3144 munia
1914 3105 2073 3168 quae
2100 3085 2338 3169 uicique
2370 3086 2434 3146 in
2465 3086 2698 3148 tabulas
2722 3095 2821 3147 ret·

607 3182 812 3244 tulerit
840 3229 858 3259 ,
899 3182 986 3242 ita
1023 3181 1089 3242 iu
1131 3179 1403 3242 tabulam
1445 3179 1510 3241 in
1556 3179 1761 3242 album
1803 3180 2139 3267 refertmda
2167 3181 2433 3266 (curato)
2452 3209 2476 3264 ,-
2517 3183 2671 3246 item
2701 3207 2736 3254 ι,
2754 3182 2819 3243 72

603 3303 747 3342 neve
786 3301 994 3341 eorum
1032 3278 1197 3364 quod
1234 3277 1465 3361 (immo
1508 3278 1692 3363 quid)
1734 3289 2009 3363 saeptum
2052 3281 2324 3343 claoemhm
2333 3304 2398 3344 re
2426 3281 2637 3345 habeto
2666 3330 2681 3358 ‚
2720 3303 2819 3366 quo

607 3378 805 3438 minus
835 3377 919 3438 eis
947 3376 1129 3439 loceels·
1147 3376 1605 3460 porticibusque
1622 3378 1893 3460 populus
1919 3389 2130 3441 utatur
2145 3390 2471 3463 pateantee
2497 3428 2517 3460 ,
2561 3382 2678 3443 mis-i
2701 3380 2815 3465 qui·

604 3475 712 3536 bus
754 3474 993 3558 uteique
1038 3474 1266 3558 legibus
1298 3473 1569 3557 plebeiee
1609 3476 1773 3538 scitis
1822 3488 2131 3541 senam-eve
2175 3479 2461 3541 consultis
2506 3499 2815 3542 concessum

594 3573 1031 3657 permissumve
1062 3582 1146 3635 est
1171 3597 1196 3652 ,-
1237 3581 1303 3635 et
1332 3573 1399 3634 in
1428 3571 1577 3656 lege
1609 3571 1867 3637 Thoria
1896 3575 1973 3638 ‘71
2007 3575 2087 3638 72
2117 3576 2285 3638 ueive
2320 3614 2387 3622 —-
2410 3579 2702 3661 propiore
2732 3575 2817 3636 die

604 3671 823 3754 exigito
866 3681 1045 3756 atque
1085 3672 1322 3756 uteique
1362 3671 1428 3732 in
1466 3671 1584 3733 hac
1618 3673 1746 3757 leye
1771 3675 2063 3759 sev-aptum
2092 3685 2177 3738 est
2192 3724 2206 3737 .
2244 3712 2312 3720 -
2350 3676 2519 3760 quod
2532 3673 2815 3760 pequm‘ae

602 3769 674 3833 ob
704 3791 841 3832 eam
867 3792 998 3833 rem
1015 3772 1315 3854 propiore
1354 3771 1454 3833 die
1495 3783 1773 3834 exactum
1813 3775 1931 3835 erit
1967 3784 2147 3859 atque
2186 3775 2428 3859 uteique
2466 3776 2533 3836 in
2566 3774 2677 3835 luae
2703 3772 2813 3853 leqe

600 3869 893 3953 scriptum
921 3879 1006 3932 est
1023 3915 1036 3929 .
1073 3906 1142 3915 —
1179 3892 1298 3955 quo
1328 3893 1403 3932 ea
1418 3871 1697 3956 peqzmia
1730 3908 1800 3916 —-
1837 3872 2014 3934 aliter
2043 3873 2353 3956 exsiyatur
2386 3883 2565 3957 atque
2598 3869 2812 3953 uteique

602 3970 668 4030 iu
696 3967 813 4030 hae
840 3968 967 4052 leye
994 3967 1286 4052 scriptum
1317 3978 1403 4030 est
1419 4016 1432 4030 .
1464 3967 1598 4031 hoc
1618 3968 1834 4053 ipsum
1858 3980 2037 4055 acque
2060 3971 2269 4055 utique
2297 3970 2363 4031 in
2388 3969 2599 4032 Milite
2620 3962 2812 4029 Plauti

602 4088 688 4140 ιν,
707 4066 764 4138 3,
783 4065 861 4127 37
895 4065 1226 4128 sententia
1258 4064 1551 4129 admittit
1579 4115 1593 4139 ‚
1637 4067 1891 4130 numeri
1936 4078 2298 4144 recusant3
2342 4067 2458 4130 ubi
2501 4087 2641 4130 cum
2678 4060 2809 4126 libri

601 4163 896 4227 habeant
939 4164 1266 4249 Numquid
1301 4166 1536 4228 videtur
1579 4167 1890 4229 demutare
1929 4177 2038 4229 aut
2078 4168 2286 4252 utique
2314 4167 2475 4230 Dim·
2516 4188 2633 4229 esse
2672 4161 2811 4224 mhi-5

600 4264 831 4326 dudum
859 4263 1018 4325 hunc
1043 4263 1356 4326 moechum
1385 4263 1681 4328 militem?
1721 4262 2147 4328 scribendum
2177 4264 2482 4328 existimo
2512 4257 2810 4345 Numquid

599 4361 833 4424 videtur
861 4360 1172 4424 demutare
1201 4363 1325 4425 alio
1354 4373 1535 4447 atque
1562 4364 1653 4425 uti
1675 4361 1879 4427 Dixi?
1907 4370 1984 4426 ut
2013 4361 2259 4426 ibidem
2289 4371 2393 4426 est
2422 4385 2509 4437 lv,
2527 4361 2633 4427 728
2660 4361 2798 4421 Ora-

601 4460 682 4520 tio
728 4460 851 4522 alio
895 4459 1044 4521 milei
1089 4459 1510 4523 demutandast
1554 4484 1688 4525 mea
1719 4510 1732 4524 .
1782 4460 1905 4525 sed
1950 4460 2147 4547 plane
2193 4462 2465 4526 similem
2513 4457 2793 4541 originem
