3042 5192
86 871 165 916 240

84 1442 165 1487 245

83 2126 169 2171 250

88 2585 171 2629 255

87 3156 167 3200 261

88 3269 175 3314 260

88 3383 172 3428 262

90 3725 172 3771 255

1280 449 1409 518 IIII

214 620 541 686 cernundi
567 641 799 706 neque
828 641 1033 706 posse
1062 621 1203 684 sine
1232 621 1339 686 his
1367 643 1480 687 res
1507 623 1646 688 ulla
1670 623 1888 691 videri
1905 676 1918 690 .
1997 604 2011 614 ⁹

214 758 391 800 nune
422 757 508 799 ea
536 756 713 821 quae
745 734 901 799 dico
928 757 1148 800 rerum
1177 736 1530 801 simulacra
1554 737 1863 804 feruntur

210 849 517 936 undique
549 860 618 914 et
643 851 715 914 in
744 857 1023 914 cunetas
1049 850 1381 915 iaciuntur
1409 851 1624 917 didita
1649 856 1896 940 partis:

212 987 445 1030 verum
476 987 611 1029 nos
640 964 853 1029 oculis
884 964 1039 1049 quia
1065 963 1227 1028 solis
1257 986 1532 1030 eernere
1563 968 1824 1053 quimus
1843 1019 1859 1044 ‚

212 1087 588 1168 propterea
614 1079 692 1144 fit
718 1081 851 1155 uti,
872 1078 1160 1167 speciem
1188 1100 1325 1165 quo
1355 1082 1674 1146 vertimus
1692 1130 1710 1158 ‚
1733 1104 1962 1148 omnes

214 1217 321 1259 res
346 1195 445 1258 ibi
479 1215 628 1259 eam
657 1203 896 1259 contra
922 1193 1164 1258 feriant
1188 1193 1407 1258 forma
1435 1204 1642 1282 atque
1672 1197 1896 1262 colore
1918 1248 1931 1261 .

219 1317 283 1374 et
313 1317 651 1394 quantum
682 1330 989 1395 quaeque
1018 1310 1104 1374 ab
1133 1310 1329 1374 nobis
1358 1330 1469 1374 res
1501 1311 1680 1376 absit
1697 1360 1714 1386 ‚
1735 1312 1952 1398 imago

215 1423 419 1488 efficit
446 1431 533 1487 ut
558 1421 905 1488 videamus
934 1431 1003 1489 et
1028 1424 1485 1489 internoscere
1515 1426 1729 1511 cogit:

214 1560 367 1602 nam
398 1560 556 1601 cum
583 1539 867 1603 mittitur
885 1585 901 1614 ‚
924 1538 1260 1626 extemplo
1290 1539 1634 1626 protrudit
1662 1541 1931 1627 agitque

217 1658 371 1717 aera
402 1654 527 1738 qui
551 1654 726 1719 inter
756 1675 831 1718 se
862 1674 1143 1739 cumque
1172 1662 1279 1718 est
1306 1653 1673 1739 oculosque
1698 1655 1961 1722 locatus
1979 1706 1995 1732 ‚

218 1767 410 1853 isque
439 1768 541 1832 ita
566 1788 692 1854 per
717 1775 988 1832 nostras
1017 1768 1196 1831 acies
1224 1769 1595 1855 perlabitur
1623 1770 1837 1835 omnis

225 1891 294 1945 et
322 1882 519 1966 quasi
542 1888 888 1969 perterget
913 1882 1199 1969 pupillas
1229 1892 1431 1968 atque
1456 1883 1555 1948 ita
1582 1885 1828 1949 transit
1843 1934 1857 1948 .

84 2014 137 2057 25
222 2004 585 2083 propterea
611 1996 689 2060 fit
714 1997 813 2060 uti
840 1995 1185 2062 videamus
1217 2018 1417 2082 quam
1444 1996 1686 2084 procul
1714 1998 1893 2064 absit

218 2131 328 2174 res
360 2131 671 2196 quaeque
690 2158 705 2173 .
730 2118 799 2174 et
829 2119 1081 2195 quanto
1109 2111 1263 2198 plus
1293 2112 1463 2175 aeris
1493 2118 1652 2176 ante
1681 2113 1972 2198 agitatur

84 2242 137 2285 25
219 2233 287 2288 et
312 2233 596 2288 nostros
625 2225 857 2289 oculos
886 2233 1229 2312 perterget
1256 2225 1518 2311 longior
1548 2246 1744 2302 aura,

218 2347 353 2403 tam
384 2338 628 2426 procul
655 2361 804 2404 esse
830 2340 1038 2426 magis
1066 2361 1176 2405 res
1206 2360 1512 2425 quaeque
1541 2348 1799 2406 remota
1825 2341 2093 2408 videtur
2113 2394 2126 2407 .

220 2453 478 2518 scilicet
494 2502 511 2528 ,
531 2453 701 2518 haee
730 2475 981 2519 summe
1011 2453 1209 2519 celeri
1237 2456 1496 2519 ratione
1527 2464 1851 2541 geruntur
1869 2506 1885 2532 ‚

223 2569 419 2653 quale
450 2569 540 2633 sit
567 2577 645 2632 ut
672 2567 1016 2633 videamus
1033 2618 1049 2645 ‚
1076 2577 1145 2634 et
1169 2591 1304 2634 una
1332 2591 1531 2655 quam
1556 2571 1795 2657 procul
1824 2572 2031 2636 absit.

218 2681 387 2747 illud
414 2683 485 2746 in
512 2682 617 2747 his
644 2684 847 2748 rebus
876 2684 1137 2748 minime
1164 2684 1459 2749 mirabile
1485 2683 1941 2750 habendumst
1956 2735 1972 2762 ‚

222 2819 344 2860 cur
362 2846 379 2872 ‚
403 2818 483 2860 ea
512 2819 681 2882 quae
709 2797 953 2862 feriant
980 2799 1213 2863 oculos
1242 2799 1596 2863 simulacra
1620 2799 1833 2864 videri

222 2912 486 2997 singula
514 2933 663 2975 cum
690 2920 1059 2997 nequeant,
1080 2934 1191 2978 res
1219 2914 1404 3000 ipsae
1432 2914 1925 3001 perspiciantur
1942 2963 1956 2978 .

225 3033 471 3089 ventus
502 3025 671 3089 enim
701 3048 972 3113 quoque
1000 3028 1318 3115 paulatim
1348 3050 1497 3092 cum
1526 3029 1844 3093 verberat
1874 3036 1943 3093 et
1971 3052 2118 3094 eum
2226 3056 2230 3060 ·

227 3160 382 3203 acre
412 3138 556 3204 fluit
581 3140 791 3227 fi‘igus
811 3190 827 3217 ‚
848 3163 987 3206 non
1011 3142 1271 3230 privam
1300 3164 1634 3228 quamque
1663 3143 1953 3207 solemus

227 3255 623 3341 particulam
650 3256 837 3321 venti
864 3257 1111 3320 sentire
1143 3264 1211 3321 et
1237 3255 1506 3343 frigoris
1539 3256 1679 3321 eius
1696 3305 1713 3328 ‚

224 3366 347 3432 sed
374 3370 584 3455 magis
612 3392 932 3434 unorsum
949 3419 965 3446 ‚
987 3371 1261 3456 fierique
1290 3370 1573 3457 perinde
1602 3370 1904 3436 videmus

225 3505 511 3570 corpore
542 3493 681 3548 tum
706 3485 942 3572 plagas
968 3486 1039 3549 in
1064 3493 1303 3551 nostro
1332 3494 1470 3550 tam
1494 3508 1693 3572 quam
1724 3487 1982 3572 aliquae
2013 3508 2120 3550 res

223 3598 535 3662 verberet
562 3606 768 3684 atque
796 3599 899 3662 sui
928 3598 1046 3664 det
1074 3621 1343 3665 sensum
1372 3602 1677 3689 corporis
1708 3609 1931 3666 extra.

226 3720 575 3798 praeterea
602 3712 892 3800 lapidem
919 3713 1127 3801 digito
1159 3737 1308 3779 oum
1337 3714 1679 3780 tundimus
1697 3765 1712 3792 ‚
1735 3716 1952 3803 ipsum

226 3828 554 3912 tangimus
586 3835 951 3892 extremum
980 3832 1127 3895 saxi
1156 3851 1612 3917 summumque
1643 3831 1935 3895 colorem
1953 3879 1969 3904 ‚

226 3961 343 4003 nec
376 3942 704 4007 sentimus
736 3964 885 4006 eum
912 3951 1098 4010 tactu
1117 3994 1133 4021 ‚
1155 3967 1384 4011 verum
1413 3945 1624 4030 magis
1653 3944 1864 4031 ipsam

226 4052 529 4120 duritiem
557 4056 827 4143 penitus
857 4059 1002 4122 saxi
1030 4060 1351 4124 sentimus
1379 4060 1448 4123 in
1478 4060 1648 4124 alto,

544 4254 629 4262 --a

2312 461 2447 529 123

231 4333 325 4380 240
361 4327 547 4382 dedita
591 4331 613 4396 Η
663 4336 763 4383 245
802 4340 978 4386 curat.
1028 4334 1049 4403 ΙΙ
1088 4340 1188 4387 246
1224 4334 1461 4405 protudit
1511 4334 1534 4401 ΙΙ
1573 4340 1671 4400 249
1706 4341 1950 4406 pei-teget
1998 4337 2019 4404 ΙΙ
2068 4343 2165 4389 253
2202 4344 2389 4390 revota
2433 4341 2453 4404 ΙΙ

233 4414 320 4462 261
360 4412 586 4481 primam
627 4412 648 4480 ΙΙ
686 4418 784 4465 267
823 4414 965 4483 ipsa.
