3042 5192
1285 479 1355 545 V
2292 489 2420 557 191

212 655 474 746 proinde
503 663 743 743 putare
772 654 1060 740 aliquem
1088 660 1231 718 tum
1258 654 1529 718 nomina
1557 653 1979 723 distribuisse

215 773 396 836 rebus
413 820 429 846 ‚
455 780 524 835 et
548 769 709 834 inde
737 769 1044 834 homines
1075 766 1389 833 didicisse
1417 771 1748 835 vocabula
1776 774 1989 858 prima
2008 824 2022 842 ,

214 886 569 974 desiperest
587 936 601 949 .
632 907 785 949 nam
814 906 932 949 cur
962 883 1075 948 hic
1104 895 1341 971 posset
1369 893 1612 950 cuncta
1637 894 1875 953 notare

216 1001 475 1065 vocibus
506 1008 575 1064 et
603 1000 828 1065 varios
859 998 1121 1062 sonitus
1151 998 1454 1064 emittere
1482 1000 1745 1086 linguae
1763 1051 1779 1079 ,

83 1134 175 1178 1⁰45
212 1125 492 1203 tempore
524 1113 763 1179 eodem
792 1112 901 1177 alii
927 1112 1149 1177 facere
1176 1112 1249 1177 id
1275 1134 1417 1179 non
1448 1115 1673 1200 quisse
1700 1120 2073 1203 putentur?

210 1238 540 1317 praeterea
570 1230 629 1294 si
654 1250 797 1293 non
823 1228 932 1293 alii
964 1249 1233 1315 quoque
1262 1229 1542 1294 vocibus
1570 1231 1678 1295 usi

209 1347 365 1409 inter
393 1366 465 1408 se
496 1343 799 1418 fuerant,
819 1342 1000 1406 unde
1027 1342 1230 1408 insita
1255 1344 1531 1408 notities
1563 1352 1668 1408 est

208 1455 488 1524 utilitatis
530 1467 601 1522 et
625 1457 809 1522 unde
839 1456 1000 1522 data
1031 1465 1137 1522 est
1163 1457 1318 1522 huic
1346 1460 1562 1545 prima
1589 1467 1897 1547 potestas
1916 1510 1931 1538 ,

210 1573 354 1659 quid
380 1574 583 1639 vellet
600 1623 616 1650 ‚
637 1572 859 1639 facere
886 1581 966 1637 ut
993 1574 1246 1637 scirent
1274 1574 1628 1659 animoque
1655 1574 2016 1642 viderent?

76 1707 172 1750 1⁰:10
210 1711 429 1774 cogere
458 1690 617 1753 item
634 1689 857 1776 pluris
885 1710 1060 1753 unus
1088 1688 1439 1774 victosque
1472 1687 1747 1754 domare

212 1826 335 1868 non
363 1812 631 1891 poterat
647 1853 663 1881 ‚
686 1825 907 1868 rerum
934 1810 1011 1867 ut
1037 1803 1425 1891 perdiscere
1453 1806 1725 1869 nomina
1750 1806 2000 1872 vellent
2018 1858 2031 1871 .

206 1940 322 1982 nec
346 1921 598 1983 ratione
630 1917 874 1983 docere
903 1918 1039 1983 ulla
1068 1918 1487 2004 suadereque
1516 1920 1740 1986 surdis
1759 1971 1773 1997 ‚

208 2032 354 2118 quid
381 2034 467 2097 sit
495 2055 667 2120 opus
695 2032 878 2098 facto
897 2082 913 2109 ‚
935 2032 1231 2098 facilest:
1252 2055 1475 2119 neque
1506 2034 1678 2098 enim
1706 2044 2097 2122 paterentur
2114 2088 2130 2112 ‚

204 2169 316 2212 nec
344 2149 601 2212 ratione
628 2148 765 2212 ulla
793 2148 916 2214 sibi
944 2147 1201 2212 ferrent
1228 2148 1509 2234 amplius
1541 2149 1717 2213 auris

72 2279 166 2323 1⁰55
202 2264 375 2327 vocis
401 2263 738 2328 inauditos
767 2264 1027 2327 sonitus
1058 2263 1438 2328 obtundere
1465 2263 1753 2328 frustra.

201 2387 529 2465 postremo
562 2378 726 2464 quid
752 2379 823 2442 in
849 2378 980 2442 hac
1008 2378 1306 2442 mirabile
1334 2386 1761 2466 tantoperest
1787 2401 1861 2444 re
1880 2430 1896 2455 ‚

202 2494 252 2555 si
277 2514 480 2578 genus
509 2493 867 2558 humanum
886 2542 902 2568 ‚
926 2493 1031 2556 cui
1059 2515 1197 2558 vox
1228 2501 1298 2556 et
1323 2493 1550 2579 lingua
1577 2495 1837 2580 vigeret
1854 2544 1868 2571 ‚

202 2629 315 2694 pro
341 2608 525 2672 vario
556 2628 762 2672 sensu
792 2610 977 2673 varia
1003 2630 1116 2673 res
1143 2629 1313 2673 voce
1341 2603 1661 2673 notaret?

202 2744 338 2786 cum
364 2722 659 2810 pecudes
688 2731 910 2788 mutae
928 2771 944 2799 ‚
967 2744 1118 2787 cum
1147 2721 1435 2808 denique
1465 2725 1690 2789 saecla
1716 2725 2006 2790 ferarum

65 2850 163 2896 1060
200 2834 515 2903 dissimilis
545 2838 808 2903 soleant
833 2859 1040 2902 voces
1065 2824 1423 2923 variasque
1452 2840 1627 2903 ciere
1645 2888 1661 2916 ‚

198 2973 335 3016 cum
360 2961 577 3017 metus
606 2961 726 3018 aut
755 2950 952 3017 dolor
983 2960 1089 3017 est
1117 2960 1187 3017 et
1215 2974 1363 3017 cum
1388 2954 1518 3018 iam
1548 2953 1795 3040 gaudia
1822 2956 2110 3040 gliscunt
2128 3008 2141 3020 .

198 3068 429 3155 quippe
460 3070 705 3134 etenim
732 3069 890 3133 licet
915 3068 988 3132 id
1016 3068 1218 3133 rebus
1249 3088 1662 3155 cognoscere
1690 3071 1942 3156 apertis
1963 3122 1976 3136 .

196 3181 450 3247 inritata
478 3205 717 3248 canum
747 3205 896 3248 cum
923 3184 1207 3272 primum
1232 3184 1494 3249 inmane
1523 3184 1895 3248 Molossum

197 3298 404 3362 mollia
428 3299 600 3365 ricta
626 3297 921 3363 fremunt
951 3297 1159 3363 duros
1187 3297 1510 3363 nudantia
1540 3299 1778 3363 dentes
1796 3348 1812 3374 ‚

64 3424 164 3469 1055
199 3411 381 3498 longe
410 3414 538 3479 alio
571 3415 799 3478 sonitu
826 3415 1009 3478 rabie
1038 3413 1353 3478 restricta
1378 3414 1713 3478 minantur
1731 3464 1747 3490 ‚

197 3535 258 3590 et
285 3550 424 3592 cum
453 3530 582 3592 iam
614 3529 865 3593 latrant
895 3535 964 3593 et
990 3528 1271 3593 vocibus
1301 3530 1519 3593 omnia
1548 3531 1916 3618 complent:

194 3650 258 3705 et
288 3644 543 3708 catulos
573 3642 825 3708 blande
855 3665 1003 3708 cum
1032 3644 1258 3730 lingua
1284 3645 1576 3709 lambere
1606 3653 1970 3735 temptant,
2087 3720 2102 3730 δ

192 3765 302 3820 aut
326 3759 436 3824 ubi
467 3780 587 3823 eos
616 3759 873 3824 iactant
900 3758 1186 3846 pedibus
1213 3781 1577 3846 morsuque
1605 3769 1918 3848 petentes

188 3875 516 3960 suspensis
546 3881 822 3939 teneros
849 3875 1237 3939 minitantur
1267 3873 1583 3940 dentibus
1611 3875 1897 3941 haustus
1917 3926 1931 3952 ‚

60 3992 156 4042 1070
190 3984 373 4073 longe
403 3990 533 4054 alio
563 3998 769 4075 pacto
801 3991 1074 4075 gannitu
1102 3990 1291 4054 vocis
1322 3987 1633 4064 adulant,

198 4220 315 4268 1048
351 4216 568 4272 Utilitas
610 4218 632 4288 ΙΙ
675 4224 805 4272 1049
842 4220 1005 4273 sciret
1042 4219 1064 4291 ΙΙ
1101 4218 1331 4273 videret.
1379 4221 1399 4290 ΙΙ
1453 4227 1583 4273 1052
1622 4219 1841 4274 surdes.
1880 4218 1901 4291 ΙΙ
1942 4227 2070 4273 1053
2109 4220 2264 4275 facile
2299 4226 2347 4277 si
2388 4227 2407 4292 Η

196 4302 308 4350 1055
344 4302 523 4355 sonitu
560 4301 893 4356 subtundere
944 4303 965 4374 ΙΙ
1028 4309 1156 4358 1053
1192 4305 1365 4357 varias
1412 4321 1500 4358 res
1559 4306 1580 4376 ΙΙ
1642 4310 1768 4357 1062
1807 4307 1857 4358 in
1915 4304 1935 4374 ΙΙ
1995 4309 2119 4357 1063
2158 4324 2348 4376 magna
2385 4308 2404 4377 ΙΙ

192 4385 307 4434 1064
338 4393 589 4454 premunt
644 4384 665 4455 ΙΙ
732 4391 859 4439 1065
898 4387 1001 4440 alia
1051 4388 1071 4459 ΙΙ
1126 4388 1311 4442 stricta
1347 4389 1607 4442 minatur.
1664 4389 1685 4460 ΙΙ
1742 4395 1872 4442 1067
1911 4389 1988 4440 At
2043 4388 2062 4456 Η
2127 4391 2406 4442 10681ῃο-

190 4469 291 4517 tant
324 4465 343 4536 ss
378 4476 664 4538 potentes.
704 4466 724 4537 ΙΙ
770 4457 897 4522 1'069
937 4471 1208 4524 imitantur
