3042 5192
1252 454 1379 523 1111

197 635 679 694 commutantur
706 627 799 692 ibi
827 626 1175 712 positurae
1202 628 1714 713 principiorum3

198 751 265 808 ut
287 743 475 828 prius
509 742 601 808 ad
632 764 905 807 sensum
935 763 1108 827 quae
1139 763 1429 827 corpora
1457 744 1945 810 conveniebant

196 880 359 921 nunc
384 880 529 922 non
561 857 965 922 conveniant
982 905 998 932 ‚
1023 864 1092 921 et
1120 864 1346 922 cetera
1374 859 1509 922 sint
1537 858 1745 944 magis
1775 867 1938 944 apta
1953 909 1969 937 ‚

81 992 156 1036 550
200 994 355 1058 quae
382 979 749 1057 penetrata
778 979 1034 1058 queunt
1060 992 1330 1036 sensum
1357 972 1759 1058 progignere
1789 976 2134 1041 acerbum.

80 1103 154 1149 573
270 1086 461 1151 Nunc
493 1108 625 1173 age
643 1135 661 1163 ‚
683 1108 821 1172 quo
848 1094 1049 1172 pacto
1079 1086 1262 1150 naris
1292 1085 1598 1151 adiectus
1629 1086 1861 1153 odoris

202 1210 420 1288 tangat
447 1222 648 1288 agam
667 1251 681 1265 .
710 1201 993 1287 primum
1022 1222 1131 1265 res
1160 1201 1403 1265 multas
1427 1222 1577 1265 esse
1606 1211 1951 1268 necessest

82 1333 156 1378 675
198 1315 363 1379 unde
390 1314 612 1381 fluens
641 1314 872 1380 volvat
896 1315 1123 1381 varius
1154 1336 1229 1380 se
1256 1314 1502 1380 fluctus
1534 1314 1818 1380 odorum
1835 1366 1852 1393 ‚

202 1438 265 1494 et
280 1429 487 1495 fluere
519 1437 592 1494 et
617 1431 789 1495 mitti
816 1430 1017 1516 volgo
1049 1430 1409 1516 spargique
1438 1429 1910 1515 putandumst·

202 1566 417 1609 verum
444 1545 596 1610 aliis
626 1545 794 1609 alius
822 1546 1031 1631 magis
1063 1553 1168 1609 est
1196 1545 1638 1609 animantibus
1668 1553 1901 1630 aptus,

206 1658 528 1725 dissimilis
557 1668 843 1745 propter
868 1658 1153 1724 formas,
1176 1658 1465 1745 ideoque
1493 1682 1619 1745 per
1647 1682 1844 1726 auras

206 1773 399 1838 mellis
427 1796 597 1862 apes
627 1776 928 1860 quamvis
954 1776 1157 1861 longe
1187 1774 1527 1839 ducuntur
1556 1774 1803 1852 odore,

81 1907 158 1952 eso
204 1887 594 1975 volturiique
624 1888 1098 1954 cadaveribus:
1122 1898 1262 1955 tum
1288 1889 1449 1954 fissa
1474 1888 1768 1954 ferarum

207 2004 441 2089 ungula
466 2026 607 2090 quo
638 2004 866 2068 tulerit
893 2025 1196 2090 gressum
1223 2005 1551 2089 permissa
1579 2026 1817 2069 canum
1849 2005 1950 2070 vis

208 2117 359 2183 dicit
375 2168 391 2194 ,
411 2127 480 2183 et
506 2119 871 2183 humanum
898 2119 1098 2205 longe
1128 2118 1501 2204 praesentit
1532 2117 1809 2183 odorem

205 2231 696 2297 Romulidarum
723 2234 897 2298 arcis
927 2240 1262 2309 servator,
1292 2232 1620 2298 candidus
1650 2254 1850 2298 anser
1867 2284 1880 2297 .

205 2349 293 2412 sic
319 2348 464 2413 aliis
495 2348 664 2412 alius
689 2347 890 2413 nidor
921 2346 1121 2413 datus
1151 2347 1242 2412 ad
1270 2368 1394 2412 sua
1421 2368 1753 2433 quemque

87 2480 161 2524 5⁸5
206 2463 437 2549 pabula
471 2461 659 2527 ducit
688 2470 757 2527 et
786 2483 827 2526 a
854 2469 1033 2528 tetro
1066 2463 1322 2527 resilire
1347 2484 1611 2528 veneno

206 2579 405 2664 cogit,
429 2598 650 2663 eoque
677 2575 880 2641 modo
912 2585 1268 2642 servantur
1297 2578 1518 2642 saecla
1544 2577 1835 2643 ferarum
1853 2628 1866 2641 .

280 2692 405 2756 Hic
436 2690 612 2756 odor
640 2693 788 2776 ipse
815 2692 1016 2778 igitur
1032 2740 1049 2768 ‚
1072 2692 1250 2756 naris
1281 2692 1396 2777 qui
1425 2713 1708 2777 cumque
1734 2693 2003 2759 lacessit
2019 2744 2035 2771 ‚

208 2815 305 2871 est
331 2806 461 2870 alio
489 2814 567 2870 ut
593 2807 812 2892 possit
839 2806 1133 2891 permitti
1161 2806 1428 2892 longius
1457 2806 1661 2871 alter:

204 2920 319 2984 sed
346 2929 572 2986 tamen
596 2920 782 2985 haud
811 2921 1164 3007 quisquam
1190 2929 1328 2985 tam
1355 2922 1555 3007 longe
1583 2920 1799 2985 fertur
1827 2943 2054 2987 eorum

84 3051 160 3096 690
205 3057 391 3120 quun
421 3036 685 3101 sonitus
702 3086 719 3113 ‚
743 3057 942 3126 quam
970 3057 1106 3100 vox
1123 3084 1139 3112 ‚
1160 3036 1353 3100 mitto
1382 3036 1512 3099 iam
1544 3035 1767 3100 dicere
1798 3059 1995 3122 quam
2023 3060 2133 3102 res

209 3172 367 3235 quae
394 3151 649 3217 feriunt
676 3149 1021 3217 oculorum
1050 3150 1228 3228 acies
1256 3149 1606 3235 visumque
1635 3150 2007 3216 lacessunt.

209 3265 620 3331 errabundus
650 3267 822 3330 enim
849 3264 1045 3330 tarde
1071 3265 1292 3341 venit,
1314 3285 1394 3328 ac
1420 3264 1601 3350 perit
1628 3271 1783 3329 ante

208 3381 511 3464 paulatim
538 3380 752 3445 facilis
783 3379 1146 3445 distraetus
1174 3380 1244 3444 in
1273 3380 1445 3444 aeris
1475 3401 1706 3454 aura83

208 3515 283 3558 ex
310 3497 445 3560 alto
475 3495 760 3581 primum
791 3494 950 3579 quia
976 3496 1092 3559 vix
1120 3494 1441 3559 emittitur
1469 3515 1554 3557 ex
1581 3515 1691 3558 re:

84 3621 160 3667 695
206 3630 345 3673 nam
371 3610 644 3695 penitus
671 3609 879 3674 fluere
908 3617 1112 3695 atque
1142 3606 1460 3674 recedere
1488 3608 1692 3673 rebus
1722 3607 1970 3673 odores

204 3724 518 3810 significat
550 3724 736 3811 quod
763 3724 980 3790 fracta
1006 3725 1217 3811 magis
1246 3723 1554 3789 redolere
1582 3722 1898 3789 videntur

204 3840 411 3905 omnia
428 3889 444 3917 ,
466 3837 658 3925 quod
688 3841 979 3906 contrita
995 3890 1012 3916 ,
1036 3838 1224 3926 quod
1251 3840 1389 3925 igni
1416 3837 1913 3904 conlabefactat

205 3949 436 4019 deinde
459 3953 692 4019 videre
720 3954 878 4020 licet
905 3956 1265 4021 maioribus
1297 3975 1448 4018 esse
1477 3960 1773 4017 creatum

206 4068 530 4156 principiis
564 4091 764 4155 quam
792 4092 961 4146 vox,
985 4070 1299 4155 quoniam
1325 4090 1448 4155 per
1478 4089 1687 4134 saxea
1716 4075 1952 4154 saepta

2293 464 2428 532 137

210 4345 301 4392 668
335 4342 419 4396 Fit
467 4345 489 4413 ΙΙ
538 4350 639 4398 677
678 4345 812 4400 alius
850 4354 904 4400 et
951 4347 973 4416 ΙΙ
1018 4353 1117 4401 680
1156 4347 1475 4419 venturique
1520 4349 1542 4416 ΙΙ
1579 4353 1672 4400 681
1715 4347 1976 4417 promissa
2014 4347 2036 4416 ΙΙ
2073 4351 2170 4398 682
2210 4343 2370 4400 Ducit
2405 4347 2424 4398 :¹

209 4427 300 4474 ⁶9⁶
332 4427 579 4483 redolore
615 4431 638 4498 ΙΙ
675 4434 775 4482 698
811 4439 1067 4485 creatam.
