3042 5192
591 389 682 457 26
1686 391 1718 459 Ῐ

430 580 528 625 710
583 563 802 626 omnia
831 571 902 626 et
926 563 995 626 in
1022 584 1243 628 rerum
1272 570 1548 627 naturas
1577 565 1824 628 vertier
1854 566 2068 631 omnis
2087 616 2102 639 ‚

584 698 824 763 magno
855 699 1061 763 opere
1091 699 1133 742 a
1159 698 1321 742 vero
1350 678 1552 763 longe
1582 677 1894 744 derrasse
1921 680 2235 746 videntur
2254 732 2267 746 .
2369 712 2374 717 ·

585 791 762 856 adde
792 794 987 856 etiam
1019 794 1133 878 qui
1162 790 1642 879 conduplicant
1670 793 2036 880 primordia
2060 817 2279 859 rerum
2300 845 2314 869 ‚

583 913 740 971 aera
766 907 1119 992 iungentes
1146 908 1319 993 igni,
1341 915 1725 993 terramque
1753 909 1997 994 liquori
2015 959 2031 985 ‚

585 1028 654 1085 et
683 1022 796 1106 qui
826 1029 1148 1106 quattuor
1179 1044 1265 1086 ex
1290 1024 1493 1087 rebus
1523 1043 1730 1108 posse
1760 1022 1982 1087 omnia
2008 1034 2242 1088 rentur

428 1153 525 1199 715
582 1157 667 1200 ex
693 1137 831 1222 igni
860 1149 1043 1201 terra
1071 1146 1275 1222 atque
1306 1138 1523 1201 anima
1548 1159 1982 1222 procrescere
2015 1147 2083 1202 et
2109 1140 2334 1204 imbri.

583 1272 867 1335 quorum
893 1252 1385 1338 Acragantinus
1415 1273 1565 1316 cum
1594 1252 1821 1337 primis
1848 1251 2295 1339 Empedocles
2327 1264 2431 1320 est
2448 1306 2463 1323 ,

580 1366 800 1430 insula
828 1387 1027 1450 quem
1052 1367 1402 1452 triquetris
1432 1374 1759 1431 terrarum
1786 1369 1996 1452 gessit
2023 1368 2092 1431 in
2121 1370 2258 1433 oris
2276 1419 2291 1445 ‚

581 1502 779 1566 quam
807 1479 1074 1545 fluitans
1105 1481 1351 1545 circum
1378 1481 1638 1567 magnis
1668 1480 2080 1546 anfractibus
2109 1504 2365 1569 aequor

580 1595 833 1659 Ionium
862 1595 1114 1680 glaucis
1144 1596 1445 1682 aspargit
1471 1596 1655 1659 virus
1685 1596 1772 1659 ab
1800 1595 2000 1660 undis
2018 1645 2034 1671 ‚

423 1728 523 1775 720
577 1717 997 1796 angustoque
1024 1709 1201 1775 fretu
1230 1710 1538 1796 rapidum
1563 1731 1747 1773 mare
1778 1709 2015 1775 dividit
2042 1711 2308 1776 undans

581 1826 809 1890 Italiae
836 1833 1163 1890 terrarum
1194 1846 1349 1889 oras
1379 1846 1419 1888 a
1445 1823 1690 1916 finibus
1722 1824 1864 1889 eius
1884 1874 1897 1887 .

578 1941 687 2005 hic
718 1948 824 2005 est
849 1948 1044 2004 vasta
1075 1938 1454 2026 Charybdis
1473 1988 1489 2014 ‚
1512 1945 1583 2001 et
1607 1937 1719 2002 hic
1747 1939 2048 2003 Aetnaea
2076 1941 2411 2007 minantur

576 2077 911 2120 murmura
936 2054 1345 2119 flammarum
1374 2075 1640 2118 rursum
1670 2074 1744 2117 se
1775 2055 2087 2139 colligere
2116 2057 2250 2121 iras
2269 2106 2284 2130 ‚

577 2170 881 2235 faucibus
912 2176 1187 2255 eruptos
1213 2170 1453 2233 iterum
1480 2169 1584 2232 vis
1613 2176 1692 2232 ut
1719 2177 1946 2234 vomat
1972 2171 2145 2255 ignis

423 2304 521 2350 725
577 2287 666 2351 ad
695 2284 1290 2371 caelumque·ferat
1315 2284 1598 2348 flammai
1625 2283 1891 2371 fulgura
1917 2307 2180 2350 rursum
2199 2336 2213 2350 .

578 2423 750 2486 quae
780 2423 928 2465 cum
955 2420 1198 2485 magna
1222 2399 1442 2463 modis
1470 2398 1696 2462 multis
1723 2398 2028 2462 miranda
2053 2400 2320 2465 videtur

573 2517 883 2601 gentibus
911 2515 1216 2579 humanis
1244 2515 1428 2599 regio
1459 2512 1871 2597 visendaque
1898 2512 2113 2577 fertur
2132 2563 2147 2589 ‚

574 2632 779 2695 rebus
809 2630 1031 2716 opima
1054 2629 1252 2694 bonis
1270 2676 1287 2704 ‚
1307 2629 1520 2692 multa
1546 2628 1801 2691 munita
1827 2628 2042 2691 virum
2070 2630 2136 2691 vi
2153 2677 2170 2703 ‚

572 2745 666 2809 nil
691 2752 913 2809 tamen
941 2744 1074 2808 hoc
1103 2743 1420 2808 habuisse
1448 2742 1595 2806 viro
1626 2743 2034 2828 praeclarius
2061 2743 2130 2807 in
2161 2765 2235 2807 se

420 2877 518 2925 730
570 2882 695 2923 nec
725 2867 1026 2924 sanctum
1055 2859 1264 2944 magis
1294 2865 1364 2922 et
1388 2859 1625 2921 mirum
1655 2878 2016 2943 carumque
2044 2857 2311 2922 videtur
2331 2907 2344 2920 .

573 2976 866 3040 carmina
894 2975 1055 3061 quin
1085 2975 1280 3038 etiam
1311 2972 1515 3037 divini
1544 2972 1840 3058 pectoris
1870 2973 2011 3036 eius

568 3090 1021 3156 vociferantur
1051 3097 1119 3154 et
1146 3096 1493 3175 exponunt
1518 3087 1867 3174 praeclara
1893 3095 2164 3173 reperta
2181 3137 2196 3163 ‚

571 3214 647 3270 ut
671 3206 787 3269 vix
813 3205 1103 3268 humana
1131 3202 1441 3267 videatur
1471 3203 1681 3287 stirpe
1713 3210 1977 3265 creatus
1997 3250 2011 3263 .

652 3319 783 3383 Hic
811 3330 1035 3383 tamen
1066 3328 1134 3384 et
1162 3340 1369 3404 supra
1399 3338 1573 3403 quos
1605 3315 1893 3379 diximus
1919 3314 2271 3381 inferiores

418 3452 516 3497 735
569 3435 873 3521 partibus
905 3433 1168 3520 egregie
1194 3433 1418 3497 multis
1442 3431 1788 3515 multoque
1815 3430 2106 3493 minores
2124 3479 2141 3503 ‚

572 3571 971 3636 quamquam
1000 3549 1209 3613 multa
1235 3549 1407 3612 bene
1437 3567 1516 3609 ac
1546 3543 1862 3608 divinitus
1888 3544 2300 3609 invenientes

574 3686 657 3728 ex
685 3664 893 3753 adyto
924 3673 1061 3729 tam
1098 3685 1295 3749 quam
1326 3660 1553 3725 cordis
1581 3681 1912 3745 responsa
1940 3660 2190 3724 dedere

574 3781 870 3844 sanctius
900 3788 967 3845 et
994 3779 1204 3843 multo
1236 3785 1421 3842 certa
1448 3777 1712 3841 ratione
1739 3776 1948 3861 magis
1980 3797 2177 3862 quam

571 3895 817 3982 Pythia
848 3915 1020 3979 quae
1049 3892 1300 3979 tripodi
1328 3916 1369 3957 a
1397 3892 1656 3956 Phoebi
1684 3892 2010 3977 lauroque
2040 3891 2344 3977 profatur
2363 3941 2378 3960 ,

417 4027 514 4073 740
569 4010 907 4096 principiis
938 4017 1158 4072 tamen
1186 4009 1255 4071 in
1282 4030 1503 4073 rerum
1533 4007 1752 4072 fecere
1781 4008 2009 4072 ruinas

896 4207 970 4214 ——

578 4290 678 4337 710
714 4284 846 4336 verti
882 4284 904 4352 11
943 4290 1035 4337 711
1078 4284 1223 4355 longi
1260 4287 1282 4354 ΙΙ
1318 4293 1418 4337 716
1455 4287 1856 4357 Agragantinas
1895 4285 1916 4354 ΙΙ
1954 4292 2052 4339 720
2090 4285 2275 4339 undis.
2315 4286 2336 4353 ΙΙ
2383 4292 2476 4338 721
2521 4285 2739 4339 Haeliae
2773 4288 2792 4353 ΙΙ

577 4374 675 4419 724
714 4374 771 4420 ut
796 4369 993 4421 omnint
1031 4370 1051 4435 Η
1090 4375 1186 4420 725
1226 4369 1465 4422 flammae
1503 4370 1524 4438 ΙΙ
1564 4377 1661 4423 739
1700 4378 1975 4441 prosatur.
