3042 5192
574 448 665 515 54
1659 444 1720 512 11

408 640 505 685 415
565 623 633 685 in
663 641 860 683 nares
888 619 1228 683 hominum
1248 668 1264 693 ‚
1287 641 1436 682 cum
1466 626 1687 682 taetra
1716 616 2050 681 cadavera
2076 624 2340 682 torrent
2357 667 2371 691 ,

567 744 637 800 et
666 757 813 798 cum
843 755 1047 798 scena
1075 755 1275 797 croco
1308 732 1493 798 Cilici
1520 732 1796 820 perfusa
1824 753 2063 796 recens
2093 742 2200 796 est

566 870 819 935 araque
848 848 1247 913 Panchaeos
1277 848 1552 913 exhalat
1581 856 1862 935 propter
1891 845 2176 922 odores3

554 986 740 1028 ‘neve
770 964 989 1028 bonos
1016 984 1237 1027 rerum
1267 963 1458 1027 simili
1487 970 1803 1028 constare
1835 962 2096 1026 colores

568 1080 818 1144 semine
850 1079 1227 1142 constituas
1246 1127 1263 1154 ‚
1288 1078 1522 1142 oculos
1555 1078 1670 1162 qui
1699 1098 1978 1163 pascere
2009 1085 2330 1162 possunt,

415 1213 513 1258 420
569 1203 639 1259 et
669 1195 783 1280 qui
813 1202 1251 1281 conpungunt
1279 1193 1486 1257 aciem
1514 1193 1996 1277 lacrimareque
2027 1200 2278 1277 cogunt

569 1318 685 1373 aut
711 1307 917 1372 foeda
947 1309 1172 1393 specie
1203 1307 1329 1371 diri
1358 1316 1728 1394 turpesque
1758 1306 2073 1371 videntur
2092 1356 2106 1368 .

568 1424 783 1487 omnis
814 1423 985 1485 enim
1003 1471 1019 1497 ‚
1050 1443 1292 1485 sensus
1323 1443 1495 1507 quae
1527 1423 1777 1486 mulcet
1806 1442 2088 1506 cumque
2108 1469 2124 1495 ‚
2146 1420 2360 1506 figura

570 1536 739 1601 haut
768 1537 910 1600 sine
938 1536 1311 1622 principiali
1338 1536 1563 1621 aliquo
1593 1537 1820 1600 levore
1852 1543 2179 1600 creatast:

572 1660 643 1714 at
673 1659 913 1715 contra
943 1671 1115 1735 quae
1145 1671 1427 1736 cumque
1454 1650 1742 1715 molesta
1769 1658 1971 1735 atque
2001 1670 2244 1737 aspera
2271 1659 2568 1725 constat,

418 1782 515 1828 425
570 1786 708 1828 non
739 1765 963 1850 aliquo
995 1765 1139 1829 sine
1166 1765 1483 1829 materiae
1514 1765 1829 1850 squalore
1858 1773 2226 1850 repertast.

572 1888 731 1944 sunt
760 1879 957 1943 etiam
988 1900 1160 1964 quae
1191 1880 1320 1944 iam
1348 1902 1474 1944 nec
1502 1881 1676 1945 levia
1704 1881 1846 1943 iure
1873 1886 2201 1966 putantur

576 2016 724 2058 esse
754 2015 973 2079 neque
1005 1995 1273 2059 omnino
1302 1993 1494 2059 flexis
1520 1995 1949 2059 mucronibus
1976 2016 2183 2069 unca,

575 2108 703 2174 sed
731 2109 938 2195 magis
969 2110 1245 2196 angellis
1271 2111 1544 2196 paulum
1573 2109 2016 2196 prostantibu'
2036 2159 2051 2185 ‚
2076 2132 2382 2196 quaeque

576 2224 846 2288 titillare
874 2225 1086 2310 magis
1117 2246 1357 2289 sensus
1389 2246 1590 2310 quam
1616 2223 1887 2289 laedere
1915 2233 2239 2311 possunt3

418 2355 516 2402 430
568 2338 787 2402 fecula
811 2338 940 2402 iam
970 2359 1103 2423 quo
1137 2338 1224 2402 de
1253 2360 1499 2424 genere
1531 2348 1636 2404 est
1660 2339 2012 2423 inulaeque
2043 2360 2321 2425 sapores
2341 2388 2355 2402 .

576 2451 865 2535 denique
894 2452 1023 2514 iam
1054 2451 1308 2515 calidos
1336 2454 1508 2538 ignis
1538 2451 1959 2539 gelidamque
1987 2452 2290 2537 pruinam

575 2562 873 2628 dissimili
904 2563 1181 2628 dentata
1208 2564 1412 2629 modo
1444 2545 1875 2652 conpungere
1905 2586 2144 2629 sensus

573 2678 878 2763 corporis
895 2726 910 2752 ‚
932 2676 1176 2741 indicio
1207 2678 1404 2743 nobis
1435 2688 1541 2743 est
1569 2687 1790 2744 tactus
1820 2687 2134 2764 uterque.

575 2800 798 2855 tactus
831 2791 999 2855 enim
1018 2840 1035 2867 ‚
1059 2800 1281 2857 tactus
1299 2842 1315 2868 ‚
1336 2816 1464 2880 pro
1482 2842 1498 2869 ‚
1522 2793 1747 2859 divum
1775 2794 2044 2858 numina
2072 2801 2310 2857 sancta
2327 2840 2343 2867 ‚

421 2924 518 2971 435
564 2907 871 2993 corporis
901 2915 1007 2971 est
1036 2928 1308 2985 sensus,
1330 2909 1440 2973 vel
1470 2931 1620 2974 cum
1647 2929 1760 2973 res
1791 2917 2025 2973 extera
2053 2929 2202 2972 sese
2291 2898 2306 2907 “

574 3022 899 3098 insinuat,
920 3022 1030 3086 vel
1059 3044 1207 3086 cum
1235 3022 1444 3089 laedit
1472 3045 1645 3110 quae
1673 3024 1742 3086 in
1772 3044 2059 3110 corpore
2088 3030 2315 3087 natast

575 3143 691 3202 aut
719 3137 903 3202 iuvat
934 3136 1284 3223 egrediens
1313 3140 1618 3226 genitalis
1647 3160 1771 3226 per
1798 3137 2086 3203 Veneris
2115 3159 2225 3202 res
2244 3186 2258 3200 .

580 3259 785 3336 atque
816 3273 900 3315 ex
930 3251 1188 3317 offensu
1219 3274 1369 3316 cum
1398 3254 1678 3317 turbant
1708 3274 1996 3339 corpore
2024 3254 2092 3315 in
2122 3254 2270 3338 ipso

578 3366 829 3428 semina
846 3413 862 3439 ‚
886 3365 1308 3430 confundunt
1333 3367 1509 3429 inter
1539 3387 1613 3429 se
1642 3366 1907 3428 concita
1935 3386 2237 3441 sensum3

422 3495 520 3541 440
574 3485 651 3543 ut
680 3478 737 3541 si
764 3477 943 3541 forte
972 3499 1169 3542 manu
1200 3479 1500 3563 quamvis
1530 3479 1659 3542 iam
1690 3479 1995 3565 corporis
2023 3480 2168 3566 ipse

576 3600 725 3655 tute
755 3591 875 3655 tibi
902 3598 1162 3678 partem
1189 3591 1389 3656 ferias
1419 3600 1622 3676 atque
1653 3593 1998 3679 experiare
2019 3643 2032 3657 .

580 3726 713 3790 qua
741 3714 1022 3792 propter
1052 3705 1252 3791 longe
1279 3705 1531 3771 formas
1563 3705 1814 3771 distare
1843 3718 2191 3773 necessest

580 3819 919 3906 principiis
938 3868 954 3896 ,
975 3820 1200 3886 varios
1232 3842 1405 3905 quae
1433 3821 1700 3907 possint
1729 3821 1929 3887 edere
1961 3845 2199 3888 sensus
2219 3874 2233 3887 .

661 3932 965 4018 Denique
997 3956 1167 4019 quae
1196 3935 1394 4000 nobis
1425 3935 1664 4002 durata
1693 3959 1772 4002 ac
1802 3939 2021 4023 spissa
2047 3938 2360 4004 videntur
2378 3988 2393 4013 ‚

586 4244 680 4291 421
722 4236 775 4291 di
812 4236 833 4303 ΙΙ
870 4244 967 4291 422
1006 4238 1275 4294 videntur.
1316 4242 1335 4305 Η
1378 4249 1475 4295 423
1514 4244 1629 4297 Aut
1663 4242 1682 4312 ΙΙ
1722 4244 1920 4297 leviore
1956 4247 1976 4313 ΙΙ
2014 4251 2112 4297 427
2149 4261 2411 4314 uncaque.
2452 4244 2472 4312 ΙΙ
2508 4249 2606 4297 428
2644 4261 2802 4313 ange-

585 4320 668 4376 liis
714 4323 735 4389 ΙΙ
773 4338 1009 4392 quaeque
1042 4331 1307 4380 omi-veum.
1356 4326 1376 4396 ΙΙ
1428 4332 1528 4379 429
1566 4326 1808 4380 Titiliare
1856 4328 1877 4395 ΙΙ
1925 4332 2025 4380 430
2061 4325 2204 4396 quod
2246 4329 2267 4395 ΙΙ
2318 4327 2594 4397 inviaeque
2635 4329 2656 4395 ΙΙ
2707 4331 2799 4380 437

587 4403 836 4475 grediens
873 4405 894 4473 ΙΙ
934 4411 1031 4458 438
1070 4406 1183 4459 Aut
