3042 5192
1298 421 1362 486 V
2303 428 2435 495 321

234 627 366 671 cum
398 605 629 668 clarum
662 621 811 663 esse
835 597 981 662 vult
1004 590 1319 691 ‘undique
1354 618 1389 658 e
1422 595 1788 681 longinquo
1821 601 2233 679 audienda-1102
2265 604 2441 671 feras

235 705 572 768 decursum
603 718 818 782 aquae
836 743 851 769 ‚
896 695 1010 779 qui
1040 695 1155 757 vix
1184 692 1398 757 audiri
1428 703 1690 781 potest,
1720 695 1972 761 frustra
2002 701 2177 766 clare
2208 705 2439 771 audire

232 803 432 866 iubet.
474 797 678 860 nihilo
710 796 924 857 minus
955 793 1064 856 hio
1092 792 1341 856 factum
1371 801 1478 857 est
1506 793 1577 856 id
1609 794 1795 879 quod
1827 796 2102 874 dicitur,
2145 811 2442 874 mutuum

232 899 407 964 muli:
449 917 598 959 nam
632 892 920 957 Orellius
952 889 1242 956 editione
1273 891 1484 955 altera
1507 885 1769 957 ‘bonam
1800 894 1996 960 Forb.
2029 902 2216 964 coni.’
2249 926 2443 988 quam

232 996 381 1060 dicit
404 990 729 1077 ‘recepit'.
762 1013 888 1054 nos
918 1000 1138 1055 autem
1166 989 1510 1054 videamus
1540 993 1767 1079 potius
1799 992 1884 1056 de
1915 998 2253 1082 analogia.
2297 1025 2445 1068 ver-

233 1096 376 1158 bum
407 1099 514 1156 est
554 1089 808 1173 antiqui
847 1087 1008 1151 iuris
1046 1088 1295 1173 publici
1326 1091 1629 1174 clariqare
1657 1116 1677 1153 .·
1718 1090 1789 1154 id
1819 1095 1930 1177 qui
1962 1079 2227 1181 saepius
2256 1100 2447 1178 facit,

231 1193 786 1262 Culmum-rar:
835 1207 988 1248 nam
1032 1183 1217 1270 quod
1258 1186 1408 1250 libri
1448 1189 1668 1255 nostri
1710 1213 1744 1252 c
1780 1190 2068 1257 litteram
2111 1219 2236 1283 pro
2260 1222 2307 1284 9
2336 1223 2446 1265 ex-

230 1292 456 1355 hibent
484 1334 500 1361 ,
547 1291 845 1349 attentos
898 1283 1137 1347 horum
1191 1287 1813 1351 commentariorum
1867 1291 2157 1358 lectores
2204 1301 2449 1362 morari

229 1411 355 1453 non
388 1385 596 1450 debet
616 1433 629 1447 .
673 1384 903 1467 itaque
934 1384 1240 1468 claviqare
1271 1391 1339 1447 et
1367 1387 1717 1471 clarificare
1747 1396 1881 1452 tam
1920 1399 2105 1455 reete
2136 1391 2452 1460 dicuntur

230 1507 419 1571 quam
441 1485 784 1570 ynariqare
801 1483 1104 1567 pur-iyare
1126 1480 1250 1563 (sic
1277 1481 1494 1546 Varro
1515 1506 1741 1549 rerum
1763 1489 2159 1554 rusticarum
2182 1494 2322 1569 11,4‚
2342 1495 2452 1578 14)

217 1607 490 1670 ptcrqare
514 1581 840 1668 sumiqare
867 1581 1172 1664 remiqare
1198 1582 1482 1666 mitiqare
1508 1583 1773 1668 leviyare
1802 1587 2043 1671 litiyare
2068 1591 2325 1676 iuryare
2352 1594 2452 1657 ob-

226 1684 522 1768 itcryitare
563 1680 859 1763 naviqare
890 1727 903 1740 .
966 1678 1422 1762 clariyationem
1463 1688 1685 1745 autem
1724 1705 1948 1748 rerum
1990 1690 2456 1772 repetitionem

227 1801 368 1844 esse
400 1779 570 1844 satis
603 1783 904 1840 constat.
947 1775 1174 1860 itaque
1204 1776 1465 1862 legatus
1497 1801 1646 1843 cum
1678 1781 2063 1868 clarigatum
2096 1787 2315 1871 capite
2345 1810 2455 1853 ve-

229 1879 358 1942 lato
389 1878 505 1941 filo
538 1874 967 1948 mittebatur,
994 1874 1145 1937 illos
1175 1873 1479 1940 homines
1505 1877 1788 1963 illasque
1816 1902 1928 1945 res
1959 1881 2192 1948 dedier
2216 1907 2457 1974 expos-

225 1977 452 2041 cebat.
482 1976 648 2038 item
667 2020 683 2046 ‚
717 1970 904 2057 quod
936 1980 1041 2036 est
1070 1971 1252 2059 apud
1281 1972 1541 2038 Livium
1569 1977 1635 2039 in
1665 2000 1810 2051 vm,
1833 1978 1935 2054 14,
1966 1980 2291 2046 Veliterni
2325 2007 2459 2069 quo

224 2087 531 2163 tempore
560 2072 728 2137 iussi
758 2079 950 2136 erant
980 2080 1168 2135 trans
1199 2071 1493 2137 Tiberim
1522 2073 1829 2139 habitare
1848 2124 1863 2150 ‚
1906 2079 2047 2143 eius
2078 2081 2191 2163 qui
2223 2082 2318 2144 eis
2349 2082 2463 2147 Ti-

224 2176 432 2240 berim
479 2171 951 2258 deprehensus
995 2180 1064 2235 et
1119 2178 1356 2255 captus
1399 2180 1581 2235 esset·
1621 2196 1835 2258 usque
1882 2175 1970 2238 ad
2014 2178 2187 2241 mille
2231 2179 2464 2264 pondo

224 2295 448 2339 assum
494 2279 647 2336 erat
685 2269 1029 2354 clarigatio
1051 2318 1067 2343 ,
1109 2267 1182 2332 id
1214 2277 1319 2333 est
1348 2271 1692 2354 repetitiog
1740 2272 1923 2356 quod
1953 2295 2069 2338 aes
2097 2277 2352 2341 scilicet
2380 2279 2464 2342 ab

221 2373 369 2459 ipso
393 2372 511 2436 vel
546 2391 587 2434 a
617 2390 690 2434 re
721 2367 990 2454 publiea
1009 2365 1505 2431 Veliternorum
1530 2369 1905 2434 solveretur
1924 2422 1937 2435 .
1969 2372 2057 2436 ad
2086 2372 2217 2437 hoc
2248 2396 2466 2439 exem-

222 2475 406 2560 plum
438 2475 627 2558 (nam
657 2470 955 2555 clariqari
984 2470 1208 2556 aliquis
1238 2476 1498 2555 potest,
1531 2470 1841 2552 quoniam
1866 2472 2126 2535 alicuius
2153 2474 2470 2558 clariqatio

221 2573 359 2657 est)
401 2577 620 2658 poeta
662 2567 825 2632 dicit
867 2565 1110 2630 flumen
1152 2565 1330 2630 feras
1362 2588 1398 2629 e
1437 2567 1777 2630 montibus
1805 2616 1820 2642 ‚
1861 2569 1929 2631 in
1963 2570 2204 2653 quibus
2235 2570 2324 2634 ad
2352 2592 2470 2657 pa-

224 2670 380 2734 bula
412 2665 815 2754 quaerenda
845 2672 1212 2751 evagantur
1230 2711 1245 2738 ,
1278 2665 1469 2749 quasi
1499 2666 1850 2751 clav-iyitare
1865 2715 1883 2747 ,
1916 2667 2047 2730 hoc
2078 2678 2183 2733 est
2211 2690 2473 2754 semper

216 2777 546 2855 repetere
580 2773 650 2830 et
677 2764 1067 2850 recolligere
1096 2812 1112 2839 ‚
1157 2763 1466 2848 quoniam
1497 2773 1778 2847 propter
1807 2765 1981 2829 sitim
2011 2787 2085 2830 se
2114 2766 2204 2831 ad
2233 2789 2475 2853 aquam

219 2868 537 2954 recipere
572 2872 906 2950 coguntur
925 2913 938 2925 .

390 2965 549 3031 948.
577 2964 1000 3037 Dmnmm,
1042 2981 1258 3024 NOTA
1301 2982 1572 3034 vAGtS,
1615 2983 2107 3035 sxnvns‘rluA
2150 2986 2477 3027 TEMPLA

217 3085 681 3129 TENEBANT
727 3060 1289 3124 NYMPHARUM.
1340 3058 1755 3122 Sententiam
1797 3061 2124 3146 pervertit
2152 3061 2479 3126 Marullus

215 3160 606 3229 scribendo
648 3161 986 3244 noctivaqi:
1024 3158 1156 3221 hoc
1201 3166 1422 3222 tamen
1451 3156 1561 3220 ille
1590 3156 2015 3221 Wakefieldo
2044 3159 2296 3224 rectius
2329 3180 2478 3223 sen-

217 3263 309 3326 sit
326 3311 343 3338 ,
373 3258 842 3348 nympharum
872 3256 1109 3320 domos
1139 3256 1366 3342 inepte
1402 3263 1472 3319 et
1494 3265 1763 3340 praeter
1791 3277 1929 3319 rem
1947 3255 2078 3321 diei
2105 3265 2307 3321 notas
2330 3279 2480 3322 esse

214 3362 452 3425 solere
501 3356 888 3422 hominibus
930 3355 1176 3418 circum
1204 3354 1606 3440 vagantibus
1637 3402 1649 3416 .
1694 3351 1817 3417 sed
1861 3354 2025 3419 satis
2056 3365 2161 3421 est
2189 3357 2483 3422 scribere

214 3482 411 3524 vaur
436 3507 453 3534 ‚
485 3465 576 3521 ut
605 3456 735 3541 ipsi
761 3454 853 3519 illi
880 3454 1074 3541 primi
1104 3453 1422 3517 mortales
1451 3450 1833 3516 indicentur
1852 3502 1865 3516 .

389 3556 556 3621 949.
590 3575 885 3630 omnus
927 3575 965 3615 E
1010 3572 1364 3616 scmAN‘r
1404 3573 1667 3615 onom-2
1712 3572 2081 3615 rLur-:n-rA
2112 3553 2484 3616 LumucA

212 3674 721 3721 Pnonuvmn
787 3672 1058 3714 LARGA
1126 3671 1430 3714 mumma:
1493 3671 1749 3712 mumA
1818 3671 2077 3712 stim.-
2132 3650 2239 3715 Ita
2285 3671 2485 3713 mem-

204 3757 490 3821 branae
512 3801 531 3827 ,
580 3750 797 3837 quibus
837 3737 1148 3829 esc-ibant}
1181 3746 1367 3833 quod
1412 3768 1561 3811 cum
1591 3746 2096 3833 Havereampus
2136 3755 2323 3811 recte
2353 3757 2487 3811 ret-

209 3854 510 3918 tulisset
531 3899 550 3925 ,
593 3856 817 3912 tamen
844 3868 1039 3911 nemo
1069 3844 1238 3910 vidit
1266 3845 1508 3910 litteris
1543 3843 1853 3907 diiunctis
1884 3844 2307 3910 scribendum
2342 3865 2489 3907 esse

204 3953 450 4040 quibus
485 3973 524 4012 e
558 3947 824 4010 scibant.
861 3945 1017 4009 olim
1044 3945 1352 4030 impressi
1381 3943 1709 4022 aestimat,
1755 3942 1903 4006 Itali
1935 3945 2209 4022 exibant,
2240 3941 2490 4005 Wake-

203 4048 481 4116 fieldus
544 4045 829 4108 earo-ibant
859 4093 872 4107 .
937 4042 1059 4107 sed
1092 4043 1334 4133 fluenta
1383 4039 1618 4129 putide
1679 4062 1757 4105 ac
1809 4061 2127 4126 perverse
2179 4039 2493 4103 dicuntur

203 4171 444 4213 wnwre
496 4143 750 4208 lubrica
767 4168 789 4204 .·
839 4142 1067 4226 itaque
1097 4139 1557 4205 Wakefieldus
1602 4162 1644 4205 a
1685 4139 1992 4204 Bentleio
2045 4137 2279 4201 debuit
2320 4137 2492 4200 acci-

205 4266 392 4333 pere
426 4265 478 4306 υ
496 4263 556 4305 Μ
577 4241 726 4303 om’
747 4240 992 4328 fluenta
1012 4288 1030 4319 ,
1062 4261 1197 4323 quo
1228 4261 1301 4302 se
1329 4239 1534 4302 homo
1563 4238 1771 4302 mirus
1798 4237 1963 4301 nihil
1989 4256 2301 4318 umquam
2331 4232 2494 4296 infe-

202 4345 423 4409 licius
477 4336 744 4403 vidisse
791 4346 1053 4402 narrat.
1102 4335 1420 4424 deinceps
1452 4334 1636 4422 apud
1663 4335 1955 4399 Nonium
1982 4356 2048 4419 p.
2067 4331 2265 4407 504,8
2293 4331 2494 4416 paulo

205 4442 500 4508 rectius
537 4436 866 4523 seriptum
900 4444 1090 4501 extat
1105 4437 1419 4522 proluvie.
2013 4528 2051 4592 2

601 4548 622 4570 ·
2061 4530 2087 4592 l
