3042 5192
578 439 672 507 28
1665 440 1695 508 I

572 614 665 677 nil
689 613 756 676 in
790 594 1069 678 concilio
1099 621 1405 678 naturam
1433 622 1511 678 ut
1536 621 1752 678 mutet
1780 635 2010 679 eorum
2028 664 2043 687 ‚

570 728 753 792 nulla
782 728 901 792 tibi
931 749 1015 791 ex
1041 728 1169 792 illis
1197 729 1451 814 poterit
1477 750 1588 793 res
1620 750 1768 793 esse
1800 738 2059 803 creata,

572 864 710 907 non
737 843 1036 907 animans
1055 892 1070 919 ‚
1094 864 1228 906 non
1261 843 1563 907 exanimo
1594 864 1741 906 cum
1772 864 2059 932 corpore
2077 892 2092 917 ‚
2115 852 2191 907 ut
2219 845 2455 909 arbos:

418 975 516 1020 775
573 958 820 1044 quippe
851 979 1038 1021 suam
1070 958 1356 1043 quicque
1385 958 1455 1025 in
1483 965 1682 1022 coetu
1711 959 2030 1022 variantis
2060 960 2282 1024 acervi

569 1079 876 1135 naturam
907 1071 1222 1136 ostendet
1239 1121 1254 1148 ‚
1276 1072 1660 1157 mixtusque
1687 1070 2024 1137 videbitur
2053 1080 2168 1138 aer

572 1208 719 1250 cum
750 1193 932 1252 terra
960 1188 1154 1251 simul
1180 1195 1387 1272 atque
1418 1186 1624 1251 ardor
1654 1208 1802 1250 cum
1832 1208 1988 1251 rore
2015 1209 2316 1252 manere.

571 1309 643 1366 at
667 1300 1033 1388 primordia
1060 1300 1415 1387 gignundis
1441 1303 1510 1365 in
1540 1302 1724 1365 rebu’
1751 1310 2098 1366 necessest

567 1425 872 1492 naturam
900 1414 1381 1479 clandestinam
1410 1437 1812 1501 caecamque
1841 1414 2197 1493 adhibere3

416 1551 514 1596 780
570 1532 850 1595 emineat
877 1528 1129 1616 nequid
1146 1579 1162 1605 ‚
1187 1528 1372 1614 quod
1403 1538 1641 1594 contra
1668 1538 1924 1617 pugnet
1953 1539 2021 1595 et
2050 1532 2277 1596 obstet

573 1669 708 1733 quo
737 1646 954 1710 minus
984 1665 1134 1708 esse
1166 1653 1369 1729 queat
1396 1646 1671 1734 proprie
1703 1643 1890 1731 quod
1919 1666 2200 1731 cumque
2230 1653 2527 1710 creatur.

658 1761 835 1841 Quin
865 1760 1062 1824 etiam
1089 1766 1406 1846 repetunt
1433 1781 1475 1823 a
1504 1761 1691 1824 caelo
1722 1767 1926 1846 atque
1954 1761 2218 1847 ignibus
2249 1761 2389 1825 eius
2408 1809 2423 1833 ‚

573 1886 640 1940 et
665 1877 946 1964 primum
972 1874 1225 1939 faciunt
1249 1875 1466 1960 ignem
1496 1896 1570 1939 se
1599 1882 1863 1939 vertere
1892 1876 1961 1939 in
1989 1896 2188 1941 auras

572 1992 743 2056 aeris
760 2039 777 2066 ‚
799 1989 954 2054 hinc
982 1990 1253 2053 imbrem
1282 1990 1495 2076 gigni,
1521 1998 1903 2076 terramque
1936 1992 2147 2055 creari

415 2127 513 2173 785
569 2130 653 2173 ex
681 2106 906 2181 imbri,
927 2112 1246 2189 retroque
1276 2126 1318 2168 a
1343 2112 1527 2170 terra
1557 2114 1802 2171 cuncta
1827 2108 2074 2171 reverti
2092 2156 2107 2181 ‚

567 2243 863 2288 umorem
890 2221 1174 2308 primum
1192 2268 1207 2295 ‚
1228 2229 1388 2306 post
1416 2226 1607 2296 aera,
1631 2219 1875 2284 deinde
1905 2222 2192 2286 calorem
2212 2271 2226 2289 .

570 2359 695 2402 nec
725 2357 991 2401 cessare
1019 2335 1188 2398 haec
1215 2335 1389 2400 inter
1419 2357 1492 2400 se
1519 2344 1779 2400 mutare
1798 2386 1814 2412 ‚
1838 2357 2059 2401 meare

571 2474 613 2515 a
641 2453 826 2515 caelo
857 2449 947 2515 ad
974 2458 1221 2514 terram
1239 2498 1254 2523 ‚
1279 2448 1364 2513 de
1395 2458 1577 2515 terra
1605 2449 1695 2514 ad
1723 2449 1947 2515 sidera
1976 2449 2206 2514 mundi
2225 2500 2238 2512 .

571 2565 757 2652 quod
783 2565 1005 2629 facere
1033 2562 1217 2627 haud
1244 2565 1382 2628 ullo
1414 2563 1668 2629 debent
1695 2563 2062 2651 primordia
2092 2574 2324 2651 pact0.

415 2698 514 2746 790
568 2680 970 2745 immutabile
1002 2679 1172 2742 enim
1204 2677 1524 2764 quiddam
1555 2700 1873 2766 superare
1901 2686 2249 2743 necessest
2267 2727 2281 2751 ‚

571 2817 657 2860 ne
686 2816 796 2859 res
824 2793 915 2858 ad
940 2794 1145 2858 nilum
1172 2792 1565 2879 redigantur
1591 2792 1898 2858 funditus
1929 2815 2194 2858 omnes:

567 2932 722 2976 nam
753 2907 940 2996 quod
969 2929 1253 2993 cumque
1283 2909 1422 2972 suis
1450 2915 1778 2971 mutatum
1805 2908 2048 2972 finibus
2079 2909 2216 2972 exit
2234 2957 2250 2977 ,

569 3025 889 3090 continuo
919 3023 1053 3088 hoc
1080 3044 1263 3088 mors
1293 3030 1398 3087 est
1424 3022 1599 3087 illius
1630 3020 1819 3107 quod
1845 3021 1974 3087 fuit
2002 3030 2157 3087 ante
2178 3073 2191 3084 .

572 3162 706 3227 qua
732 3147 1016 3227 propter
1045 3139 1358 3224 quoniam
1389 3158 1562 3223 quae
1594 3138 1795 3222 paulo
1828 3136 2114 3200 diximus
2144 3144 2302 3200 anto

415 3274 513 3320 795
567 3257 635 3320 in
667 3261 1138 3319 commutatum
1166 3253 1442 3316 veniunt
1459 3300 1474 3325 ‚
1499 3258 1812 3316 constare
1840 3258 2189 3315 necessest

572 3392 657 3434 ex
685 3370 828 3434 aliis
859 3389 939 3431 ea
956 3418 972 3444 ‚
997 3388 1170 3453 quae
1201 3373 1545 3451 nequeant
1572 3365 1952 3428 convertier
1982 3385 2266 3449 usquam
2284 3415 2298 3437 ,

570 3506 654 3548 ne
682 3485 801 3548 tibi
832 3504 942 3548 res
971 3480 1259 3546 redeant
1287 3478 1378 3543 ad
1404 3479 1610 3543 nilum
1637 3477 1940 3543 funditus
1972 3499 2238 3543 omnes.

574 3600 733 3686 quin
762 3599 990 3686 potius
1020 3597 1138 3662 tali
1163 3602 1408 3658 natura
1435 3592 1744 3680 praedita
1774 3592 2104 3679 quaedam

576 3735 866 3800 corpora
896 3712 1266 3776 constituas
1286 3759 1302 3785 ‚
1323 3710 1543 3795 ignem
1574 3709 1630 3772 si
1658 3707 1836 3772 forte
1866 3710 2156 3772 crearint
2176 3758 2189 3779 ‚

419 3848 516 3894 800
574 3851 778 3915 posse
808 3827 1041 3891 eadem
1061 3875 1077 3902 ‚
1101 3824 1391 3909 demptis
1421 3824 1654 3909 paucis
1684 3823 2052 3910 paucisque
2083 3823 2350 3888 tributis
2372 3872 2385 3897 ‚

575 3941 813 4007 ordine
842 3949 1100 4008 mutato
1132 3948 1201 4005 et
1228 3949 1413 4003 motu
1433 3988 1448 4014 ‚
1470 3940 1692 4004 facere
1723 3939 1896 4002 aetis
1927 3960 2126 4003 auras
2145 3987 2159 4011 ‚

584 4256 681 4301 772
723 4257 775 4301 ct
820 4250 841 4318 Η
891 4255 990 4302 774
1028 4249 1225 4302 animas
1273 4250 1294 4318 ΙΙ
1344 4256 1442 4302 775
1481 4250 1706 4319 quisquc
1742 4249 1795 4301 in
1831 4254 2039 4310 coetum
2087 4245 2107 4313 ss
2146 4251 2245 4297 776
2282 4242 2519 4297 ostendit
2556 4244 2578 4313 ΙΙ
2617 4248 2713 4295 777
2753 4252 2798 4293 ct

584 4331 809 4402 quodam
845 4348 964 4385 cum
1000 4333 1022 4400 ΙΙ
1057 4348 1302 4385 manare.
1349 4333 1372 4401 ΙΙ
1420 4338 1521 4384 778
1559 4336 1807 4401 oportet.
1857 4328 1879 4396 ΙΙ
1929 4334 2027 4381 779
2065 4326 2451 4398 glande-stiuam
2498 4327 2520 4396 ΙΙ
2558 4332 2659 4379 780
2695 4325 2800 4377 Dc-

583 4417 779 4469 mincat
814 4418 834 4485 ΙΙ
873 4421 968 4468 781
1009 4421 1240 4469 creatas.
1277 4416 1297 4483 ΙΙ
1335 4422 1433 4469 784
1472 4414 1648 4484 ignc'm
1685 4414 1705 4481 Η
1745 4421 1842 4466 785
1882 4412 1989 4483 igni
2027 4412 2048 4480 ΙΙ
2086 4412 2355 4465 interram
2396 4410 2418 4477 ΙΙ
2453 4416 2555 4463 789
2591 4409 2759 4463 fact0.
