3042 5192
1226 472 1328 539 VI
2239 479 2378 547 235

172 657 511 736 propterea
537 646 618 711 fit
643 646 741 710 uti
772 664 945 730 quae
975 644 1228 708 semina
1257 664 1541 729 cumque
1569 645 1778 712 habet
1803 649 1973 734 ignis

175 762 474 839 dimittat3
500 761 697 847 quasi
726 780 928 847 saepe
956 759 1176 845 gelum
1193 808 1210 835 ,
1234 759 1421 844 quod
1450 763 1753 827 continet
1778 763 1848 826 in
1877 785 1950 828 se
1968 812 1983 838 ‚

172 879 343 942 mittit
371 885 443 941 et
473 875 729 941 exolvit
755 874 1035 961 glaciem
1061 873 1419 960 nodosque
1447 876 1741 941 relaxat.

241 990 543 1078 Frigidus
576 998 683 1054 cst
712 990 908 1054 etiam
934 988 1091 1054 fons
1109 1038 1125 1066 ‚
1150 1010 1357 1075 supra
1386 1011 1585 1076 quem
1615 992 1745 1056 sita
1772 1012 1975 1079 saepe

67 1125 134 1171 §so
176 1114 398 1194 stuppa
422 1106 587 1171 iacit
612 1104 938 1170 flammam
967 1111 1298 1190 concepto
1327 1106 1639 1191 protinus
1666 1106 1804 1192 igni
1821 1155 1838 1183 ,

176 1220 493 1307 taedaque
525 1220 850 1285 consimili
877 1220 1138 1284 rafione
1169 1240 1457 1284 accensa
1483 1242 1608 1306 per
1635 1219 1854 1286 undas

178 1336 465 1400 conlucet
484 1384 501 1412 ,
525 1356 664 1420 quo
695 1355 977 1420 cumque
1004 1342 1248 1399 natans
1275 1335 1636 1420 impellitur
1667 1337 1850 1400 auris
1869 1385 1882 1398 .

176 1451 233 1514 ni
255 1452 483 1515 mirum
502 1498 519 1526 ,
542 1450 701 1536 quia
728 1456 889 1513 sunt
914 1449 985 1513 in
1012 1469 1190 1535 aqua
1216 1449 1547 1535 permulta
1574 1451 1848 1535 vaporis

177 1567 405 1629 semina
422 1614 438 1640 ‚
468 1563 555 1629 de
586 1572 902 1650 terraque
930 1571 1277 1629 necessest
1302 1563 1607 1630 funditus
1635 1566 1788 1652 ipsa

66 1696 135 1739 sss
176 1680 323 1764 ignis
349 1701 647 1766 corpora
672 1699 796 1765 per
823 1685 1043 1743 totum
1070 1699 1479 1764 consurgere
1506 1679 1762 1745 fontem

182 1802 240 1858 et
263 1794 450 1859 simul
479 1793 821 1882 exspirare
848 1793 1035 1858 foras
1065 1794 1382 1879 exireque
1409 1795 1480 1858 in
1508 1815 1707 1860 auras
1726 1844 1742 1871 ‚

180 1911 420 1973 nonita
443 1909 656 1974 multa
681 1916 904 1973 tamen
922 1957 939 1985 ,
960 1907 1218 1973 calidus
1251 1917 1455 1994 queat
1480 1916 1559 1974 ut
1583 1910 1728 1974 fieri
1756 1909 1911 1976 fons
1928 1960 1943 1986 ‚

182 2033 525 2110 propterea
553 2022 864 2109 dispersa
889 2023 1076 2089 foras
1108 2045 1455 2112 erumpere
1484 2025 1668 2110 cogit

182 2138 270 2202 vis
295 2161 415 2225 per
444 2160 686 2224 aquam
717 2138 938 2202 subito
969 2160 1369 2225 sursumque
1400 2160 1480 2204 ea
1506 2138 1846 2204 conciliari
1863 2188 1876 2202 .

64 2267 137 2313 890
179 2253 345 2338 quod
370 2275 583 2340 genus
615 2252 791 2318 endo
818 2254 1053 2318 marist
1077 2253 1290 2318 Aradi
1317 2253 1471 2318 fons
1490 2303 1506 2330 ‚
1531 2253 1745 2319 dulcis
1774 2256 1971 2340 aquai

182 2368 282 2453 qui
307 2369 503 2434 scatit
532 2375 605 2434 et
632 2368 845 2433 salsas
875 2369 1121 2434 circum
1150 2390 1224 2433 se
1255 2368 1554 2435 dimovet
1578 2368 1829 2434 undas:

186 2492 243 2547 et
268 2484 483 2549 multis
513 2484 658 2549 aliis
686 2484 969 2571 praebet
994 2484 1378 2570 regionibus
1408 2504 1666 2570 aequor

183 2599 517 2664 utilitatem
547 2605 999 2685 opportunam
1029 2599 1388 2664 sitientibu’
1415 2599 1639 2664 nautis
1658 2647 1674 2675 ‚

186 2713 355 2799 quod
383 2713 597 2779 dulcis
624 2714 799 2778 inter
827 2714 1042 2780 salsas
1068 2714 1245 2778 inter
1271 2714 1480 2779 vomit
1507 2712 1727 2779 undas
1744 2764 1760 2778 .

52 2845 145 2888 ms
190 2828 278 2892 sic
304 2829 502 2916 igitur
532 2851 656 2917 per
687 2850 831 2894 eum
858 2836 1151 2915 possunt
1180 2850 1526 2915 erumpere
1553 2827 1809 2894 fontem

184 2950 243 3008 et
269 2951 520 3009 scatere
549 2944 663 3008 illa
689 2943 874 3008 foras
900 2943 971 3008 in
998 2951 1314 3032 stuppam
1342 2945 1627 3021 semina3
1651 2965 1787 3030 quo
1818 2966 1966 3009 cum

185 3060 572 3124 conveniunt
601 3066 721 3123 aut
745 3058 814 3123 in
841 3058 1067 3123 taedai
1094 3080 1381 3145 corpore
1409 3058 1786 3124 adhaerent
1802 3107 1818 3134 ‚

186 3173 535 3239 ardescunt
561 3174 757 3238 facile
786 3175 1122 3262 extemplo
1142 3223 1157 3252 ,
1183 3174 1340 3259 quia
1365 3174 1576 3238 multa
1606 3194 1878 3260 quoque
1905 3175 1975 3237 in
2007 3197 2080 3239 se

186 3290 419 3353 semina
444 3291 702 3355 habent
726 3290 898 3376 ignis
929 3297 1217 3376 stuppae
1245 3288 1624 3375 taedaeque
1652 3289 1947 3375 tepentis
1966 3339 1980 3353 .

66 3415 144 3462 900
188 3424 397 3469 nonne
422 3404 615 3470 vides
647 3406 841 3469 etiam
860 3453 876 3481 ‚
897 3411 1232 3469 nocturna
1261 3403 1350 3468 ad
1378 3405 1625 3468 lumina
1653 3404 1856 3469 linum

188 3538 389 3604 nuper
413 3521 526 3586 ubi
556 3521 923 3585 extinctum
951 3517 1316 3584 admoveas
1336 3570 1351 3596 ,
1376 3518 1732 3585 accendier
1760 3528 1916 3584 ante

192 3653 377 3716 quam
402 3637 628 3722 tetigit
655 3634 981 3699 flammam
999 3683 1016 3711 ,
1039 3634 1441 3720 taedamque
1471 3636 1622 3722 pari
1646 3636 1909 3700 ratione
1926 3637 1958 3698 P

189 3749 511 3837 multaque
540 3757 897 3838 praeterea
920 3750 1111 3835 prius
1138 3750 1289 3836 ipso
1321 3758 1503 3815 tacta
1530 3772 1786 3837 vapore

194 3864 428 3930 eminus
456 3864 823 3931 ardescunt
852 3886 1051 3951 quam
1081 3865 1445 3930 comminus
1472 3865 1729 3931 imbuat
1755 3865 1927 3950 ignis
1945 3914 1958 3927 .

66 3989 145 4034 ⁹05
192 3975 317 4041 hoc
342 3980 537 4066 igitur
564 3979 708 4044 fieri
739 4002 1011 4066 quoque
1039 3981 1108 4043 in
1136 3979 1249 4043 illo
1278 3978 1467 4044 fonte
1496 3978 1969 4066 putandumst.

204 4286 295 4334 877
333 4281 583 4337 Demittat
629 4282 651 4352 ΙΙ
701 4291 801 4338 878
836 4286 1117 4357 nobosque
1163 4287 1184 4354 ΙΙ
1229 4292 1328 4338 879
1366 4285 1562 4356 Frigus
1611 4287 1632 4356 ΙΙ
1677 4293 1775 4339 880
1822 4285 1949 4340 lacit
1986 4286 2007 4358 ΙΙ
2045 4292 2141 4339 887
2191 4289 2354 4340 muita
2391 4286 2410 4354 13

202 4371 297 4416 888
322 4364 566 4422 Preterea
601 4367 623 4439 ΙΙ
661 4374 763 4421 889
787 4369 1098 4424 conciliare.
1140 4370 1161 4441 ΙΙ
1199 4374 1297 4421 890
1323 4369 1641 4440 marisparat
1677 4369 1698 4440 ΙΙ
1735 4376 1833 4423 892
1859 4375 2074 4440 praeter
2112 4369 2133 4439 ΙΙ
2169 4374 2266 4421 894
2293 4368 2410 4422 dul-

203 4448 271 4498 cit
306 4448 329 4516 ΙΙ
359 4457 453 4504 896
487 4470 589 4523 que
638 4453 660 4520 ΙΙ
712 4459 809 4506 897
830 4453 969 4508 deda
985 4471 1215 4525 corpora
1249 4453 1270 4524 ΙΙ
1309 4458 1406 4506 898
1424 4453 1514 4522 qui
1550 4455 1572 4522 ΙΙ
1610 4459 1708 4507 899
1733 4460 2003 4507 tenentes.
2040 4451 2060 4521 ΙΙ
2101 4457 2200 4506 900
2221 4451 2414 4505 lumine
