3042 5192
635 477 777 546 208
1696 472 1790 541 111

636 652 766 716 hoc
812 656 922 714 est
961 649 1076 735 qui
1113 646 1318 712 modo
1358 654 1542 712 stare
1570 645 1928 711 videbatur
1970 644 2178 730 (Stat.
2211 645 2340 711 Th.
2370 645 2531 724 v‚86
2558 695 2573 721 ‚
2614 648 2845 713 Horat.

633 772 688 812 c.
709 773 804 823 111,
821 748 921 822 28,
940 748 1016 832 5)
1045 746 1319 811 inclinat
1346 767 1425 810 ac
1457 744 1685 810 deficit
1711 792 1726 818 ‚
1770 753 1841 808 et
1878 752 2133 808 remeat
2163 792 2179 818 ‚
2227 766 2376 809 cum
2403 755 2565 831 post
2591 755 2847 811 noctem

631 846 810 911 redit
841 848 854 910 Ξ
896 867 974 910 ac
1013 866 1098 909 ne
1141 845 1208 907 in
1252 843 1584 931 Sulpiciae
1625 841 1894 927 quidem
1936 844 2146 907 satira
2183 842 2265 907 23
2303 844 2521 908 virtus
2560 844 2849 910 Romana

632 946 797 1011 satis
841 952 998 1030 apte
1035 944 1247 1007 exiisse
1289 940 1533 1006 dicitur
1571 942 1639 1005 in
1680 961 1863 1005 mare
1908 941 2202 1005 Siculum
2247 949 2315 1005 et
2356 940 2849 1028 Carthaginem,

634 1043 759 1110 sed
804 1045 1070 1108 Romam
1110 1043 1326 1127 ipsam
1372 1043 1565 1106 virtu-s·
1604 1042 1838 1126 agitata
1878 1040 2044 1104 domi
2085 1051 2144 1104 et
2179 1041 2507 1104 socialibus
2557 1042 2748 1105 annis
2783 1042 2849 1106 In

618 1144 795 1232 freta
826 1142 1118 1207 Sicaniae
1159 1152 1216 1205 et
1249 1140 1635 1226 Carthayinis
1662 1139 1845 1202 exciit
1882 1162 2058 1203 arce-s·
2083 1186 2102 1219 ,
2152 1138 2480 1225 Ceteraque
2520 1141 2781 1225 imperia
2803 1151 2853 1203 et

630 1253 817 1307 totum
856 1241 1043 1305 simul
1078 1239 1320 1304 absczdit
1359 1240 1564 1304 orbem
1592 1288 1607 1302 .
1649 1236 1783 1300 hoc
1826 1245 2051 1301 tamen
2090 1235 2286 1300 facile
2328 1235 2638 1301 concedo
2670 1286 2687 1312 ‚
2730 1245 2850 1302 tam

631 1341 864 1404 miram
904 1335 1292 1424 prosodiam
1326 1386 1341 1413 ,
1382 1338 1570 1402 cuius
1612 1335 1941 1399 rationem
1980 1356 2121 1398 non
2162 1334 2636 1421 intellegerent
2664 1385 2680 1412 ,
2723 1338 2848 1422 qui-

630 1438 920 1505 busdam
956 1458 1095 1501 non
1122 1435 1323 1500 valde
1351 1435 1688 1523 placuisse
1718 1484 1732 1498 .
1773 1456 1927 1499 nam
1958 1455 2132 1520 quae
2164 1444 2444 1520 quartae
2474 1434 2848 1502 declinatio·

633 1538 739 1602 nis
781 1542 942 1601 sunt
981 1533 1370 1599 breviantur
1398 1581 1414 1608 ,
1472 1541 1551 1597 ut
1588 1534 1801 1597 ambiit
1838 1535 2038 1598 audiit
2092 1534 2265 1598 lenit}
2301 1536 2561 1599 emwziit
2614 1537 2851 1622 quaes&

635 1636 819 1701 acciit
843 1683 863 1715 ,
904 1634 1031 1697 nisi
1070 1633 1184 1697 ubi
1222 1631 1583 1719 productio
1627 1632 2129 1696 excusationem
2168 1632 2377 1697 habet
2408 1681 2424 1706 ‚
2466 1632 2662 1699 velut
2712 1643 2847 1697 ante

632 1732 1032 1799 vocabulum
1062 1731 1390 1796 Graecum
1430 1739 1549 1796 aut
1584 1732 1655 1795 in
1683 1730 2188 1816 penthemimeri
2217 1739 2549 1817 sequente
2578 1745 2639 1798 et
2666 1755 2847 1819 copu-

634 1833 843 1897 lativo
874 1879 889 1905 ‚
930 1838 1008 1896 ut
1045 1830 1114 1894 in
1143 1829 1396 1893 Valerii
1432 1829 1658 1893 Flacci
1696 1852 1841 1904 vm,
1870 1828 1994 1892 259
2031 1829 2288 1915 inpediit
2312 1830 2715 1917 Hymenaeo-3
2739 1881 2754 1910 ,
2790 1833 2847 1895 in

636 1929 860 1996 Ovidii
898 1937 1161 1994 metam.
1189 1951 1308 2004 λιι,
1327 1927 1449 1992 392
1477 1929 1739 2014 inpediit
1762 1940 1821 1993 et
1844 1930 2019 1991 inani
2049 1953 2070 1991 :
2107 1929 2209 1992 siit
2233 1929 2303 1992 in
2331 1927 2643 1994 Terentii
2666 1930 2846 1995 Adel·

637 2029 792 2118 phis
841 2051 886 2105 1,
919 2027 977 2104 2,
1007 2027 1090 2091 24
1142 2047 1508 2113 agnoscere
1551 2025 1819 2091 videtur
1861 2025 2223 2091 Diomedes
2267 2050 2333 2113 p.
2358 2027 2478 2092 371
2519 2079 2536 2102 ‚
2574 2031 2749 2094 desiit
2790 2030 2845 2093 in

633 2151 834 2194 versu
861 2149 1001 2192 non
1027 2127 1257 2191 inveni
1275 2175 1290 2203 ,
1321 2124 1445 2190 sed
1476 2124 1793 2190 dixerunt
1824 2125 1977 2189 desit
1992 2125 2304 2190 Manilius
2325 2149 2388 2202 v,
2407 2126 2532 2192 663
2550 2176 2568 2205 ‚
2591 2129 2845 2193 Martia-

634 2229 717 2293 lis
754 2225 945 2301 v1‚26
979 2224 1196 2300 v11‚39
1237 2224 1499 2298 x‚8690
1541 2222 1733 2300 x1,25
1766 2272 1781 2287 .
1823 2224 2055 2309 itaque
2097 2224 2285 2289 multi
2330 2232 2492 2289 sunt
2539 2228 2658 2312 qui
2695 2229 2847 2314 petiit

635 2346 994 2411 numquam
1024 2322 1314 2388 dixerint
1343 2372 1358 2399 ,
1402 2344 1541 2388 non
1579 2322 1744 2386 nulli
1773 2331 1996 2387 autem
2023 2344 2108 2387 ne
2134 2324 2320 2388 subiit
2344 2324 2621 2409 quidem
2650 2351 2668 2403 ς
2707 2348 2842 2412 pars

637 2433 755 2489 aut
781 2432 1137 2508 utrumque
1166 2443 1378 2508 genus
1407 2470 1423 2498 ‚
1456 2428 1575 2485 aut
1603 2441 1683 2484 ea
1709 2428 1972 2485 tantum
2003 2443 2175 2507 quae
2204 2421 2409 2486 eundi
2439 2424 2843 2509 significatio·

581 2603 586 2608 .
638 2545 788 2587 nem
817 2521 1074 2586 habent
1100 2570 1115 2595 ‚
1160 2542 1299 2584 non
1326 2520 1456 2584 nisi
1485 2527 1644 2583 ante
1675 2528 2128 2585 consonantes
2161 2570 2177 2598 ‚
2217 2528 2294 2585 ut
2317 2520 2713 2600 Lueretius,
2740 2523 2840 2587 Ca·

638 2622 862 2696 tulluS‚
874 2619 1207 2695 Tibullus,
1226 2617 1499 2682 Gratius
1515 2667 1532 2695 ‚
1552 2618 1988 2685 Germanicus
2002 2669 2018 2697 ‚
2038 2620 2261 2685 Silius.
2282 2621 2391 2685 alii
2403 2669 2420 2698 ‚
2439 2623 2556 2706 qui
2578 2622 2689 2688 his
2710 2631 2841 2686 aute

633 2720 907 2784 vocales
922 2718 1028 2782 usi
1049 2725 1233 2793 sunt,
1248 2717 1344 2780 ita
1359 2737 1622 2803 semper
1645 2726 2019 2804 posuerunt
2039 2726 2115 2783 ut
2133 2719 2403 2805 possint
2423 2720 2749 2806 imperitis
2762 2721 2843 2784 vi·

637 2818 782 2883 deri
803 2824 1086 2904 propter
1104 2836 1447 2880 caesuram
1466 2814 1803 2902 producta
1829 2838 2012 2882 esse:
2037 2818 2134 2882 sic
2152 2820 2330 2904 petiit
2340 2817 2684 2905 Vergilius
2698 2823 2839 2885 Aen.

635 2941 700 2994 x,
718 2917 798 2981 67
818 2966 833 2992 ‚
864 2913 1261 3002 Propertius
1293 2936 1335 2988 1,
1357 2913 1451 2987 10,
1469 2913 1550 2977 23
1578 2963 1595 2988 ,
1629 2914 1956 2980 Martialis
1984 2916 2148 2992 x‚60
2178 2966 2194 2992 ‚
2234 2917 2333 2981 sio
2363 2927 2595 2983 cetera
2626 2918 2839 3003 Vergi-

635 3018 762 3082 lius
794 3065 808 3093 ,
847 3014 1171 3078 Horatius
1191 3061 1206 3088 ‚
1234 3011 1507 3075 Persius
1526 3061 1541 3087 ‚
1570 3011 1882 3078 Valerius
1912 3013 2194 3079 Flaccus
2212 3063 2228 3090 ‚
2258 3014 2522 3081 Statius
2540 3064 2557 3090 ‚
2588 3017 2837 3081 Martia-

634 3116 716 3180 lis
747 3163 763 3190 ‚
804 3111 1138 3177 Iuvenalis
1167 3157 1180 3174 .
1223 3131 1442 3195 neque
1471 3109 1756 3176 Plautus
1795 3120 1914 3176 aut
1941 3111 2302 3177 Terentius
2329 3114 2427 3178 ita
2452 3114 2525 3178 in
2553 3116 2835 3180 versibus

636 3212 1053 3277 collocarunt
1079 3217 1155 3273 ut
1182 3209 1449 3273 ultimae
1479 3208 1780 3296 syllabae
1804 3212 2145 3296 quantitas
2168 3220 2355 3276 certo
2382 3213 2687 3301 intellegi
2704 3236 2835 3301 pos·

636 3311 725 3375 sit
742 3359 756 3385 ‚
782 3308 907 3373 sed
934 3308 1069 3373 hoc
1097 3306 1301 3372 modo
1321 3356 1337 3383 ‚
1361 3308 1535 3373 Dum
1561 3307 1711 3373 haec
1738 3310 2023 3396 loquitur,
2053 3311 2203 3375 abiit
2226 3311 2380 3375 hora
2395 3360 2415 3393 ‚
2437 3310 2507 3374 in
2530 3312 2836 3377 Eunucho

637 3431 706 3483 11,
723 3407 780 3480 3,
800 3407 914 3482 50,
944 3415 1062 3470 aut
1084 3406 1262 3471 Satin
1290 3407 1438 3471 abiit
1461 3404 1612 3470 ille?
1640 3407 1709 3470 in
1732 3407 1945 3471 Milite
1975 3431 2045 3483 11,
2062 3407 2120 3485 6,
2142 3408 2210 3485 13
2239 3409 2369 3473 nisi
2400 3409 2593 3495 quod
2621 3411 2691 3474 in
2720 3411 2836 3474 Cis-

635 3503 894 3569 tellaria
923 3503 1180 3579 1v‚2‚35
1209 3526 1449 3569 versus
1477 3504 1892 3570 Bacchiacus
1932 3506 2181 3592 optime
2223 3507 2318 3571 sic
2358 3507 2619 3573 incedit
2643 3559 2662 3585 ‚
2709 3511 2835 3574 Coa·

635 3602 967 3688 tdmplabor
984 3650 998 3664 .
1028 3601 1169 3665 hinc
1193 3602 1313 3667 huc
1339 3605 1441 3668 iit.
1473 3605 1615 3669 hino
1640 3628 1943 3692 nusquam
1970 3606 2122 3670 dbiit
2136 3654 2151 3669 .
2182 3612 2443 3671 tantum
2467 3605 2557 3671 de
2578 3607 2687 3672 his
2706 3628 2835 3694 per-

633 3703 960 3767 fectorum
1000 3699 1232 3764 formis
1260 3749 1275 3777 ,
1317 3702 1386 3766 in
1417 3704 1660 3788 quibus
1690 3705 1714 3768 i
1744 3703 1994 3789 duplex
2024 3711 2128 3768 est
2144 3752 2160 3780 ‚
2190 3702 2329 3768 dixi
2347 3753 2363 3780 ‚
2390 3713 2472 3769 ut
2499 3713 2837 3792 appareret

638 3823 772 3889 qua
813 3798 1208 3865 condicione
1248 3787 1355 3865 his
1396 3802 1639 3888 singuli
1679 3802 1785 3866 usi
1815 3808 2044 3866 essent
2076 3848 2090 3864 .
2129 3802 2198 3865 in
2226 3801 2460 3868 formis
2493 3804 2835 3870 contractis

636 3901 884 3987 triplex
930 3907 1036 3963 est
1072 3905 1423 3985 potitamm
1464 3899 1886 3965 consuetudo
1921 3923 1935 3964 ε
1980 3907 2140 3965 sunt
2184 3901 2357 3965 enim
2399 3902 2515 3986 qui
2554 3902 2682 3967 has
2709 3911 2832 3966 tan·

634 4008 777 4064 tum
815 3997 1019 4062 modo
1062 4005 1216 4062 ante
1258 4007 1710 4063 consonantes
1751 3999 1862 4063 vel
1898 3998 1967 4063 in
2011 3998 2191 4063 exitu
2220 4021 2537 4065 versuum
2564 4009 2829 4087 ponant.

633 4095 989 4161 Phaedrus
1018 4144 1033 4170 ‚
1083 4097 1342 4162 Seneca
1369 4146 1385 4173 ‚
1428 4098 1630 4162 Silius
1662 4147 1677 4174 ,
1719 4119 1867 4162 cum
1895 4096 2199 4183 plerique
2230 4120 2344 4163 eas
2370 4121 2511 4164 non
2538 4101 2666 4164 nisi
2691 4105 2823 4162 ante

633 4195 904 4261 vocales
948 4194 1307 4260 admittant
1334 4244 1354 4277 ‚
1399 4196 1633 4260 comici
1675 4203 1898 4260 autem
1948 4203 2215 4261 veteres
2270 4205 2561 4285 utroque
2608 4194 2818 4260 modo.

634 4293 987 4359 Phaedrus
1020 4295 1089 4357 in
1115 4294 1246 4359 fine
1273 4316 1585 4360 versuum
1603 4297 1963 4381 proximam
1988 4295 2199 4359 villam
2214 4296 2400 4380 petit,
2429 4320 2530 4362 vos
2555 4295 2711 4382 quod
2728 4315 2815 4354 ra·

625 4394 845 4477 pai-stis
861 4394 1058 4479 perit,
1086 4404 1377 4458 secretum
1393 4395 1554 4479 petit
1578 4440 1596 4473 ‚
1638 4416 1708 4468 11,
1726 4393 1842 4470 8‚3
1872 4416 1959 4469 xv,
1976 4391 2075 4469 22,
2104 4391 2184 4456 27
2215 4392 2314 4469 25,
2332 4393 2373 4456 6
2405 4443 2420 4457 .
2462 4394 2555 4458 sic
2586 4393 2811 4455 Senem

638 4489 834 4554 Herc.
876 4489 921 4554 f.
945 4490 1069 4555 826
1107 4490 1362 4556 Phoen.
1387 4490 1508 4556 210
1551 4491 1750 4578 Hipp.
1771 4491 1895 4555 728
1935 4489 2102 4555 Oed.
2120 4490 2243 4556 803
2282 4490 2442 4556 Tro,
2465 4492 2543 4557 50
2568 4489 2676 4555 348
2698 4485 2807 4550 460
