3042 5192
594 468 635 533 4
1535 479 1879 526 nscsxsm

756 637 943 701 Haec
961 635 1179 700 omnia
1197 635 1293 696 ita
1307 640 1386 697 ut
1413 631 1554 696 dixi
1569 632 1777 696 fuisse
1800 629 2146 715 intelleget
2164 629 2570 714 quicumque
2593 627 2826 693 horum

594 735 1221 801 commentariorum
1242 732 1530 817 aliquam
1552 739 1814 817 partem
1842 728 2362 814 pertractaverit
2377 777 2391 791 .
2422 747 2714 812 quarum
2733 748 2825 791 re-

588 858 733 900 rum
775 833 1061 897 maxima
1105 851 1265 917 pars
1308 849 1345 892 e
1390 829 1601 915 copiis
1643 829 1729 891 ab
1769 827 2239 912 Havercampo
2283 833 2353 889 et
2390 826 2640 889 ceteris
2689 847 2828 889 cum

594 952 849 998 summa
861 929 1084 994 iudicii
1095 926 1544 991 imbecillitate
1555 925 1818 990 collatis
1846 946 1994 987 cum
2011 923 2170 987 mihi
2194 943 2318 987 sex
2341 922 2484 987 fere
2509 924 2826 988 mensium

592 1053 719 1094 usu
748 1029 1195 1101 constitisset,
1219 1033 1443 1089 cetera
1464 1025 1772 1109 (praeter
1796 1042 2145 1085 numerum
2175 1021 2570 1107 paginarum
2595 1070 2612 1097 ‚
2635 1042 2828 1106 quem

591 1149 809 1215 nuper
856 1124 1183 1208 subduxi)
1251 1143 1331 1186 eo
1400 1123 1550 1208 ipso
1604 1141 1819 1206 paene
1881 1128 2219 1183 momento
2283 1126 2658 1206 patuerunt
2701 1139 2829 1203 quo

589 1226 1017 1290 membranae
1060 1220 1438 1285 Vossianae
1493 1239 1536 1281 a
1589 1239 1695 1281 me
1738 1218 1962 1282 excuti
2017 1225 2300 1303 coeptae
2353 1225 2512 1282 sunt
2538 1265 2556 1290 ‚
2604 1237 2830 1280 mense

590 1324 803 1410 Aprili
845 1323 1002 1385 anni
1042 1339 1459 1392 uncccxmm
1509 1337 1659 1378 cum
1699 1315 1938 1400 insigni
1980 1315 2450 1381 benevolentia
2482 1336 2564 1377 ac
2597 1314 2828 1379 favore

590 1420 943 1485 illustrium
964 1416 1343 1483 academiae
1364 1412 1716 1477 Leidensis
1739 1421 2149 1489 curatorum,
2171 1433 2346 1497 quos
2357 1412 2591 1477 Iacobi
2607 1410 2831 1486 Geelfi,

589 1517 877 1581 hominis
900 1515 1132 1602 optimi
1152 1513 1445 1598 mihique
1467 1533 1606 1576 non
1628 1520 1912 1597 propter
1945 1510 2386 1575 eruditionem
2421 1511 2638 1575 solam
2685 1512 2832 1582 cari,

594 1615 871 1679 consilio
901 1634 1063 1676 usos
1095 1634 1243 1676 esse
1274 1611 1614 1697 suspicor,
1641 1611 1710 1673 in
1738 1608 1915 1672 hanc
1937 1610 2170 1674 urbem
2206 1616 2435 1673 essent
2461 1608 2830 1672 tramissae.

592 1712 795 1800 paulo
859 1719 1015 1774 ante
1069 1708 1142 1774 id
1190 1719 1457 1795 tempus
1501 1707 1640 1772 duo
1691 1706 2164 1772 adulescentes
2218 1708 2468 1793 optime
2523 1707 2830 1778 institut-i,

590 1811 792 1895 Hugo
821 1809 1242 1873 Purmannus
1288 1807 1566 1871 Silesius
1612 1815 1680 1871 et
1718 1806 2007 1870 Iacobus
2049 1805 2461 1892 Bernaysius
2498 1804 2831 1870 Hambur·

590 1908 816 1994 gensis
834 1956 850 1982 ,
888 1906 999 1970 via
1042 1928 1122 1969 ac
1174 1905 1435 1969 ratione
1481 1905 1568 1968 ab
1612 1903 1913 1968 Iohanne
1956 1901 2239 1968 Nicolao
2281 1901 2604 1967 Madvico
2624 1952 2641 1979 ‚
2691 1904 2830 1968 viro

591 2004 1037 2070 eruditissimo
1081 2053 1096 2080 ,
1168 2011 1546 2068 monstrata
1612 2005 1636 2088 (
1663 2003 1720 2067 is
1788 2004 1962 2067 enim
2026 2000 2447 2066 emendando
2511 2002 2833 2067 Lucretio

589 2104 844 2193 primus
884 2110 1099 2166 artem
1142 2121 1372 2165 sanam
1416 2099 1726 2165 adhibuit
1761 2101 1831 2164 in
1860 2101 2083 2166 libello
2114 2099 2497 2165 academico
2526 2099 2832 2164 Hauniae

590 2223 767 2266 anno
816 2199 975 2265 1832
1020 2206 1088 2263 et
1125 2200 1367 2263 iterum
1407 2198 1677 2263 biennio
1719 2206 1881 2284 post
1918 2201 2096 2264 inter
2140 2198 2468 2286 opuscula
2497 2197 2731 2283 edito)
2769 2199 2832 2262 in

592 2296 1058 2385 expendendis
1103 2296 1302 2360 huius
1342 2297 1674 2382 poematis
1719 2296 2121 2361 emendandi
2180 2295 2535 2384 praesidiis
2588 2318 2832 2383 magno

593 2397 820 2462 studio
862 2416 1083 2480 neque
1132 2395 1482 2460 infeliciter
1529 2395 2078 2460 elaboravertmt.
2128 2395 2370 2460 horum
2408 2394 2836 2461 Purmannus

590 2495 1143 2559 Lucretianarum
1194 2494 1661 2578 quaestionum
1722 2494 2058 2580 specimen
2108 2492 2558 2558 Vratislaviae
2607 2516 2833 2559 mense

593 2592 843 2657 Martio
876 2589 1172 2654 eiusdem
1200 2592 1357 2655 anni
1391 2591 1551 2656 1846
1582 2591 1827 2666 edidit,
1861 2591 2271 2678 Bernaysius
2301 2612 2461 2660 suae
2491 2591 2580 2655 de
2614 2614 2834 2657 emen-

593 2689 865 2754 datione
904 2688 1200 2752 Lucretii
1243 2691 1782 2754 commentationi
1801 2739 1817 2766 ‚
1856 2711 2056 2776 quam
2098 2690 2477 2755 Fridericus
2517 2690 2834 2756 Ritsche·

589 2788 717 2852 lius
754 2788 823 2850 in
863 2786 1260 2851 Rhenanum
1309 2810 1609 2852 museum
1662 2788 2066 2875 philologiae
2115 2810 2291 2854 anno
2339 2789 2497 2854 1847
2539 2790 2838 2877 recepit,

590 2885 988 2972 subscripsit
1006 2885 1291 2949 eundem
1311 2886 1492 2950 illum
1506 2887 1802 2973 Aprilem
1826 2888 1982 2951 anni
2003 2887 2163 2952 1846
2178 2937 2192 2950 .
2213 2886 2337 2952 sed
2355 2908 2588 2951 eorum
2606 2908 2836 2974 opera,

587 2992 663 3049 ut
700 2983 827 3048 fuit
866 2984 935 3047 in
974 2983 1110 3048 hoc
1152 2984 1425 3070 negotio
1469 3006 1634 3048 sane
1663 2985 2086 3050 laudabiliter
2114 2986 2372 3074 posita,
2402 2986 2498 3049 ita
2523 2984 2732 3060 mihi,
2763 2995 2836 3049 ut

587 3103 820 3146 verum
850 3081 1068 3146 dicam
1087 3132 1102 3159 ,
1127 3082 1216 3146 ad
1248 3103 1570 3146 summam
1607 3084 1706 3147 rei
1734 3105 1870 3148 non
1900 3084 2155 3171 profuit
2172 3133 2188 3159 ‚
2212 3084 2523 3169 quoniam
2551 3084 2652 3148 illi
2683 3106 2835 3171 par·

586 3181 703 3243 tim
735 3203 814 3244 ea
844 3201 1017 3265 quae
1047 3180 1205 3244 mihi
1233 3180 1585 3244 notissima
1615 3189 1806 3247 erant
1834 3182 2204 3247 attulerunt
2221 3232 2236 3258 ,
2268 3183 2427 3258 alia,
2449 3189 2527 3246 ut
2557 3182 2834 3247 adules-

587 3286 816 3342 centes
843 3299 1063 3362 neque
1094 3279 1256 3342 satis
1284 3279 1355 3341 in
1382 3278 1679 3344 Lucretii
1719 3281 1983 3367 ingenio
2025 3278 2497 3367 cognoscendo
2537 3283 2830 3354 versati,

587 3383 704 3440 aut
732 3376 1327 3461 praetermiserunt
1367 3385 1483 3442 aut
1510 3377 1701 3443 falsis
1730 3378 2041 3443 admixtis
2072 3379 2616 3444 contaminarunt
2633 3430 2647 3444 .
2695 3379 2829 3444 hos

584 3473 785 3558 igitur
832 3470 918 3535 de
962 3473 1359 3557 quibusnam
1397 3476 1603 3541 rebus
1643 3485 1829 3542 recte
1875 3479 2167 3544 sensisse
2209 3476 2495 3541 iudicem
2535 3498 2627 3541 ex
2672 3499 2833 3542 con·

586 3591 791 3633 sensu
820 3568 1013 3633 facile
1042 3570 1495 3657 intellegetur:
1520 3575 1741 3640 omnia
1769 3577 2146 3662 singillatim
2166 3596 2556 3651 recensere,
2578 3597 2671 3640 ne
2703 3576 2835 3640 lec-

586 3668 850 3732 toribus
878 3667 1188 3731 molestia
1213 3678 1491 3756 paretur
1509 3721 1526 3746 ‚
1549 3672 1711 3736 nolo
1730 3723 1744 3736 .

747 3766 852 3829 De
879 3765 1010 3829 illis
1043 3775 1263 3831 autem
1292 3769 1508 3834 tribus
1539 3771 1949 3858 apographis
1967 3821 1982 3846 ‚
2019 3772 2262 3858 quibus
2291 3770 2449 3835 inde
2477 3792 2520 3835 a
2550 3774 2834 3837 saeculo

580 3885 763 3927 nono
804 3865 1186 3929 memoriam
1225 3865 1612 3931 Lucretiani
1671 3871 1979 3934 carminis
2030 3869 2121 3935 ad
2171 3877 2473 3935 nostram
2529 3879 2834 3937 aetatem

581 3969 1018 4048 propagatam
1069 3986 1217 4030 esse
1258 3965 1396 4030 dixi
1416 4016 1431 4043 ,
1455 3974 1611 4031 ante
1655 3970 1876 4033 omnia
1917 3966 2258 4032 sciendum
2306 3975 2412 4031 est
2447 3989 2662 4032 unum
2705 3970 2833 4034 ho-

580 4080 724 4122 rum
756 4081 837 4123 eo
867 4061 1014 4146 ipso
1047 4063 1314 4128 saeculo
1361 4086 1445 4128 ex
1486 4065 1863 4153 archetypo
1905 4066 2154 4131 factum
2197 4086 2593 4152 superesse.
2627 4068 2694 4132 is
2725 4077 2836 4133 est

579 4155 884 4222 codicum
923 4159 1349 4226 Leidensium
1404 4163 1609 4240 alter,
1649 4186 1929 4229 numero
1973 4165 2388 4250 trigesimuS‚
2437 4186 2638 4250 quem
2685 4188 2832 4230 os-

576 4278 907 4322 Lonoum
942 4257 1096 4323 dico
1117 4309 1132 4336 ,
1173 4261 1329 4346 quia
1359 4281 1439 4325 ea
1464 4260 1682 4332 forma
1725 4269 1832 4326 est
1861 4283 2060 4348 quam
2087 4262 2290 4348 vulgo
2319 4262 2566 4348 infolio
2590 4265 2834 4328 vadum-i

574 4350 807 4419 dicunt
827 4404 840 4418 .
876 4355 986 4419 hic
1030 4356 1212 4420 unde
1255 4356 1346 4420 ad
1384 4357 1689 4423 Isaacum
1715 4358 2036 4424 Vossium
2064 4361 2448 4446 pervenerit
2477 4361 2674 4446 (nam
2705 4384 2830 4448 pa-

574 4457 677 4514 ter
708 4453 848 4515 eius
889 4453 1071 4516 hunc
1110 4477 1248 4519 non
1286 4455 1556 4534 habuit,
1581 4455 1702 4522 sed
1732 4458 2051 4543 alterum)
2082 4456 2304 4524 dicere
2334 4479 2470 4523 non
2499 4480 2832 4547 possum,
