3042 5192
1287 489 1413 557 1111
2329 498 2357 564 l
2374 498 2464 566 29

230 677 292 732 et
319 687 454 752 quo
486 684 782 751 eumque
813 663 1048 727 oeulos
1076 663 1457 727 traiecimus
1497 664 1719 727 omnia
1744 663 1904 729 ferri

109 800 182 846 425
230 791 291 847 et
315 780 521 846 fluere
551 778 845 844 adsimili
870 778 1068 843 nobis
1096 778 1358 842 ratione
1385 776 1735 843 videntur.

226 896 520 984 porticus
550 893 822 980 aequali
851 892 1155 980 quamvis
1186 899 1290 956 est
1319 891 1608 978 denique
1638 892 1849 958 duetu

231 1021 547 1097 stansque
576 1011 653 1074 in
680 1015 1081 1097 perpetuum
1108 1007 1384 1094 paribus
1416 1007 1686 1073 suffulta
1714 1008 2035 1075 columnis
2053 1062 2067 1086 ‚

231 1125 421 1212 longa
448 1132 685 1189 tamen
713 1131 909 1211 parte
937 1122 1023 1187 ab
1053 1143 1307 1186 summa
1337 1144 1485 1186 eum
1514 1130 1665 1187 tota
1690 1122 1958 1190 videtur
1976 1175 1991 1200 ‚

154 1259 163 1268 ·
232 1241 544 1326 paulatim
573 1239 791 1305 trahit
819 1237 1085 1324 angusti
1112 1236 1383 1323 fastigia
1412 1239 1566 1302 coni
1582 1287 1599 1313 ‚

108 1371 186 1418 430
231 1363 401 1420 tecta
427 1356 584 1420 solo
612 1355 897 1441 iungens
925 1359 1129 1436 atque
1159 1352 1381 1415 omnia.
1408 1351 1692 1417 dextera
1718 1353 1923 1419 laevis

239 1469 445 1535 donec
472 1471 545 1534 in
576 1471 939 1534 obscurum
969 1466 1121 1530 coni
1150 1464 1476 1531 conduxit
1502 1488 1781 1532 acumen
1800 1517 1814 1531 .

232 1585 295 1649 in
319 1585 562 1670 pelago
595 1581 824 1645 nautis
855 1602 938 1645 ex
965 1579 1165 1644 undis
1195 1589 1386 1646 ortus
1413 1582 1483 1645 in
1509 1581 1712 1647 undis

233 1696 327 1761 sol
352 1697 429 1760 fit
455 1697 557 1761 uti
584 1695 901 1761 videatur
931 1695 1118 1760 obire
1148 1703 1217 1760 et
1246 1695 1541 1762 condere
1565 1697 1818 1776 lumen3

240 1812 472 1899 quippe
501 1813 623 1878 ubi
650 1811 745 1876 nil
774 1809 956 1876 aliud
981 1810 1112 1874 nisi
1139 1831 1383 1896 aquam
1411 1811 1801 1898 caelumque
1831 1821 2139 1892 tuentur3

113 1942 193 1990 435
243 1947 323 1990 ne
347 1926 583 1992 leviter
615 1925 858 1991 eredas
884 1924 1276 1990 labefactari
1302 1925 1602 2013 undique
1631 1949 1870 1994 sensus
1889 1983 1902 1996 .

240 2050 307 2105 at
330 2042 523 2107 maris
550 2042 806 2129 ignaris
834 2042 902 2105 in
928 2051 1135 2129 portu
1164 2039 1408 2105 clauda
1434 2039 1750 2108 videntur

242 2157 490 2242 navigia
520 2156 846 2245 aplustris
874 2155 1106 2221 fractis
1137 2156 1424 2221 obnitier
1451 2156 1677 2221 undae
1698 2209 1711 2222 .

238 2291 379 2334 nam
408 2293 582 2357 quae
613 2293 899 2357 eumque
929 2291 1136 2357 supra
1163 2292 1384 2336 rorem
1414 2272 1571 2336 salis
1603 2271 1785 2338 edita
1810 2294 1970 2360 pars
2001 2282 2108 2338 est

239 2407 560 2451 remorum
579 2436 595 2462 ,
618 2393 806 2451 reeta
834 2393 938 2450 est
955 2434 972 2462 ,
996 2393 1066 2450 et
1091 2393 1283 2450 reeta
1310 2409 1600 2474 superne
1630 2387 1962 2473 guberna:

112 2516 192 2563 440
240 2522 399 2587 quae
429 2500 743 2566 demersa
769 2500 1094 2586 liquorem
1132 2502 1389 2567 obeunt
1405 2550 1420 2578 ‚
1443 2502 1736 2568 rofi-acta
1760 2502 2076 2567 videntur

237 2617 445 2679 omnia
474 2616 784 2682 converti
810 2637 1208 2701 sursumque
1239 2617 1480 2704 supina
1506 2618 1756 2683 reverti

242 2737 305 2794 et
330 2729 581 2796 reflexa
607 2752 823 2819 prope
850 2731 920 2795 in
948 2752 1204 2796 summo
1233 2730 1493 2797 fluitare
1520 2733 1815 2818 liquore.

240 2865 517 2931 raraque
544 2866 677 2934 per
706 2846 959 2911 eaelum
990 2868 1139 2911 eum
1165 2848 1351 2911 venti
1376 2847 1605 2912 nubila
1631 2855 1910 2934 portant

242 2966 535 3047 tempore
563 2969 901 3026 nocturno
920 3011 936 3039 ‚
957 2970 1097 3027 tum
1128 2960 1484 3049 splendida
1510 2962 1702 3047 signa
1727 2961 2043 3026 videntur

114 3088 191 3134 445
238 3073 435 3139 labier
462 3074 826 3141 adversum
852 3077 1118 3143 nimbos
1149 3085 1354 3163 atque
1381 3077 1481 3142 ire
1513 3097 1804 3163 superne

240 3188 427 3276 longe
454 3191 655 3256 aliam
684 3192 754 3256 in
780 3200 1040 3279 partem
1069 3214 1150 3257 ae
1177 3213 1341 3257 vera
1368 3191 1632 3256 ratione
1659 3188 1968 3254 feruntur
1986 3239 1999 3253 .

240 3313 307 3369 at
332 3306 384 3369 si
412 3306 596 3370 forte
626 3306 820 3370 oculo
849 3328 1083 3373 manus
1111 3308 1226 3371 uni
1254 3304 1529 3371 subdita
1557 3312 1791 3391 supter

240 3422 476 3505 pressit
505 3442 658 3484 eum
676 3469 692 3498 ‚
715 3420 1010 3506 quodam
1039 3443 1244 3487 sensu
1270 3421 1347 3485 fit
1373 3421 1474 3485 uti
1502 3417 1859 3483 videantur

241 3536 478 3610 omnia,
503 3556 682 3622 quae
711 3537 955 3601 tuimur
973 3585 988 3613 ‚
1009 3537 1153 3601 fieri
1180 3544 1322 3601 tum
1350 3536 1508 3601 bina
1537 3532 1793 3599 tuendo
1814 3583 1829 3610 ‚

118 3662 196 3709 450
243 3648 389 3714 bina
416 3651 845 3715 lucernarum
871 3650 1180 3716 florentia
1206 3650 1454 3715 lumina
1481 3649 1759 3714 flammis
1778 3697 1793 3724 ,

239 3763 521 3851 binaque
550 3787 676 3854 per
703 3773 883 3831 totas
914 3765 1101 3831 aedis
1131 3767 1464 3852 geminare
1495 3762 1800 3851 supellex
1818 3812 1834 3838 ‚

241 3886 304 3943 et
330 3878 618 3967 duplicis
647 3880 987 3946 hominum
1014 3881 1222 3947 facies
1254 3888 1323 3945 et
1351 3900 1639 3967 corpora
1666 3877 1823 3942 bina
1840 3928 1854 3940 .

241 3991 524 4080 denique
554 4018 705 4060 cum
733 3997 925 4061 suavi
954 3995 1255 4060 devinxit
1282 3994 1576 4059 membra
1606 4012 1851 4077 sopore

241 4130 509 4176 somnus
539 4118 609 4175 et
636 4110 706 4174 in
733 4132 988 4175 summa
1019 4131 1268 4197 eorpus
1296 4109 1474 4173 iacet
1503 4127 1700 4172 omne
1733 4107 1958 4192 quiete
1977 4154 1992 4182 ‚

260 4309 417 4317 Ἢ-
440 4311 639 4318 *ᾳ

248 4387 339 4435 429
374 4385 565 4455 cogni.
623 4383 643 4455 ΙΙ
698 4391 799 4439 436
838 4388 889 4439 Α
943 4385 965 4458 ΙΙ
1010 4393 1109 4439 437
1147 4386 1316 4441 factas
1365 4385 1386 4455 ΙΙ
1435 4384 1633 4440 undas.
1686 4385 1705 4455 ΙΙ
1754 4391 1855 4437 440
1892 4383 2097 4454 liquore
2135 4383 2155 4454 ΙΙ
2201 4387 2301 4434 446
2337 4398 2473 4451 aque

249 4465 446 4520 ratione
483 4465 504 4537 ΙΙ
542 4473 644 4521 448
680 4475 739 4520 ut
777 4469 797 4540 ΙΙ
834 4474 933 4522 453
972 4487 1069 4523 sua
1104 4468 1249 4523 videt
1284 4470 1453 4524 vinxit

2027 4567 2067 4627 9
