<?xml version="1.0" encoding="UTF-8"?>
<!DOCTYPE html PUBLIC "-//W3C//DTD XHTML 1.0 Transitional//EN"
    "http://www.w3.org/TR/xhtml1/DTD/xhtml1-transitional.dtd">
<html xmlns="http://www.w3.org/1999/xhtml" xml:lang="en" lang="en">
 <head>
  <title>
</title>
<meta http-equiv="Content-Type" content="text/html;charset=utf-8" />
  <meta name='ocr-system' content='tesseract 3.04.00' />
  <meta name='ocr-capabilities' content='ocr_page ocr_carea ocr_par ocr_line ocrx_word'/>
</head>
<body>
  <div class='ocr_page' id='page_1' title='image "./tlucreticarider04unkngoog_0281.png"; bbox 0 0 3042 5192; ppageno 0'>
   <div class='ocr_carea' id='block_1_1' title="bbox 1326 478 2452 553">
    <p class='ocr_par' dir='ltr' id='par_1_1' title="bbox 1326 478 2452 553">
     <span class='ocr_line' id='line_1_1' title="bbox 1326 478 2452 553; baseline 0.004 -6"><span class='ocrx_word' id='word_1_1' title='bbox 1326 478 1357 547; x_wconf 94' lang='grc' dir='ltr'>Ι</span> <span class='ocrx_word' id='word_1_2' title='bbox 2366 485 2452 553; x_wconf 83' lang='lat'><strong>17</strong></span> 
     </span>
    </p>
   </div>
   <div class='ocr_carea' id='block_1_2' title="bbox 216 654 2455 839">
    <p class='ocr_par' dir='ltr' id='par_1_2' title="bbox 216 654 2455 839">
     <span class='ocr_line' id='line_1_2' title="bbox 216 654 2455 742; baseline 0.003 -24"><span class='ocrx_word' id='word_1_3' title='bbox 216 656 526 742; x_wconf 61' lang='lat' dir='ltr'><strong>Ieyv’timis,</strong></span> <span class='ocrx_word' id='word_1_4' title='bbox 565 677 607 717; x_wconf 84' lang='lat' dir='ltr'><strong>a</strong></span> <span class='ocrx_word' id='word_1_5' title='bbox 644 664 873 718; x_wconf 61' lang='lat' dir='ltr'><strong>natura</strong></span> <span class='ocrx_word' id='word_1_6' title='bbox 917 675 1153 717; x_wconf 77' lang='lat' dir='ltr'><strong>arcana</strong></span> <span class='ocrx_word' id='word_1_7' title='bbox 1193 654 1463 739; x_wconf 74' lang='lat' dir='ltr'><strong>quadam</strong></span> <span class='ocrx_word' id='word_1_8' title='bbox 1502 656 1740 718; x_wconf 73' lang='lat' dir='ltr'><strong>ratione</strong></span> <span class='ocrx_word' id='word_1_9' title='bbox 1767 655 2112 740; x_wconf 41' lang='lat' dir='ltr'><strong>dispositi&amp;</strong></span> <span class='ocrx_word' id='word_1_10' title='bbox 2141 668 2211 721; x_wconf 76' lang='lat' dir='ltr'><strong>ut</strong></span> <span class='ocrx_word' id='word_1_11' title='bbox 2235 669 2455 725; x_wconf 66' lang='lat' dir='ltr'><strong>bractea</strong></span> 
     </span>
     <span class='ocr_line' id='line_1_3' title="bbox 222 750 2450 839; baseline 0.003 -22"><span class='ocrx_word' id='word_1_12' title='bbox 222 753 578 831; x_wconf 63' lang='lat' dir='ltr'><strong>Lacr-eam,</strong></span> <span class='ocrx_word' id='word_1_13' title='bbox 614 753 724 839; x_wconf 77' lang='lat' dir='ltr'><strong>qui</strong></span> <span class='ocrx_word' id='word_1_14' title='bbox 751 752 902 815; x_wconf 71' lang='lat' dir='ltr'><strong>dicit</strong></span> <span class='ocrx_word' id='word_1_15' title='bbox 923 752 1221 815; x_wconf 65' lang='lat' dir='ltr'><strong>rationem</strong></span> <span class='ocrx_word' id='word_1_16' title='bbox 1249 750 1410 815; x_wconf 76' lang='lat' dir='ltr'><strong>hanc</strong></span> <span class='ocrx_word' id='word_1_17' title='bbox 1438 774 1515 816; x_wconf 76' lang='lat' dir='ltr'><strong>ex</strong></span> <span class='ocrx_word' id='word_1_18' title='bbox 1544 752 1808 818; x_wconf 70' lang='lat' dir='ltr'><strong>aetherio</strong></span> <span class='ocrx_word' id='word_1_19' title='bbox 1836 755 2042 818; x_wconf 82' lang='lat' dir='ltr'><strong>calore</strong></span> <span class='ocrx_word' id='word_1_20' title='bbox 2070 756 2450 823; x_wconf 70' lang='lat' dir='ltr'><strong><em>descendere.</em></strong></span> 
     </span>
    </p>
   </div>
   <div class='ocr_carea' id='block_1_3' title="bbox 208 848 2462 4476">
    <p class='ocr_par' dir='ltr' id='par_1_3' title="bbox 208 848 2462 4476">
     <span class='ocr_line' id='line_1_4' title="bbox 387 848 2452 920; baseline 0.003 -6"><span class='ocrx_word' id='word_1_21' title='bbox 387 851 494 914; x_wconf 92' lang='lat'><strong>11.</strong></span> <span class='ocrx_word' id='word_1_22' title='bbox 530 848 649 913; x_wconf 82' lang='grc' dir='ltr'><strong>Εἰ·</strong></span> <span class='ocrx_word' id='word_1_23' title='bbox 694 870 1124 913; x_wconf 61' lang='lat' dir='ltr'><strong>aestuum-A</strong></span> <span class='ocrx_word' id='word_1_24' title='bbox 1168 871 1422 913; x_wconf 73' lang='lat' dir='ltr'><strong>vlon‘r</strong></span> <span class='ocrx_word' id='word_1_25' title='bbox 1465 871 2015 916; x_wconf 76' lang='lat' dir='ltr'><strong>Gl-:NITABILIS</strong></span> <span class='ocrx_word' id='word_1_26' title='bbox 2058 874 2272 919; x_wconf 71' lang='lat' dir='ltr'>AURA</span> <span class='ocrx_word' id='word_1_27' title='bbox 2313 879 2452 920; x_wconf 63' lang='grc' dir='ltr'><strong>ΡΛ-</strong></span> 
     </span>
     <span class='ocr_line' id='line_1_5' title="bbox 220 947 2452 1041; baseline 0.004 -29"><span class='ocrx_word' id='word_1_28' title='bbox 220 971 318 1012; x_wconf 86' lang='lat' dir='ltr'><strong>vo</strong></span> <span class='ocrx_word' id='word_1_29' title='bbox 338 970 422 1011; x_wconf 74' lang='lat' dir='ltr'><strong>m</strong></span> <span class='ocrx_word' id='word_1_30' title='bbox 451 997 466 1011; x_wconf 91' lang='lat'><strong>.</strong></span> <span class='ocrx_word' id='word_1_31' title='bbox 507 947 711 1010; x_wconf 88' lang='lat' dir='ltr'><strong>Hunc</strong></span> <span class='ocrx_word' id='word_1_32' title='bbox 752 969 1018 1012; x_wconf 89' lang='lat' dir='ltr'><strong>versum</strong></span> <span class='ocrx_word' id='word_1_33' title='bbox 1063 947 1304 1011; x_wconf 85' lang='lat' dir='ltr'><strong>litteris</strong></span> <span class='ocrx_word' id='word_1_34' title='bbox 1344 949 1718 1013; x_wconf 77' lang='lat' dir='ltr'><strong>uncialibus</strong></span> <span class='ocrx_word' id='word_1_35' title='bbox 1757 949 2078 1034; x_wconf 85' lang='lat' dir='ltr'><strong>scriptum</strong></span> <span class='ocrx_word' id='word_1_36' title='bbox 2120 953 2452 1041; x_wconf 85' lang='lat' dir='ltr'><strong>oblongus</strong></span> 
     </span>
     <span class='ocr_line' id='line_1_6' title="bbox 218 1045 2453 1130; baseline 0.003 -18"><span class='ocrx_word' id='word_1_37' title='bbox 218 1048 426 1112; x_wconf 86' lang='lat' dir='ltr'><strong>habet</strong></span> <span class='ocrx_word' id='word_1_38' title='bbox 443 1095 462 1122; x_wconf 90' lang='lat'><strong>‚</strong></span> <span class='ocrx_word' id='word_1_39' title='bbox 493 1045 617 1111; x_wconf 87' lang='lat' dir='ltr'><strong>sed</strong></span> <span class='ocrx_word' id='word_1_40' title='bbox 661 1053 1068 1124; x_wconf 85' lang='lat' dir='ltr'><strong>atrament03</strong></span> <span class='ocrx_word' id='word_1_41' title='bbox 1104 1066 1373 1110; x_wconf 81' lang='lat' dir='ltr'><strong>versum</strong></span> <span class='ocrx_word' id='word_1_42' title='bbox 1400 1068 1679 1111; x_wconf 90' lang='lat' dir='ltr'><strong>numero</strong></span> <span class='ocrx_word' id='word_1_43' title='bbox 1709 1047 1866 1122; x_wconf 83' lang='lat'>411,</span> <span class='ocrx_word' id='word_1_44' title='bbox 1889 1048 2027 1113; x_wconf 83' lang='lat' dir='ltr'><strong>Hoc</strong></span> <span class='ocrx_word' id='word_1_45' title='bbox 2051 1051 2160 1113; x_wconf 68' lang='lat' dir='ltr'><strong>tibi</strong></span> <span class='ocrx_word' id='word_1_46' title='bbox 2172 1099 2189 1130; x_wconf 89' lang='lat'><strong><em>,</em></strong></span> <span class='ocrx_word' id='word_1_47' title='bbox 2213 1052 2453 1118; x_wconf 89' lang='lat' dir='ltr'><strong>litteris</strong></span> 
     </span>
     <span class='ocr_line' id='line_1_7' title="bbox 217 1144 2453 1229; baseline 0.003 -20"><span class='ocrx_word' id='word_1_48' title='bbox 217 1145 592 1222; x_wconf 76' lang='lat' dir='ltr'><strong>uncialibus</strong></span> <span class='ocrx_word' id='word_1_49' title='bbox 635 1144 904 1209; x_wconf 86' lang='lat' dir='ltr'><strong>rubrica</strong></span> <span class='ocrx_word' id='word_1_50' title='bbox 941 1144 1139 1229; x_wconf 86' lang='lat' dir='ltr'><strong>pictis</strong></span> <span class='ocrx_word' id='word_1_51' title='bbox 1157 1192 1172 1206; x_wconf 88' lang='lat'><em>.</em></span> <span class='ocrx_word' id='word_1_52' title='bbox 1206 1146 1550 1228; x_wconf 71' lang='lat' dir='ltr'><strong>yenitabilis</strong></span> <span class='ocrx_word' id='word_1_53' title='bbox 1587 1153 1808 1210; x_wconf 87' lang='lat' dir='ltr'><strong>autem</strong></span> <span class='ocrx_word' id='word_1_54' title='bbox 1835 1155 2101 1211; x_wconf 84' lang='lat' dir='ltr'><strong>veteres</strong></span> <span class='ocrx_word' id='word_1_55' title='bbox 2129 1153 2453 1215; x_wconf 88' lang='lat' dir='ltr'><strong>membra-</strong></span> 
     </span>
     <span class='ocr_line' id='line_1_8' title="bbox 218 1240 2456 1332; baseline 0.002 -24"><span class='ocrx_word' id='word_1_56' title='bbox 218 1264 341 1308; x_wconf 84' lang='lat' dir='ltr'><strong>nae</strong></span> <span class='ocrx_word' id='word_1_57' title='bbox 362 1293 379 1320; x_wconf 83' lang='lat'>‚</span> <span class='ocrx_word' id='word_1_58' title='bbox 408 1242 751 1307; x_wconf 85' lang='lat' dir='ltr'><strong>Antonius</strong></span> <span class='ocrx_word' id='word_1_59' title='bbox 792 1241 1022 1317; x_wconf 85' lang='lat' dir='ltr'><strong>Marii,</strong></span> <span class='ocrx_word' id='word_1_60' title='bbox 1063 1240 1431 1307; x_wconf 86' lang='lat' dir='ltr'><strong>Brixiensis</strong></span> <span class='ocrx_word' id='word_1_61' title='bbox 1484 1242 1725 1320; x_wconf 79' lang='lat' dir='ltr'><strong>editio,</strong></span> <span class='ocrx_word' id='word_1_62' title='bbox 1772 1244 2130 1310; x_wconf 81' lang='lat' dir='ltr'><strong>Marullus:</strong></span> <span class='ocrx_word' id='word_1_63' title='bbox 2172 1251 2456 1332; x_wconf 62' lang='lat' dir='ltr'><strong>genitali-s·</strong></span> 
     </span>
     <span class='ocr_line' id='line_1_9' title="bbox 218 1338 2455 1429; baseline 0.001 -22"><span class='ocrx_word' id='word_1_64' title='bbox 218 1342 641 1407; x_wconf 80' lang='lat' dir='ltr'><strong>Veronensis</strong></span> <span class='ocrx_word' id='word_1_65' title='bbox 696 1339 899 1405; x_wconf 86' lang='lat' dir='ltr'><strong>editio</strong></span> <span class='ocrx_word' id='word_1_66' title='bbox 949 1347 1017 1404; x_wconf 92' lang='lat' dir='ltr'><strong>et</strong></span> <span class='ocrx_word' id='word_1_67' title='bbox 1054 1338 1321 1404; x_wconf 85' lang='lat' dir='ltr'><strong>Veneta</strong></span> <span class='ocrx_word' id='word_1_68' title='bbox 1349 1390 1362 1403; x_wconf 92' lang='lat'>.</span> <span class='ocrx_word' id='word_1_69' title='bbox 1407 1340 1542 1404; x_wconf 93' lang='lat' dir='ltr'><strong>hoc</strong></span> <span class='ocrx_word' id='word_1_70' title='bbox 1596 1341 2008 1429; x_wconf 77' lang='lat' dir='ltr'>typographi</span> <span class='ocrx_word' id='word_1_71' title='bbox 2036 1341 2455 1410; x_wconf 77' lang='lat' dir='ltr'><strong>Veronensis</strong></span> 
     </span>
     <span class='ocr_line' id='line_1_10' title="bbox 218 1437 2452 1529; baseline 0 -22"><span class='ocrx_word' id='word_1_72' title='bbox 218 1449 573 1529; x_wconf 86' lang='lat' dir='ltr'><strong>peecatum</strong></span> <span class='ocrx_word' id='word_1_73' title='bbox 600 1437 1061 1503; x_wconf 85' lang='lat' dir='ltr'><strong>Wakefieldus</strong></span> <span class='ocrx_word' id='word_1_74' title='bbox 1104 1461 1254 1503; x_wconf 88' lang='lat' dir='ltr'><strong>cum</strong></span> <span class='ocrx_word' id='word_1_75' title='bbox 1294 1440 1364 1503; x_wconf 89' lang='lat' dir='ltr'><strong>in</strong></span> <span class='ocrx_word' id='word_1_76' title='bbox 1392 1437 1747 1503; x_wconf 88' lang='lat' dir='ltr'><strong>Vossianis</strong></span> <span class='ocrx_word' id='word_1_77' title='bbox 1789 1461 1939 1504; x_wconf 88' lang='lat' dir='ltr'><strong>esse</strong></span> <span class='ocrx_word' id='word_1_78' title='bbox 1971 1439 2163 1517; x_wconf 83' lang='lat' dir='ltr'><strong>dicit,</strong></span> <span class='ocrx_word' id='word_1_79' title='bbox 2193 1442 2452 1507; x_wconf 84' lang='lat' dir='ltr'><strong>Haver-</strong></span> 
     </span>
     <span class='ocr_line' id='line_1_11' title="bbox 217 1536 2453 1627; baseline 0.001 -23"><span class='ocrx_word' id='word_1_80' title='bbox 217 1540 436 1627; x_wconf 87' lang='lat' dir='ltr'><strong>campi</strong></span> <span class='ocrx_word' id='word_1_81' title='bbox 465 1537 729 1603; x_wconf 87' lang='lat' dir='ltr'><strong>silentio</strong></span> <span class='ocrx_word' id='word_1_82' title='bbox 758 1559 894 1602; x_wconf 91' lang='lat' dir='ltr'><strong>non</strong></span> <span class='ocrx_word' id='word_1_83' title='bbox 924 1544 1108 1602; x_wconf 88' lang='lat' dir='ltr'><strong>recte</strong></span> <span class='ocrx_word' id='word_1_84' title='bbox 1150 1536 1489 1603; x_wconf 88' lang='lat' dir='ltr'><strong>intellecto</strong></span> <span class='ocrx_word' id='word_1_85' title='bbox 1527 1537 1777 1603; x_wconf 81' lang='lat' dir='ltr'><strong>fallitur</strong></span> <span class='ocrx_word' id='word_1_86' title='bbox 1815 1547 1893 1603; x_wconf 92' lang='lat' dir='ltr'><strong>ut</strong></span> <span class='ocrx_word' id='word_1_87' title='bbox 1932 1539 2134 1605; x_wconf 90' lang='lat' dir='ltr'><strong>homo</strong></span> <span class='ocrx_word' id='word_1_88' title='bbox 2164 1564 2178 1605; x_wconf 72' lang='grc' dir='ltr'><em>τ</em></span> <span class='ocrx_word' id='word_1_89' title='bbox 2218 1540 2453 1608; x_wconf 88' lang='lat' dir='ltr'><strong>Forbi-</strong></span> 
     </span>
     <span class='ocr_line' id='line_1_12' title="bbox 217 1634 2452 1725; baseline 0.002 -23"><span class='ocrx_word' id='word_1_90' title='bbox 217 1639 361 1725; x_wconf 86' lang='lat' dir='ltr'><strong>geri</strong></span> <span class='ocrx_word' id='word_1_91' title='bbox 400 1636 865 1722; x_wconf 77' lang='lat' dir='ltr'><strong>neglegentiae</strong></span> <span class='ocrx_word' id='word_1_92' title='bbox 908 1636 1106 1699; x_wconf 83' lang='lat' dir='ltr'><strong>venia</strong></span> <span class='ocrx_word' id='word_1_93' title='bbox 1148 1634 1375 1699; x_wconf 88' lang='lat' dir='ltr'><strong>danda</strong></span> <span class='ocrx_word' id='word_1_94' title='bbox 1401 1658 1543 1699; x_wconf 87' lang='lat' dir='ltr'><strong>non</strong></span> <span class='ocrx_word' id='word_1_95' title='bbox 1573 1643 1677 1701; x_wconf 90' lang='lat' dir='ltr'><strong>est</strong></span> <span class='ocrx_word' id='word_1_96' title='bbox 1694 1685 1710 1714; x_wconf 90' lang='lat'>‚</span> <span class='ocrx_word' id='word_1_97' title='bbox 1749 1636 1863 1722; x_wconf 91' lang='lat' dir='ltr'><strong>qui</strong></span> <span class='ocrx_word' id='word_1_98' title='bbox 1892 1659 2039 1702; x_wconf 86' lang='lat' dir='ltr'><strong>cum</strong></span> <span class='ocrx_word' id='word_1_99' title='bbox 2071 1661 2195 1704; x_wconf 89' lang='lat' dir='ltr'><strong>sua</strong></span> <span class='ocrx_word' id='word_1_100' title='bbox 2223 1663 2307 1704; x_wconf 82' lang='lat' dir='ltr'><strong>ex</strong></span> <span class='ocrx_word' id='word_1_101' title='bbox 2336 1642 2452 1706; x_wconf 89' lang='lat' dir='ltr'><strong>ali-</strong></span> 
     </span>
     <span class='ocr_line' id='line_1_13' title="bbox 216 1733 2452 1810; baseline 0.002 -10"><span class='ocrx_word' id='word_1_102' title='bbox 216 1758 413 1801; x_wconf 87' lang='lat' dir='ltr'><strong>orum</strong></span> <span class='ocrx_word' id='word_1_103' title='bbox 427 1736 614 1800; x_wconf 88' lang='lat' dir='ltr'><strong>libris</strong></span> <span class='ocrx_word' id='word_1_104' title='bbox 634 1734 973 1798; x_wconf 77' lang='lat' dir='ltr'><strong>exscribat</strong></span> <span class='ocrx_word' id='word_1_105' title='bbox 989 1783 1005 1810; x_wconf 86' lang='lat'>‚</span> <span class='ocrx_word' id='word_1_106' title='bbox 1029 1733 1323 1799; x_wconf 80' lang='lat' dir='ltr'><strong>debebat</strong></span> <span class='ocrx_word' id='word_1_107' title='bbox 1343 1735 1515 1799; x_wconf 90' lang='lat' dir='ltr'><strong>scire</strong></span> <span class='ocrx_word' id='word_1_108' title='bbox 1532 1733 1713 1799; x_wconf 90' lang='lat' dir='ltr'><strong>unde</strong></span> <span class='ocrx_word' id='word_1_109' title='bbox 1731 1742 1960 1801; x_wconf 87' lang='lat' dir='ltr'><strong>essent</strong></span> <span class='ocrx_word' id='word_1_110' title='bbox 1977 1740 2423 1804; x_wconf 85' lang='lat' dir='ltr'><strong>exscribenda</strong></span> <span class='ocrx_word' id='word_1_111' title='bbox 2438 1791 2452 1804; x_wconf 88' lang='lat'><strong>.</strong></span> 
     </span>
     <span class='ocr_line' id='line_1_14' title="bbox 215 1832 2452 1926; baseline 0.002 -27"><span class='ocrx_word' id='word_1_112' title='bbox 215 1833 347 1900; x_wconf 87' lang='lat' dir='ltr'><strong>sed</strong></span> <span class='ocrx_word' id='word_1_113' title='bbox 378 1833 487 1897; x_wconf 88' lang='lat' dir='ltr'><strong>ille</strong></span> <span class='ocrx_word' id='word_1_114' title='bbox 512 1833 646 1897; x_wconf 88' lang='lat' dir='ltr'><strong>hoc</strong></span> <span class='ocrx_word' id='word_1_115' title='bbox 676 1833 922 1918; x_wconf 84' lang='lat' dir='ltr'><strong>agebat</strong></span> <span class='ocrx_word' id='word_1_116' title='bbox 947 1840 1024 1896; x_wconf 87' lang='lat' dir='ltr'><strong>ut</strong></span> <span class='ocrx_word' id='word_1_117' title='bbox 1055 1832 1297 1897; x_wconf 82' lang='lat' dir='ltr'><strong>Gifanii</strong></span> <span class='ocrx_word' id='word_1_118' title='bbox 1336 1841 1404 1897; x_wconf 83' lang='lat' dir='ltr'><strong>et</strong></span> <span class='ocrx_word' id='word_1_119' title='bbox 1431 1833 1794 1898; x_wconf 88' lang='lat' dir='ltr'><strong>Abrahami</strong></span> <span class='ocrx_word' id='word_1_120' title='bbox 1821 1833 2117 1921; x_wconf 82' lang='lat' dir='ltr'><strong>Preigeri</strong></span> <span class='ocrx_word' id='word_1_121' title='bbox 2147 1839 2452 1926; x_wconf 84' lang='lat' dir='ltr'><strong>exemplo</strong></span> 
     </span>
     <span class='ocr_line' id='line_1_15' title="bbox 217 1931 2454 2019; baseline 0.002 -22"><span class='ocrx_word' id='word_1_122' title='bbox 217 1954 465 1997; x_wconf 77' lang='lat' dir='ltr'><strong>versus</strong></span> <span class='ocrx_word' id='word_1_123' title='bbox 491 1931 942 1996; x_wconf 81' lang='lat' dir='ltr'><strong>inmodulatos</strong></span> <span class='ocrx_word' id='word_1_124' title='bbox 970 1932 1126 1997; x_wconf 87' lang='lat' dir='ltr'><strong>huic</strong></span> <span class='ocrx_word' id='word_1_125' title='bbox 1154 1939 1397 2019; x_wconf 66' lang='lat' dir='ltr'><strong>pot&#39;Stae</strong></span> <span class='ocrx_word' id='word_1_126' title='bbox 1426 1931 1799 2018; x_wconf 83' lang='lat' dir='ltr'><strong>adfingeret</strong></span> <span class='ocrx_word' id='word_1_127' title='bbox 1816 1982 1831 1996; x_wconf 91' lang='lat'><strong>.</strong></span> <span class='ocrx_word' id='word_1_128' title='bbox 1852 1933 2071 1998; x_wconf 88' lang='lat' dir='ltr'><strong>Ennio</strong></span> <span class='ocrx_word' id='word_1_129' title='bbox 2103 1938 2274 2000; x_wconf 89' lang='lat' dir='ltr'><strong>enim</strong></span> <span class='ocrx_word' id='word_1_130' title='bbox 2304 1959 2454 2002; x_wconf 89' lang='lat' dir='ltr'><strong>cum</strong></span> 
     </span>
     <span class='ocr_line' id='line_1_16' title="bbox 218 2029 2452 2119; baseline 0.001 -23"><span class='ocrx_word' id='word_1_131' title='bbox 218 2044 243 2096; x_wconf 83' lang='lat' dir='ltr'><strong>t</strong></span> <span class='ocrx_word' id='word_1_132' title='bbox 262 2033 495 2096; x_wconf 75' lang='lat' dir='ltr'><strong>littera</strong></span> <span class='ocrx_word' id='word_1_133' title='bbox 536 2038 818 2117; x_wconf 88' lang='lat' dir='ltr'><strong>propter</strong></span> <span class='ocrx_word' id='word_1_134' title='bbox 859 2029 1168 2095; x_wconf 82' lang='lat' dir='ltr'><strong>duritiem</strong></span> <span class='ocrx_word' id='word_1_135' title='bbox 1216 2032 1287 2094; x_wconf 92' lang='lat' dir='ltr'><strong>in</strong></span> <span class='ocrx_word' id='word_1_136' title='bbox 1328 2031 1463 2095; x_wconf 85' lang='lat' dir='ltr'><strong>fine</strong></span> <span class='ocrx_word' id='word_1_137' title='bbox 1502 2031 1982 2095; x_wconf 85' lang='lat' dir='ltr'><strong>vocabulorum</strong></span> <span class='ocrx_word' id='word_1_138' title='bbox 2024 2034 2299 2119; x_wconf 88' lang='lat' dir='ltr'><strong>ancipiti</strong></span> <span class='ocrx_word' id='word_1_139' title='bbox 2336 2056 2452 2099; x_wconf 89' lang='lat' dir='ltr'><strong>na-</strong></span> 
     </span>
     <span class='ocr_line' id='line_1_17' title="bbox 219 2128 2453 2216; baseline 0 -21"><span class='ocrx_word' id='word_1_140' title='bbox 219 2139 371 2195; x_wconf 84' lang='lat' dir='ltr'><strong>tura</strong></span> <span class='ocrx_word' id='word_1_141' title='bbox 400 2150 555 2194; x_wconf 89' lang='lat' dir='ltr'><strong>esse</strong></span> <span class='ocrx_word' id='word_1_142' title='bbox 582 2128 924 2193; x_wconf 85' lang='lat' dir='ltr'><strong>videretur</strong></span> <span class='ocrx_word' id='word_1_143' title='bbox 954 2128 1247 2213; x_wconf 88' lang='lat' dir='ltr'><strong>(dicebat</strong></span> <span class='ocrx_word' id='word_1_144' title='bbox 1276 2130 1445 2193; x_wconf 89' lang='lat' dir='ltr'><strong>enim</strong></span> <span class='ocrx_word' id='word_1_145' title='bbox 1465 2178 1480 2204; x_wconf 91' lang='lat'>,</span> <span class='ocrx_word' id='word_1_146' title='bbox 1515 2137 1684 2216; x_wconf 89' lang='lat' dir='ltr'><strong>puto</strong></span> <span class='ocrx_word' id='word_1_147' title='bbox 1705 2177 1721 2204; x_wconf 93' lang='lat'>,</span> <span class='ocrx_word' id='word_1_148' title='bbox 1752 2131 1919 2215; x_wconf 83' lang='lat' dir='ltr'><strong>quod</strong></span> <span class='ocrx_word' id='word_1_149' title='bbox 1939 2132 2010 2193; x_wconf 87' lang='lat' dir='ltr'><strong>id</strong></span> <span class='ocrx_word' id='word_1_150' title='bbox 2033 2131 2204 2195; x_wconf 73' lang='lat' dir='ltr'><strong>haud</strong></span> <span class='ocrx_word' id='word_1_151' title='bbox 2226 2133 2296 2195; x_wconf 89' lang='lat' dir='ltr'><strong>in</strong></span> <span class='ocrx_word' id='word_1_152' title='bbox 2322 2132 2453 2196; x_wconf 85' lang='lat' dir='ltr'><strong>fine</strong></span> 
     </span>
     <span class='ocr_line' id='line_1_18' title="bbox 219 2226 2455 2318; baseline 0 -26"><span class='ocrx_word' id='word_1_153' title='bbox 219 2251 389 2293; x_wconf 87' lang='lat' dir='ltr'><strong>sono</strong></span> <span class='ocrx_word' id='word_1_154' title='bbox 421 2228 797 2311; x_wconf 88' lang='lat' dir='ltr'><strong>lenissimo)</strong></span> <span class='ocrx_word' id='word_1_155' title='bbox 817 2277 833 2303; x_wconf 85' lang='lat'>‚</span> <span class='ocrx_word' id='word_1_156' title='bbox 863 2226 1021 2292; x_wconf 87' lang='lat' dir='ltr'><strong>huic</strong></span> <span class='ocrx_word' id='word_1_157' title='bbox 1053 2249 1215 2292; x_wconf 88' lang='lat' dir='ltr'><strong>sane</strong></span> <span class='ocrx_word' id='word_1_158' title='bbox 1258 2228 1444 2291; x_wconf 90' lang='lat' dir='ltr'><strong>licuit</strong></span> <span class='ocrx_word' id='word_1_159' title='bbox 1469 2226 1640 2290; x_wconf 88' lang='lat' dir='ltr'><strong>haec</strong></span> <span class='ocrx_word' id='word_1_160' title='bbox 1670 2227 1962 2291; x_wconf 90' lang='lat' dir='ltr'><strong>scribere</strong></span> <span class='ocrx_word' id='word_1_161' title='bbox 1982 2277 1998 2303; x_wconf 86' lang='lat'>,</span> <span class='ocrx_word' id='word_1_162' title='bbox 2035 2230 2182 2318; x_wconf 74' lang='lat' dir='ltr'><strong>Infit</strong></span> <span class='ocrx_word' id='word_1_163' title='bbox 2204 2253 2240 2293; x_wconf 93' lang='lat' dir='ltr'><strong>o</strong></span> <span class='ocrx_word' id='word_1_164' title='bbox 2270 2231 2455 2309; x_wconf 75' lang='lat' dir='ltr'><strong>cives,</strong></span> 
     </span>
     <span class='ocr_line' id='line_1_19' title="bbox 217 2324 2457 2413; baseline -0 -21"><span class='ocrx_word' id='word_1_165' title='bbox 217 2340 351 2391; x_wconf 73' lang='lat' dir='ltr'><strong>uter</strong></span> <span class='ocrx_word' id='word_1_166' title='bbox 390 2337 542 2392; x_wconf 74' lang='lat' dir='ltr'><strong>esset</strong></span> <span class='ocrx_word' id='word_1_167' title='bbox 578 2326 1007 2411; x_wconf 72' lang='lat' dir='ltr'><strong>induperator,</strong></span> <span class='ocrx_word' id='word_1_168' title='bbox 1042 2348 1319 2391; x_wconf 73' lang='lat' dir='ltr'><strong>rumores</strong></span> <span class='ocrx_word' id='word_1_169' title='bbox 1346 2324 1618 2412; x_wconf 78' lang='lat' dir='ltr'><strong>ponebat</strong></span> <span class='ocrx_word' id='word_1_170' title='bbox 1643 2336 1784 2389; x_wconf 73' lang='lat' dir='ltr'><strong>ante</strong></span> <span class='ocrx_word' id='word_1_171' title='bbox 1811 2328 2098 2390; x_wconf 75' lang='lat' dir='ltr'><strong>salutem:</strong></span> <span class='ocrx_word' id='word_1_172' title='bbox 2143 2325 2265 2390; x_wconf 89' lang='lat' dir='ltr'><strong>sed</strong></span> <span class='ocrx_word' id='word_1_173' title='bbox 2295 2335 2457 2413; x_wconf 90' lang='lat' dir='ltr'><strong>post</strong></span> 
     </span>
     <span class='ocr_line' id='line_1_20' title="bbox 216 2423 2457 2512; baseline -0.001 -22"><span class='ocrx_word' id='word_1_174' title='bbox 216 2425 506 2490; x_wconf 86' lang='lat' dir='ltr'><strong>Ennium</strong></span> <span class='ocrx_word' id='word_1_175' title='bbox 546 2446 768 2511; x_wconf 87' lang='lat' dir='ltr'><strong>neque</strong></span> <span class='ocrx_word' id='word_1_176' title='bbox 800 2424 1034 2489; x_wconf 91' lang='lat' dir='ltr'><strong>Cicero</strong></span> <span class='ocrx_word' id='word_1_177' title='bbox 1072 2425 1143 2487; x_wconf 90' lang='lat' dir='ltr'><strong>in</strong></span> <span class='ocrx_word' id='word_1_178' title='bbox 1179 2446 1418 2489; x_wconf 88' lang='lat' dir='ltr'><strong>versus</strong></span> <span class='ocrx_word' id='word_1_179' title='bbox 1461 2424 1752 2512; x_wconf 86' lang='lat' dir='ltr'><strong>speciem</strong></span> <span class='ocrx_word' id='word_1_180' title='bbox 1790 2423 2057 2500; x_wconf 76' lang='lat' dir='ltr'><strong>incidit,</strong></span> <span class='ocrx_word' id='word_1_181' title='bbox 2096 2446 2245 2489; x_wconf 89' lang='lat' dir='ltr'><strong>cum</strong></span> <span class='ocrx_word' id='word_1_182' title='bbox 2286 2424 2457 2489; x_wconf 82' lang='lat' dir='ltr'><strong>dixit</strong></span> 
     </span>
     <span class='ocr_line' id='line_1_21' title="bbox 216 2523 2454 2609; baseline -0.001 -21"><span class='ocrx_word' id='word_1_183' title='bbox 216 2526 279 2588; x_wconf 91' lang='lat' dir='ltr'><strong>in</strong></span> <span class='ocrx_word' id='word_1_184' title='bbox 308 2524 682 2588; x_wconf 86' lang='lat' dir='ltr'><strong>Miloniana</strong></span> <span class='ocrx_word' id='word_1_185' title='bbox 721 2523 801 2586; x_wconf 85' lang='lat'><strong>54</strong></span> <span class='ocrx_word' id='word_1_186' title='bbox 845 2534 1044 2588; x_wconf 77' lang='lat' dir='ltr'><strong>tamen</strong></span> <span class='ocrx_word' id='word_1_187' title='bbox 1086 2535 1417 2609; x_wconf 58' lang='lat' dir='ltr'><strong>afflaret-et</strong></span> <span class='ocrx_word' id='word_1_188' title='bbox 1454 2535 1590 2588; x_wconf 78' lang='lat' dir='ltr'><strong>uter</strong></span> <span class='ocrx_word' id='word_1_189' title='bbox 1633 2535 1783 2589; x_wconf 70' lang='lat' dir='ltr'><strong>esset</strong></span> <span class='ocrx_word' id='word_1_190' title='bbox 1830 2524 2180 2604; x_wconf 68' lang='lat' dir='ltr'><strong>insidiator,</strong></span> <span class='ocrx_word' id='word_1_191' title='bbox 2231 2544 2454 2609; x_wconf 90' lang='lat' dir='ltr'><strong>neque</strong></span> 
     </span>
     <span class='ocr_line' id='line_1_22' title="bbox 216 2621 2452 2710; baseline -0.001 -23"><span class='ocrx_word' id='word_1_192' title='bbox 216 2630 461 2710; x_wconf 67' lang='lat' dir='ltr'><strong>poetae</strong></span> <span class='ocrx_word' id='word_1_193' title='bbox 502 2622 632 2686; x_wconf 88' lang='lat' dir='ltr'><strong>illis</strong></span> <span class='ocrx_word' id='word_1_194' title='bbox 678 2621 914 2685; x_wconf 87' lang='lat' dir='ltr'><strong>similia</strong></span> <span class='ocrx_word' id='word_1_195' title='bbox 954 2627 1074 2685; x_wconf 88' lang='lat' dir='ltr'><strong>aut</strong></span> <span class='ocrx_word' id='word_1_196' title='bbox 1110 2621 1179 2684; x_wconf 92' lang='lat' dir='ltr'><strong>in</strong></span> <span class='ocrx_word' id='word_1_197' title='bbox 1224 2633 1251 2686; x_wconf 75' lang='lat' dir='ltr'><strong>t</strong></span> <span class='ocrx_word' id='word_1_198' title='bbox 1282 2622 1509 2686; x_wconf 89' lang='lat' dir='ltr'><strong>littera</strong></span> <span class='ocrx_word' id='word_1_199' title='bbox 1549 2630 1666 2687; x_wconf 90' lang='lat' dir='ltr'><strong>aut</strong></span> <span class='ocrx_word' id='word_1_200' title='bbox 1705 2624 1774 2686; x_wconf 89' lang='lat' dir='ltr'><strong>in</strong></span> <span class='ocrx_word' id='word_1_201' title='bbox 1817 2623 2057 2687; x_wconf 85' lang='lat' dir='ltr'><strong>ceteris</strong></span> <span class='ocrx_word' id='word_1_202' title='bbox 2087 2623 2232 2686; x_wconf 87' lang='lat' dir='ltr'><strong>ausi</strong></span> <span class='ocrx_word' id='word_1_203' title='bbox 2263 2629 2452 2687; x_wconf 89' lang='lat' dir='ltr'><strong>sunt.</strong></span> 
     </span>
     <span class='ocr_line' id='line_1_23' title="bbox 218 2719 2453 2808; baseline -0.001 -22"><span class='ocrx_word' id='word_1_204' title='bbox 218 2719 402 2808; x_wconf 78' lang='lat' dir='ltr'><strong>apud</strong></span> <span class='ocrx_word' id='word_1_205' title='bbox 428 2720 718 2784; x_wconf 87' lang='lat' dir='ltr'><strong>Nonium</strong></span> <span class='ocrx_word' id='word_1_206' title='bbox 760 2742 824 2805; x_wconf 88' lang='lat' dir='ltr'><strong>p.</strong></span> <span class='ocrx_word' id='word_1_207' title='bbox 837 2720 996 2796; x_wconf 85' lang='lat'>449,</span> <span class='ocrx_word' id='word_1_208' title='bbox 1031 2720 1107 2783; x_wconf 90' lang='lat'><strong>31</strong></span> <span class='ocrx_word' id='word_1_209' title='bbox 1151 2719 1386 2784; x_wconf 91' lang='lat' dir='ltr'><strong>Lucilii</strong></span> <span class='ocrx_word' id='word_1_210' title='bbox 1425 2741 1664 2785; x_wconf 88' lang='lat' dir='ltr'><strong>versus</strong></span> <span class='ocrx_word' id='word_1_211' title='bbox 1706 2721 1802 2802; x_wconf 80' lang='lat' dir='ltr'><strong>ita</strong></span> <span class='ocrx_word' id='word_1_212' title='bbox 1840 2723 2135 2806; x_wconf 87' lang='lat' dir='ltr'><strong>scriptus</strong></span> <span class='ocrx_word' id='word_1_213' title='bbox 2177 2728 2313 2795; x_wconf 89' lang='lat' dir='ltr'><strong>est,</strong></span> <span class='ocrx_word' id='word_1_214' title='bbox 2347 2720 2453 2784; x_wconf 79' lang='lat' dir='ltr'><strong>In-</strong></span> 
     </span>
     <span class='ocr_line' id='line_1_24' title="bbox 216 2815 2454 2901; baseline -0.004 -15"><span class='ocrx_word' id='word_1_215' title='bbox 216 2830 450 2886; x_wconf 64' lang='lat' dir='ltr'><strong>teretem</strong></span> <span class='ocrx_word' id='word_1_216' title='bbox 472 2868 491 2898; x_wconf 91' lang='lat'>,</span> <span class='ocrx_word' id='word_1_217' title='bbox 540 2819 827 2882; x_wconf 65' lang='lat' dir='ltr'><strong>labinum</strong></span> <span class='ocrx_word' id='word_1_218' title='bbox 848 2867 866 2898; x_wconf 89' lang='lat'><strong><em>,</em></strong></span> <span class='ocrx_word' id='word_1_219' title='bbox 912 2829 1130 2882; x_wconf 70' lang='lat' dir='ltr'><strong>emmer</strong></span> <span class='ocrx_word' id='word_1_220' title='bbox 1171 2820 1379 2882; x_wconf 77' lang='lat' dir='ltr'><strong>mnnia&#39;</strong></span> <span class='ocrx_word' id='word_1_221' title='bbox 1415 2842 1690 2901; x_wconf 51' lang='lat' dir='ltr'><strong>vor-§ww</strong></span> <span class='ocrx_word' id='word_1_222' title='bbox 1727 2819 1842 2882; x_wconf 89' lang='lat' dir='ltr'><strong>ubi</strong></span> <span class='ocrx_word' id='word_1_223' title='bbox 1879 2819 2221 2883; x_wconf 83' lang='lat' dir='ltr'><strong>verissime</strong></span> <span class='ocrx_word' id='word_1_224' title='bbox 2267 2815 2454 2879; x_wconf 88' lang='lat' dir='ltr'><strong>docti</strong></span> 
     </span>
     <span class='ocr_line' id='line_1_25' title="bbox 218 2912 2454 2989; baseline -0.003 -8"><span class='ocrx_word' id='word_1_225' title='bbox 218 2929 359 2982; x_wconf 69' lang='lat' dir='ltr'><strong>eunt</strong></span> <span class='ocrx_word' id='word_1_226' title='bbox 382 2938 635 2980; x_wconf 66' lang='lat' dir='ltr'><strong>nav-stem</strong></span> <span class='ocrx_word' id='word_1_227' title='bbox 664 2918 869 2980; x_wconf 76' lang='lat' dir='ltr'><strong>omnia</strong></span> <span class='ocrx_word' id='word_1_228' title='bbox 895 2939 1167 2980; x_wconf 69' lang='lat' dir='ltr'><strong>voremn.</strong></span> <span class='ocrx_word' id='word_1_229' title='bbox 1189 2915 1542 2979; x_wconf 89' lang='lat' dir='ltr'><strong>inHoratii</strong></span> <span class='ocrx_word' id='word_1_230' title='bbox 1571 2918 1930 2980; x_wconf 83' lang='lat' dir='ltr'><strong>carminum</strong></span> <span class='ocrx_word' id='word_1_231' title='bbox 1961 2938 2068 2988; x_wconf 88' lang='grc' dir='ltr'>ιιι,</span> <span class='ocrx_word' id='word_1_232' title='bbox 2092 2915 2162 2989; x_wconf 88' lang='lat'><strong>5,</strong></span> <span class='ocrx_word' id='word_1_233' title='bbox 2191 2914 2265 2976; x_wconf 90' lang='lat'><strong>17</strong></span> <span class='ocrx_word' id='word_1_234' title='bbox 2293 2912 2454 2976; x_wconf 91' lang='lat' dir='ltr'><strong>mihi</strong></span> 
     </span>
     <span class='ocr_line' id='line_1_26' title="bbox 216 3009 2455 3099; baseline -0.004 -19"><span class='ocrx_word' id='word_1_235' title='bbox 216 3016 488 3080; x_wconf 79' lang='lat' dir='ltr'><strong>videtur</strong></span> <span class='ocrx_word' id='word_1_236' title='bbox 518 3013 947 3079; x_wconf 81' lang='lat' dir='ltr'><strong>scribendum</strong></span> <span class='ocrx_word' id='word_1_237' title='bbox 978 3035 1128 3078; x_wconf 87' lang='lat' dir='ltr'><strong>esse</strong></span> <span class='ocrx_word' id='word_1_238' title='bbox 1160 3014 1235 3078; x_wconf 78' lang='lat' dir='ltr'><strong>Si</strong></span> <span class='ocrx_word' id='word_1_239' title='bbox 1272 3037 1391 3077; x_wconf 80' lang='lat' dir='ltr'><strong>non</strong></span> <span class='ocrx_word' id='word_1_240' title='bbox 1421 3017 1663 3099; x_wconf 75' lang='lat' dir='ltr'><strong>perires</strong></span> <span class='ocrx_word' id='word_1_241' title='bbox 1690 3013 2118 3076; x_wconf 69' lang='lat' dir='ltr'><strong>inmiserabilis</strong></span> <span class='ocrx_word' id='word_1_242' title='bbox 2139 3056 2158 3088; x_wconf 92' lang='lat'><strong><em>,</em></strong></span> <span class='ocrx_word' id='word_1_243' title='bbox 2202 3009 2455 3093; x_wconf 80' lang='lat' dir='ltr'><strong>Captiva</strong></span> 
     </span>
     <span class='ocr_line' id='line_1_27' title="bbox 208 3106 2451 3201; baseline -0.005 -22"><span class='ocrx_word' id='word_1_244' title='bbox 208 3116 434 3201; x_wconf 76' lang='lat' dir='ltr'><strong>pubes,</strong></span> <span class='ocrx_word' id='word_1_245' title='bbox 461 3135 601 3178; x_wconf 91' lang='lat' dir='ltr'><strong>non</strong></span> <span class='ocrx_word' id='word_1_246' title='bbox 618 3115 890 3199; x_wconf 73' lang='lat' dir='ltr'><strong>periret:</strong></span> <span class='ocrx_word' id='word_1_247' title='bbox 908 3113 1043 3177; x_wconf 89' lang='lat' dir='ltr'><strong>hoc</strong></span> <span class='ocrx_word' id='word_1_248' title='bbox 1073 3113 1245 3176; x_wconf 87' lang='lat' dir='ltr'><strong>enim</strong></span> <span class='ocrx_word' id='word_1_249' title='bbox 1266 3111 1557 3174; x_wconf 82' lang='lat' dir='ltr'><strong>vocativi</strong></span> <span class='ocrx_word' id='word_1_250' title='bbox 1585 3130 1796 3194; x_wconf 84' lang='lat' dir='ltr'><strong>genus</strong></span> <span class='ocrx_word' id='word_1_251' title='bbox 1826 3106 2047 3191; x_wconf 71' lang='lat' dir='ltr'><strong>poetis</strong></span> <span class='ocrx_word' id='word_1_252' title='bbox 2078 3125 2280 3188; x_wconf 86' lang='lat' dir='ltr'><strong>saepe</strong></span> <span class='ocrx_word' id='word_1_253' title='bbox 2309 3126 2451 3168; x_wconf 90' lang='lat' dir='ltr'><strong>res-</strong></span> 
     </span>
     <span class='ocr_line' id='line_1_28' title="bbox 218 3203 2452 3288; baseline -0.005 -11"><span class='ocrx_word' id='word_1_254' title='bbox 218 3210 594 3277; x_wconf 74' lang='lat' dir='ltr'><strong>tituendum</strong></span> <span class='ocrx_word' id='word_1_255' title='bbox 635 3219 774 3286; x_wconf 90' lang='lat' dir='ltr'><strong>est,</strong></span> <span class='ocrx_word' id='word_1_256' title='bbox 822 3218 902 3275; x_wconf 91' lang='lat' dir='ltr'><strong>ut</strong></span> <span class='ocrx_word' id='word_1_257' title='bbox 942 3211 1196 3274; x_wconf 89' lang='lat' dir='ltr'><strong>Sereno</strong></span> <span class='ocrx_word' id='word_1_258' title='bbox 1240 3208 1595 3271; x_wconf 88' lang='lat' dir='ltr'><strong>Samonico</strong></span> <span class='ocrx_word' id='word_1_259' title='bbox 1627 3204 1781 3279; x_wconf 83' lang='lat'>533,</span> <span class='ocrx_word' id='word_1_260' title='bbox 1826 3203 2120 3288; x_wconf 80' lang='lat' dir='ltr'><strong>Quodque</strong></span> <span class='ocrx_word' id='word_1_261' title='bbox 2173 3204 2291 3266; x_wconf 71' lang='lat' dir='ltr'><strong>tuis</strong></span> <span class='ocrx_word' id='word_1_262' title='bbox 2325 3225 2452 3266; x_wconf 83' lang='lat' dir='ltr'><strong>me-</strong></span> 
     </span>
     <span class='ocr_line' id='line_1_29' title="bbox 215 3300 2456 3388; baseline -0.005 -13"><span class='ocrx_word' id='word_1_263' title='bbox 215 3313 333 3375; x_wconf 67' lang='lat' dir='ltr'><strong>lius</strong></span> <span class='ocrx_word' id='word_1_264' title='bbox 376 3310 575 3374; x_wconf 66' lang='lat' dir='ltr'><strong>verbis</strong></span> <span class='ocrx_word' id='word_1_265' title='bbox 613 3311 878 3373; x_wconf 73' lang='lat' dir='ltr'><strong>dicemus</strong></span> <span class='ocrx_word' id='word_1_266' title='bbox 902 3358 920 3388; x_wconf 89' lang='lat'><strong><em>,</em></strong></span> <span class='ocrx_word' id='word_1_267' title='bbox 974 3308 1201 3371; x_wconf 73' lang='lat' dir='ltr'><strong>Horati</strong></span> <span class='ocrx_word' id='word_1_268' title='bbox 1221 3354 1240 3385; x_wconf 86' lang='lat'><em>,</em></span> <span class='ocrx_word' id='word_1_269' title='bbox 1289 3304 1402 3367; x_wconf 90' lang='lat' dir='ltr'><strong>ubi</strong></span> <span class='ocrx_word' id='word_1_270' title='bbox 1442 3302 1646 3386; x_wconf 82' lang='lat' dir='ltr'><strong>vulgo</strong></span> <span class='ocrx_word' id='word_1_271' title='bbox 1684 3300 1927 3386; x_wconf 85' lang='lat' dir='ltr'><strong>legitur</strong></span> <span class='ocrx_word' id='word_1_272' title='bbox 1977 3300 2269 3387; x_wconf 77' lang='lat' dir='ltr'><strong>Quodque</strong></span> <span class='ocrx_word' id='word_1_273' title='bbox 2308 3301 2456 3364; x_wconf 71' lang='lat' dir='ltr'><strong>sati-3</strong></span> 
     </span>
     <span class='ocr_line' id='line_1_30' title="bbox 216 3398 2453 3486; baseline -0.005 -12"><span class='ocrx_word' id='word_1_274' title='bbox 216 3411 463 3474; x_wconf 67' lang='lat' dir='ltr'><strong>melius.</strong></span> <span class='ocrx_word' id='word_1_275' title='bbox 494 3407 846 3471; x_wconf 89' lang='lat' dir='ltr'><strong>Lucretius</strong></span> <span class='ocrx_word' id='word_1_276' title='bbox 889 3426 1053 3469; x_wconf 86' lang='lat' dir='ltr'><strong>vero</strong></span> <span class='ocrx_word' id='word_1_277' title='bbox 1081 3422 1303 3486; x_wconf 87' lang='lat' dir='ltr'><strong>neque</strong></span> <span class='ocrx_word' id='word_1_278' title='bbox 1330 3400 1508 3464; x_wconf 85' lang='lat' dir='ltr'><strong>illam</strong></span> <span class='ocrx_word' id='word_1_279' title='bbox 1537 3399 1737 3463; x_wconf 88' lang='lat' dir='ltr'><strong>Ennii</strong></span> <span class='ocrx_word' id='word_1_280' title='bbox 1775 3418 1997 3483; x_wconf 90' lang='lat' dir='ltr'><strong>neque</strong></span> <span class='ocrx_word' id='word_1_281' title='bbox 2028 3398 2223 3462; x_wconf 89' lang='lat' dir='ltr'><strong>aliam</strong></span> <span class='ocrx_word' id='word_1_282' title='bbox 2249 3398 2453 3462; x_wconf 88' lang='lat' dir='ltr'><strong>ullam</strong></span> 
     </span>
     <span class='ocr_line' id='line_1_31' title="bbox 214 3496 2452 3588; baseline -0.005 -17"><span class='ocrx_word' id='word_1_283' title='bbox 214 3507 281 3570; x_wconf 86' lang='lat' dir='ltr'><strong>in</strong></span> <span class='ocrx_word' id='word_1_284' title='bbox 308 3506 624 3570; x_wconf 82' lang='lat' dir='ltr'><strong>versibus</strong></span> <span class='ocrx_word' id='word_1_285' title='bbox 651 3502 983 3588; x_wconf 85' lang='lat' dir='ltr'><strong>fingendis</strong></span> <span class='ocrx_word' id='word_1_286' title='bbox 1011 3499 1346 3563; x_wconf 84' lang='lat' dir='ltr'><strong>licentiam</strong></span> <span class='ocrx_word' id='word_1_287' title='bbox 1374 3496 1643 3563; x_wconf 88' lang='lat' dir='ltr'><strong>admisit</strong></span> <span class='ocrx_word' id='word_1_288' title='bbox 1660 3545 1675 3573; x_wconf 87' lang='lat'>‚</span> <span class='ocrx_word' id='word_1_289' title='bbox 1699 3496 1821 3561; x_wconf 88' lang='lat' dir='ltr'><strong>sed</strong></span> <span class='ocrx_word' id='word_1_290' title='bbox 1839 3546 1855 3574; x_wconf 89' lang='lat'>‚</span> <span class='ocrx_word' id='word_1_291' title='bbox 1882 3496 2069 3581; x_wconf 89' lang='lat' dir='ltr'><strong>quod</strong></span> <span class='ocrx_word' id='word_1_292' title='bbox 2097 3502 2452 3583; x_wconf 66' lang='lat' dir='ltr'><strong>poetarum</strong></span> 
     </span>
     <span class='ocr_line' id='line_1_32' title="bbox 214 3594 2452 3685; baseline -0.005 -14"><span class='ocrx_word' id='word_1_293' title='bbox 214 3606 467 3671; x_wconf 85' lang='lat' dir='ltr'><strong>saeculi</strong></span> <span class='ocrx_word' id='word_1_294' title='bbox 495 3604 582 3668; x_wconf 89' lang='lat' dir='ltr'><strong>ab</strong></span> <span class='ocrx_word' id='word_1_295' title='bbox 611 3602 778 3666; x_wconf 92' lang='lat' dir='ltr'><strong>urbe</strong></span> <span class='ocrx_word' id='word_1_296' title='bbox 808 3598 1083 3665; x_wconf 87' lang='lat' dir='ltr'><strong>condita</strong></span> <span class='ocrx_word' id='word_1_297' title='bbox 1111 3597 1373 3685; x_wconf 87' lang='lat' dir='ltr'><strong>septimi</strong></span> <span class='ocrx_word' id='word_1_298' title='bbox 1400 3596 1756 3682; x_wconf 81' lang='lat' dir='ltr'><strong>proprium</strong></span> <span class='ocrx_word' id='word_1_299' title='bbox 1775 3603 1879 3660; x_wconf 89' lang='lat' dir='ltr'><strong>est</strong></span> <span class='ocrx_word' id='word_1_300' title='bbox 1896 3644 1913 3669; x_wconf 83' lang='lat'>‚</span> <span class='ocrx_word' id='word_1_301' title='bbox 1942 3596 2163 3660; x_wconf 88' lang='lat' dir='ltr'><strong>omnia</strong></span> <span class='ocrx_word' id='word_1_302' title='bbox 2191 3594 2282 3659; x_wconf 89' lang='lat' dir='ltr'><strong>ad</strong></span> <span class='ocrx_word' id='word_1_303' title='bbox 2310 3616 2452 3659; x_wconf 87' lang='lat' dir='ltr'><strong>cer-</strong></span> 
     </span>
     <span class='ocr_line' id='line_1_33' title="bbox 212 3694 2456 3789; baseline -0.005 -21"><span class='ocrx_word' id='word_1_304' title='bbox 212 3714 324 3768; x_wconf 83' lang='lat' dir='ltr'><strong>tae</strong></span> <span class='ocrx_word' id='word_1_305' title='bbox 362 3703 641 3789; x_wconf 84' lang='lat' dir='ltr'><strong>regulae</strong></span> <span class='ocrx_word' id='word_1_306' title='bbox 686 3700 907 3786; x_wconf 80' lang='lat' dir='ltr'><strong>exegit</strong></span> <span class='ocrx_word' id='word_1_307' title='bbox 959 3698 1382 3763; x_wconf 84' lang='lat' dir='ltr'><strong>severitatem</strong></span> <span class='ocrx_word' id='word_1_308' title='bbox 1400 3744 1416 3770; x_wconf 91' lang='lat'>‚</span> <span class='ocrx_word' id='word_1_309' title='bbox 1460 3716 1501 3758; x_wconf 88' lang='lat' dir='ltr'><strong>a</strong></span> <span class='ocrx_word' id='word_1_310' title='bbox 1543 3716 1678 3780; x_wconf 91' lang='lat' dir='ltr'><strong>qua</strong></span> <span class='ocrx_word' id='word_1_311' title='bbox 1724 3695 1976 3782; x_wconf 88' lang='lat' dir='ltr'><strong>primus</strong></span> <span class='ocrx_word' id='word_1_312' title='bbox 2013 3694 2210 3758; x_wconf 89' lang='lat' dir='ltr'><strong>Maro</strong></span> <span class='ocrx_word' id='word_1_313' title='bbox 2235 3744 2251 3770; x_wconf 84' lang='lat'>‚</span> <span class='ocrx_word' id='word_1_314' title='bbox 2305 3715 2456 3758; x_wconf 88' lang='lat' dir='ltr'><strong>cum</strong></span> 
     </span>
     <span class='ocr_line' id='line_1_34' title="bbox 214 3793 2455 3885; baseline -0.005 -20"><span class='ocrx_word' id='word_1_315' title='bbox 214 3799 528 3866; x_wconf 78' lang='lat' dir='ltr'><strong>studeret</strong></span> <span class='ocrx_word' id='word_1_316' title='bbox 569 3798 935 3885; x_wconf 83' lang='lat' dir='ltr'><strong>elegantiae</strong></span> <span class='ocrx_word' id='word_1_317' title='bbox 977 3805 1045 3861; x_wconf 92' lang='lat' dir='ltr'><strong>et</strong></span> <span class='ocrx_word' id='word_1_318' title='bbox 1101 3794 1531 3860; x_wconf 84' lang='lat' dir='ltr'><strong>concinnitati</strong></span> <span class='ocrx_word' id='word_1_319' title='bbox 1559 3843 1575 3869; x_wconf 87' lang='lat'>,</span> <span class='ocrx_word' id='word_1_320' title='bbox 1608 3793 1876 3879; x_wconf 89' lang='lat' dir='ltr'><strong>paulum</strong></span> <span class='ocrx_word' id='word_1_321' title='bbox 1919 3793 2171 3857; x_wconf 88' lang='lat' dir='ltr'><strong>remisit</strong></span> <span class='ocrx_word' id='word_1_322' title='bbox 2204 3841 2217 3854; x_wconf 93' lang='lat'><strong>.</strong></span> <span class='ocrx_word' id='word_1_323' title='bbox 2256 3813 2455 3877; x_wconf 85' lang='lat' dir='ltr'><strong>quam</strong></span> 
     </span>
     <span class='ocr_line' id='line_1_35' title="bbox 214 3890 2455 3981; baseline -0.005 -17"><span class='ocrx_word' id='word_1_324' title='bbox 214 3901 306 3964; x_wconf 91' lang='lat' dir='ltr'><strong>ob</strong></span> <span class='ocrx_word' id='word_1_325' title='bbox 336 3920 479 3963; x_wconf 83' lang='lat' dir='ltr'><strong>rein</strong></span> <span class='ocrx_word' id='word_1_326' title='bbox 512 3917 769 3962; x_wconf 88' lang='lat' dir='ltr'><strong>summa</strong></span> <span class='ocrx_word' id='word_1_327' title='bbox 796 3916 1013 3981; x_wconf 85' lang='lat' dir='ltr'><strong>nuper</strong></span> <span class='ocrx_word' id='word_1_328' title='bbox 1039 3895 1195 3959; x_wconf 91' lang='lat' dir='ltr'><strong>huic</strong></span> <span class='ocrx_word' id='word_1_329' title='bbox 1223 3899 1467 3978; x_wconf 70' lang='lat' dir='ltr'><strong>poetae</strong></span> <span class='ocrx_word' id='word_1_330' title='bbox 1498 3913 1540 3954; x_wconf 87' lang='lat' dir='ltr'><strong>a</strong></span> <span class='ocrx_word' id='word_1_331' title='bbox 1562 3890 1932 3955; x_wconf 89' lang='lat' dir='ltr'><strong>Theodoro</strong></span> <span class='ocrx_word' id='word_1_332' title='bbox 1955 3890 2249 3975; x_wconf 84' lang='lat' dir='ltr'><strong>Bergkio</strong></span> <span class='ocrx_word' id='word_1_333' title='bbox 2268 3938 2285 3965; x_wconf 90' lang='lat'>‚</span> <span class='ocrx_word' id='word_1_334' title='bbox 2305 3890 2455 3954; x_wconf 80' lang='lat' dir='ltr'><strong>viro</strong></span> 
     </span>
     <span class='ocr_line' id='line_1_36' title="bbox 214 3988 2457 4075; baseline -0.004 -13"><span class='ocrx_word' id='word_1_335' title='bbox 214 3995 612 4062; x_wconf 83' lang='lat' dir='ltr'><strong>doctissimo</strong></span> <span class='ocrx_word' id='word_1_336' title='bbox 632 4043 648 4071; x_wconf 89' lang='lat'>‚</span> <span class='ocrx_word' id='word_1_337' title='bbox 667 3994 850 4059; x_wconf 87' lang='lat' dir='ltr'><strong>facta</strong></span> <span class='ocrx_word' id='word_1_338' title='bbox 874 3992 1113 4057; x_wconf 90' lang='lat' dir='ltr'><strong>iniuria</strong></span> <span class='ocrx_word' id='word_1_339' title='bbox 1141 3998 1246 4055; x_wconf 88' lang='lat' dir='ltr'><strong>est</strong></span> <span class='ocrx_word' id='word_1_340' title='bbox 1263 4038 1279 4066; x_wconf 93' lang='lat'>‚</span> <span class='ocrx_word' id='word_1_341' title='bbox 1302 4010 1451 4053; x_wconf 90' lang='lat' dir='ltr'><strong>cum</strong></span> <span class='ocrx_word' id='word_1_342' title='bbox 1481 4010 1628 4054; x_wconf 87' lang='lat' dir='ltr'><strong>eum</strong></span> <span class='ocrx_word' id='word_1_343' title='bbox 1658 3997 1995 4075; x_wconf 85' lang='lat' dir='ltr'><strong>tamquam</strong></span> <span class='ocrx_word' id='word_1_344' title='bbox 2023 3988 2310 4053; x_wconf 86' lang='lat' dir='ltr'><strong>Ennium</strong></span> <span class='ocrx_word' id='word_1_345' title='bbox 2342 3988 2457 4052; x_wconf 88' lang='lat' dir='ltr'><strong>ali-</strong></span> 
     </span>
     <span class='ocr_line' id='line_1_37' title="bbox 215 4086 2458 4181; baseline -0.005 -20"><span class='ocrx_word' id='word_1_346' title='bbox 215 4117 415 4181; x_wconf 88' lang='lat' dir='ltr'><strong>quem</strong></span> <span class='ocrx_word' id='word_1_347' title='bbox 444 4096 692 4181; x_wconf 71' lang='lat' dir='ltr'><strong>inqem&#39;o</strong></span> <span class='ocrx_word' id='word_1_348' title='bbox 718 4094 1092 4172; x_wconf 69' lang='lat' dir='ltr'><strong>maximum,</strong></span> <span class='ocrx_word' id='word_1_349' title='bbox 1137 4100 1269 4155; x_wconf 77' lang='lat' dir='ltr'><strong>arte</strong></span> <span class='ocrx_word' id='word_1_350' title='bbox 1294 4090 1513 4153; x_wconf 75' lang='lat' dir='ltr'><strong>rudem</strong></span> <span class='ocrx_word' id='word_1_351' title='bbox 1539 4088 1750 4153; x_wconf 88' lang='lat' dir='ltr'><strong>fuisse</strong></span> <span class='ocrx_word' id='word_1_352' title='bbox 1780 4087 1951 4152; x_wconf 83' lang='lat' dir='ltr'><strong>dixit</strong></span> <span class='ocrx_word' id='word_1_353' title='bbox 1979 4137 1994 4151; x_wconf 91' lang='lat'><strong>.</strong></span> <span class='ocrx_word' id='word_1_354' title='bbox 2040 4087 2173 4152; x_wconf 86' lang='lat' dir='ltr'><strong>hoc</strong></span> <span class='ocrx_word' id='word_1_355' title='bbox 2199 4107 2287 4150; x_wconf 89' lang='lat' dir='ltr'><strong>ne</strong></span> <span class='ocrx_word' id='word_1_356' title='bbox 2315 4086 2458 4150; x_wconf 89' lang='lat' dir='ltr'><strong>Ho-</strong></span> 
     </span>
     <span class='ocr_line' id='line_1_38' title="bbox 212 4185 2461 4279; baseline -0.006 -20"><span class='ocrx_word' id='word_1_357' title='bbox 212 4196 427 4259; x_wconf 79' lang='lat' dir='ltr'><strong>ratius</strong></span> <span class='ocrx_word' id='word_1_358' title='bbox 457 4191 731 4279; x_wconf 90' lang='lat' dir='ltr'><strong>quidem</strong></span> <span class='ocrx_word' id='word_1_359' title='bbox 760 4198 879 4255; x_wconf 88' lang='lat' dir='ltr'><strong>aut</strong></span> <span class='ocrx_word' id='word_1_360' title='bbox 908 4188 1189 4254; x_wconf 84' lang='lat' dir='ltr'><strong>Ovidius</strong></span> <span class='ocrx_word' id='word_1_361' title='bbox 1209 4238 1225 4264; x_wconf 91' lang='lat'>‚</span> <span class='ocrx_word' id='word_1_362' title='bbox 1262 4188 1566 4273; x_wconf 88' lang='lat' dir='ltr'><strong>quamvis</strong></span> <span class='ocrx_word' id='word_1_363' title='bbox 1593 4188 1769 4251; x_wconf 89' lang='lat' dir='ltr'><strong>illam</strong></span> <span class='ocrx_word' id='word_1_364' title='bbox 1802 4185 2064 4251; x_wconf 88' lang='lat' dir='ltr'><strong>dulcem</strong></span> <span class='ocrx_word' id='word_1_365' title='bbox 2094 4193 2160 4249; x_wconf 91' lang='lat' dir='ltr'><strong>et</strong></span> <span class='ocrx_word' id='word_1_366' title='bbox 2188 4203 2461 4270; x_wconf 79' lang='lat' dir='ltr'><strong>gravem</strong></span> 
     </span>
     <span class='ocr_line' id='line_1_39' title="bbox 213 4278 2461 4376; baseline -0.006 -18"><span class='ocrx_word' id='word_1_367' title='bbox 213 4313 367 4357; x_wconf 84' lang='lat' dir='ltr'><strong>eum</strong></span> <span class='ocrx_word' id='word_1_368' title='bbox 405 4298 653 4357; x_wconf 87' lang='lat' dir='ltr'><strong>ornatu</strong></span> <span class='ocrx_word' id='word_1_369' title='bbox 696 4290 891 4376; x_wconf 89' lang='lat' dir='ltr'><strong>quasi</strong></span> <span class='ocrx_word' id='word_1_370' title='bbox 918 4288 1214 4354; x_wconf 89' lang='lat' dir='ltr'><strong>oratorio</strong></span> <span class='ocrx_word' id='word_1_371' title='bbox 1245 4285 1732 4373; x_wconf 88' lang='lat' dir='ltr'><strong>simplicitatem</strong></span> <span class='ocrx_word' id='word_1_372' title='bbox 1768 4288 2293 4373; x_wconf 85' lang='lat' dir='ltr'><strong>aspernarentur</strong></span> <span class='ocrx_word' id='word_1_373' title='bbox 2311 4329 2327 4355; x_wconf 87' lang='lat'>,</span> <span class='ocrx_word' id='word_1_374' title='bbox 2363 4278 2461 4342; x_wconf 89' lang='lat' dir='ltr'><strong>di-</strong></span> 
     </span>
     <span class='ocr_line' id='line_1_40' title="bbox 213 4378 2462 4476; baseline -0.008 -22"><span class='ocrx_word' id='word_1_375' title='bbox 213 4411 374 4455; x_wconf 82' lang='lat' dir='ltr'><strong>cere</strong></span> <span class='ocrx_word' id='word_1_376' title='bbox 424 4410 742 4476; x_wconf 88' lang='lat' dir='ltr'><strong>umquam</strong></span> <span class='ocrx_word' id='word_1_377' title='bbox 785 4388 932 4452; x_wconf 89' lang='lat' dir='ltr'><strong>ausi</strong></span> <span class='ocrx_word' id='word_1_378' title='bbox 972 4394 1175 4451; x_wconf 86' lang='lat' dir='ltr'><strong>sunt:</strong></span> <span class='ocrx_word' id='word_1_379' title='bbox 1221 4385 1672 4465; x_wconf 86' lang='lat' dir='ltr'><strong>Quintilianus</strong></span> <span class='ocrx_word' id='word_1_380' title='bbox 1731 4405 2004 4470; x_wconf 90' lang='lat' dir='ltr'><strong>quoque</strong></span> <span class='ocrx_word' id='word_1_381' title='bbox 2043 4378 2427 4445; x_wconf 86' lang='lat' dir='ltr'><strong>Lucretium</strong></span> <span class='ocrx_word' id='word_1_382' title='bbox 2446 4425 2462 4450; x_wconf 90' lang='lat'>‚</span> 
     </span>
    </p>
   </div>
   <div class='ocr_carea' id='block_1_4' title="bbox 213 4473 2462 4639">
    <p class='ocr_par' dir='ltr' id='par_1_4' title="bbox 213 4473 2462 4639">
     <span class='ocr_line' id='line_1_41' title="bbox 213 4473 2462 4639; baseline -0.008 -86"><span class='ocrx_word' id='word_1_383' title='bbox 213 4489 524 4575; x_wconf 81' lang='lat' dir='ltr'><strong>quamvis</strong></span> <span class='ocrx_word' id='word_1_384' title='bbox 554 4487 871 4578; x_wconf 53' lang='lat' dir='ltr'><strong>difficilem</strong></span> <span class='ocrx_word' id='word_1_385' title='bbox 902 4485 1027 4571; x_wconf 88' lang='lat' dir='ltr'><strong>(ad</strong></span> <span class='ocrx_word' id='word_1_386' title='bbox 1055 4482 1574 4572; x_wconf 84' lang='lat' dir='ltr'><strong>intellegendum</strong></span> <span class='ocrx_word' id='word_1_387' title='bbox 1605 4532 1621 4560; x_wconf 81' lang='grc'><em>,</em></span> <span class='ocrx_word' id='word_1_388' title='bbox 1659 4491 1825 4569; x_wconf 90' lang='lat' dir='ltr'><strong>puto</strong></span> <span class='ocrx_word' id='word_1_389' title='bbox 1858 4531 1872 4558; x_wconf 85' lang='lat'><strong>‚</strong></span> <span class='ocrx_word' id='word_1_390' title='bbox 1910 4499 2143 4639; x_wconf 76' lang='lat' dir='ltr'><strong>par2um</strong></span> <span class='ocrx_word' id='word_1_391' title='bbox 2184 4473 2462 4539; x_wconf 89' lang='lat' dir='ltr'><strong>attentis</strong></span> 
     </span>
    </p>
   </div>
  </div>
 </body>
</html>
