3042 5192
573 434 710 503 118
1618 437 1745 504 1111

563 630 673 674 res
704 629 1009 695 quaeque
1026 657 1042 685 ‚
1067 630 1151 672 ex
1181 628 1436 674 summo
1468 609 1782 693 quoniam
1810 609 2186 676 iaculantur
2212 621 2497 701 utraque
2519 667 2533 681 .

569 731 727 787 sunt
753 724 955 809 igitur
980 724 1109 786 iam
1139 722 1500 786 formarum
1530 724 1813 809 vestigia
1840 732 2024 790 certa
2041 775 2056 800 ‚

568 859 738 923 quae
767 838 968 923 volgo
999 837 1285 902 volitant
1313 838 1542 923 suptili
1569 837 1878 923 praedita
1902 837 2016 903 filo

566 973 692 1015 nec
722 952 1099 1038 singillatim
1127 959 1417 1038 possunt
1445 959 1708 1016 secreta
1734 951 1949 1017 videri
1966 1003 1980 1017 .

442 1082 505 1129 9ο
568 1074 921 1153 praeterea
952 1067 1163 1130 omnis
1193 1063 1369 1129 odor
1387 1112 1403 1141 ‚
1422 1064 1644 1129 fumus
1662 1114 1678 1141 ‚
1698 1087 1944 1153 vapor,
1968 1074 2172 1152 atque
2202 1057 2368 1136 aliae
2399 1095 2507 1135 res

570 1181 942 1244 consimiles
962 1228 978 1256 ‚
1000 1178 1151 1244 ideo
1183 1179 1424 1244 diffiisa
1454 1201 1491 1243 e
1518 1181 1723 1245 rebus
1752 1180 2100 1246 abundant
2117 1232 2133 1258 ‚

570 1317 655 1358 ex
683 1295 821 1359 alto
856 1296 1013 1381 quia
1043 1294 1200 1359 dum
1228 1295 1506 1359 veniunt
1520 1342 1537 1370 ‚
1562 1294 1959 1360 extrinsecu’
1989 1304 2168 1361 torte

569 1408 964 1473 scinduntur
992 1431 1116 1494 per
1142 1410 1269 1473 iter
1297 1408 1543 1473 flexum
1559 1457 1575 1483 ‚
1597 1430 1722 1473 nee
1751 1416 1938 1474 recta
1963 1412 2222 1477 viarum

570 1524 745 1588 ostia
774 1531 965 1600 sunt,
989 1545 1124 1608 qua
1151 1523 1567 1587 contendant
1596 1524 1777 1589 exire
1808 1534 2077 1590 coorta.

442 1654 506 1700 95
571 1645 642 1701 at
671 1646 908 1702 contra
935 1638 1155 1702 tenuis
1185 1638 1419 1702 summi
1446 1639 1832 1704 membrana
1862 1639 2108 1705 coloris

573 1774 722 1815 cum
750 1753 1019 1829 iacitur,
1040 1754 1135 1817 nil
1164 1761 1271 1817 est
1300 1751 1487 1838 quod
1519 1774 1664 1817 eam
1697 1752 2080 1841 discerpere
2108 1756 2360 1841 possit,

571 1868 639 1930 in
667 1875 987 1955 promptu
1019 1868 1331 1954 quoniam
1361 1875 1470 1931 est
1495 1868 1567 1930 in
1594 1868 1808 1953 prima
1833 1866 2059 1932 fronte
2088 1868 2310 1933 locata
2328 1919 2341 1933 .

567 1990 911 2068 postremo
943 1981 1232 2069 speculis
1259 1980 1328 2044 in
1357 2001 1537 2065 aqua
1563 1980 2061 2067 splendoreque
2090 1983 2158 2046 in
2188 1984 2364 2047 omni

572 2117 743 2180 quae
774 2119 1056 2183 cumque
1086 2105 1418 2184 apparent
1444 2097 1640 2161 nobis
1671 2096 2022 2162 simulacra
2039 2146 2055 2169 ,
2076 2108 2422 2163 necessest
2439 2148 2455 2166 ,

422 2227 514 2273 100
572 2210 1117 2297 quandoquidem
1147 2211 1338 2275 simili
1369 2211 1592 2298 specie
1621 2219 1779 2275 sunt
1805 2211 2116 2298 praedita
2140 2234 2362 2278 rerum
2382 2262 2399 2289 ,

571 2326 789 2390 excita
816 2326 1210 2412 imaginibus
1238 2326 1459 2390 missis
1487 2326 1860 2390 consistere
1889 2347 2145 2391 rerum:

424 2456 515 2503 104
572 2448 729 2505 sunt
756 2440 958 2526 igitur
989 2447 1225 2505 tenues
1252 2439 1618 2505 formarum
1644 2440 1774 2504 illis
1805 2441 2185 2526 similesque

574 2553 829 2640 effigiae
848 2604 864 2631 ,
888 2555 1269 2640 singillatim
1297 2577 1467 2640 quas
1497 2575 1773 2619 cernere
1801 2576 1997 2619 nemo

575 2689 723 2731 cum
750 2669 971 2757 possit
998 2677 1219 2734 tamen
1237 2719 1253 2746 ‚
1277 2668 1566 2734 adsiduo
1598 2670 1972 2755 crebroque
2000 2669 2271 2757 repulsu

571 2783 859 2847 reiectae
886 2782 1188 2848 reddunt
1216 2784 1643 2871 speculorum
1674 2805 1759 2846 ex
1786 2804 2081 2867 aequore
2107 2784 2321 2848 visum
2341 2833 2356 2858 ‚

572 2918 699 2960 nec
726 2898 989 2962 ratione
1019 2898 1147 2962 alia
1174 2898 1430 2962 servari
1459 2918 1664 2985 posse
1691 2896 2008 2964 videntur
2028 2947 2044 2974 ‚

574 3017 765 3076 tanto
798 3034 1003 3100 opere
1031 3020 1109 3077 ut
1138 3012 1381 3078 similes
1409 3011 1786 3077 reddantur
1817 3012 2056 3099 cuique
2083 3012 2371 3098 figurae.

424 3142 518 3188 110
655 3125 852 3191 Nunc
881 3147 1006 3212 age
1025 3176 1040 3202 ,
1064 3148 1263 3212 quam
1293 3128 1477 3191 tenui
1503 3134 1749 3192 natura
1777 3135 2047 3192 constet
2073 3128 2291 3213 imago

576 3242 848 3328 percipe
867 3290 881 3304 .
907 3249 976 3304 et
1002 3241 1071 3305 in
1097 3241 1326 3328 primis
1344 3289 1360 3318 ‚
1386 3242 1700 3328 quonjam
1729 3240 2100 3329 primordia
2130 3249 2391 3306 tantum

572 3362 729 3419 sunt
755 3355 929 3419 infra
955 3364 1228 3420 nostros
1258 3377 1500 3420 sensus
1530 3363 1859 3442 tantoque
1887 3357 2147 3419 minora

576 3490 773 3553 quam
805 3491 976 3555 quae
1006 3470 1286 3558 primum
1315 3470 1489 3535 oculi
1518 3477 1841 3559 coeptant
1866 3492 2004 3534 non
2032 3491 2239 3555 posse
2268 3470 2441 3534 tueri
2459 3519 2474 3546 ‚

575 3603 754 3647 nunc
781 3591 1005 3648 tamen
1032 3583 1104 3649 id
1135 3606 1404 3671 quoque
1433 3586 1534 3650 uti
1562 3585 1943 3649 confirmem
1961 3635 1977 3662 ‚
2000 3583 2278 3650 exordia
2305 3607 2528 3650 rerum

428 3714 519 3759 115
577 3706 966 3763 cunctarum
997 3721 1195 3785 quam
1223 3700 1358 3765 sint
1386 3700 1656 3788 suptilia
1684 3700 1957 3787 percipe
1985 3701 2220 3786 paucis
2237 3749 2252 3763 .

573 3814 853 3900 primum
883 3814 1187 3878 animalia
1214 3822 1371 3879 sunt
1397 3816 1524 3880 iam
1558 3815 1802 3902 partim
1830 3815 2122 3890 tanaus,
2146 3837 2377 3880 corum

578 3929 777 3993 tertia
806 3951 965 4016 pars
994 3929 1175 3992 nulla
1202 3912 1419 4016 possit
1448 3930 1708 3993 ratione
1735 3928 1947 3993 videri
1967 3980 1982 3993 .

578 4041 815 4106 horum
852 4043 1237 4106 intestinum
1267 4041 1554 4128 quodvis
1585 4044 1780 4128 quale
1812 4066 1959 4109 esse
1988 4042 2460 4132 putandumst!

585 4315 650 4365 90
685 4311 788 4364 alia
821 4312 842 4380 Η
880 4319 943 4365 92
982 4325 1154 4368 ortae.
1192 4318 1213 4384 ΙΙ
1251 4324 1343 4371 101
1386 4316 1473 4369 Ex
1507 4318 1529 4386 ΙΙ
1570 4335 1780 4372 eorum.
1819 4322 1838 4388 ΙΙ
1882 4327 1975 4374 102
2012 4325 2280 4374 103=65
2312 4325 2406 4373 66.
2443 4320 2465 4386 ΙΙ
2523 4325 2617 4372 104
2655 4318 2807 4372 dissi-

585 4396 868 4467 milesque.
907 4399 927 4465 ΙΙ
968 4406 1064 4452 116
1104 4418 1313 4455 eorum.
1352 4403 1375 4470 ΙΙ
1416 4409 1510 4456 118
1550 4403 1753 4456 Harum
