3042 5192
636 480 729 548 78
1720 483 1781 550 11

632 652 818 740 quod
848 655 1011 719 satis
1042 663 1179 730 est,
1206 675 1427 739 neque
1457 664 1782 741 quantum
1811 679 1983 743 opus
2013 666 2120 722 est
2145 667 2384 723 natura
2413 662 2771 726 ministrat.

445 788 570 833 1150
633 771 897 855 iamque
926 768 1100 833 adeo
1131 769 1351 834 fracta
1378 778 1483 835 est
1510 780 1698 836 aetas
1717 822 1733 847 ‚
1758 772 2086 857 effetaque
2115 773 2312 838 tellus

628 885 741 949 vix
770 885 1074 950 animalia
1101 907 1312 970 parva
1341 896 1526 950 creat
1545 936 1560 962 ‚
1585 908 1758 972 quae
1788 896 2030 952 cuncta
2058 890 2311 953 creavit

629 999 851 1065 saecla
880 999 1202 1086 deditque
1229 999 1523 1065 ferarum
1551 1002 1846 1088 ingentia
1875 1025 2166 1088 corpora
2192 1012 2391 1088 partu
2412 1054 2425 1068 .

630 1114 813 1179 haud
832 1165 848 1191 ‚
869 1123 947 1180 ut
973 1115 1214 1200 opinor
1232 1165 1247 1191 ‚
1273 1118 1445 1181 enim
1473 1117 1781 1182 mortalia
1807 1117 2032 1182 saecla
2059 1140 2347 1204 superne

629 1252 831 1295 aurea
860 1229 945 1294 de
977 1232 1162 1296 caelo
1194 1230 1458 1297 demisit
1482 1231 1661 1297 funis
1690 1233 1761 1297 in
1787 1255 1950 1298 arva
1967 1283 1982 1309 ‚

438 1363 564 1408 1155
627 1368 751 1410 nec
780 1368 961 1411 mare
988 1369 1113 1410 nec
1140 1346 1383 1412 fluctus
1412 1348 1792 1434 plangentis
1822 1369 1990 1412 saxa
2017 1358 2334 1413 crearunt
2351 1399 2367 1423 ‚

629 1460 752 1525 sed
780 1462 1009 1547 genuit
1036 1462 1234 1527 tellus
1266 1461 1498 1527 eadem
1531 1483 1704 1549 quae
1732 1484 1911 1527 nunc
1941 1464 2061 1528 alit
2092 1485 2175 1526 ex
2205 1485 2279 1527 se
2300 1513 2313 1527 .

628 1585 981 1662 praeterea
1007 1576 1254 1642 nitidas
1283 1577 1512 1664 fruges
1541 1579 1902 1663 vinetaque
1931 1577 2109 1642 laeta

629 1700 875 1778 sponte
906 1713 1029 1756 sua
1055 1693 1338 1779 primum
1365 1693 1759 1758 mortalibus
1787 1693 1938 1778 ipsa
1965 1693 2221 1757 creavit
2237 1742 2253 1767 ‚

628 1807 777 1893 ipsa
807 1805 997 1872 dedit
1027 1806 1240 1873 dulcis
1268 1808 1446 1874 fetus
1477 1817 1548 1873 et
1573 1808 1824 1894 pabula
1849 1808 2062 1885 laeta3

439 1937 565 1985 1160
631 1942 804 2007 quae
831 1943 1010 1987 nunc
1037 1924 1152 1988 vix
1179 1931 1419 1988 nostro
1450 1922 1911 2009 grandescunt
1939 1932 2137 1988 aucta
2165 1923 2394 1988 labore
2413 1971 2429 1997 ‚
2536 1970 2542 1978 .

630 2038 1167 2123 conterimusque
1195 2039 1404 2103 boves
1436 2047 1504 2103 et
1532 2038 1692 2103 viris
1723 2039 2195 2125 agricolarum,

628 2152 1010 2217 conficimus
1038 2152 1287 2217 ferrum
1305 2202 1320 2228 ‚
1342 2153 1457 2217 vix
1486 2153 1665 2217 arvis
1696 2153 2141 2239 suppeditati:

623 2290 841 2354 usque
872 2266 1043 2333 adeo
1071 2277 1362 2354 parcunt
1386 2267 1568 2332 fetus
1598 2274 1980 2352 augentque
2009 2266 2239 2331 labore
2258 2317 2271 2331 .

625 2384 889 2470 iamque
921 2392 1126 2469 caput
1156 2404 1485 2469 quassans
1516 2381 1795 2468 grandis
1825 2382 2122 2467 suspirat
2148 2391 2377 2448 arator

434 2512 563 2559 1105
630 2500 928 2564 crebrius
947 2548 962 2574 ‚
983 2500 1053 2562 in
1083 2520 1345 2563 cassum
1370 2518 1684 2562 manuum
1713 2495 2034 2560 cecidisse
2063 2496 2329 2561 labores
2348 2547 2363 2567 ‚

628 2622 697 2678 et
726 2636 875 2678 cum
905 2622 1206 2699 tempora
1233 2611 1645 2697 temporibus
1671 2611 2054 2695 praesentia
2084 2610 2346 2675 confert

623 2729 1006 2814 praeteritis
1025 2777 1040 2805 ‚
1061 2725 1293 2791 laudat
1318 2724 1625 2790 fortunas
1655 2746 1858 2810 saepe
1887 2726 2184 2811 parentis
2205 2774 2219 2788 .

624 2845 837 2909 tristis
866 2845 1025 2908 item
1052 2842 1319 2907 vetulae
1347 2841 1502 2906 vitis
1534 2850 1721 2906 sator
1750 2847 1952 2926 atque
1980 2840 2198 2904 vietae

624 2960 943 3046 temporis
972 2959 1237 3022 incusat
1262 2978 1527 3022 momen
1545 3006 1560 3034 ‚
1585 2955 1974 3042 caelumque
2001 2954 2241 3041 fatigat
2259 3005 2273 3030 ,

436 3091 559 3138 1170
625 3083 695 3140 et
723 3082 957 3161 crepat
974 3123 989 3151 ‚
1012 3075 1303 3139 anticum
1332 3094 1543 3159 genus
1572 3081 1650 3137 ut
1677 3071 1929 3157 pietate
1955 3070 2284 3157 repletum

626 3190 943 3276 perfacile
973 3190 1276 3276 augustis
1308 3188 1612 3253 tolerarit
1637 3187 1879 3251 finibus
1908 3208 2144 3250 aevom
2161 3235 2177 3261 ‚

626 3326 775 3369 cum
804 3305 1020 3368 minor
1049 3314 1230 3369 esset
1258 3304 1403 3389 agri
1429 3303 1640 3367 multo
1669 3300 1909 3366 modus
1939 3310 2097 3365 ante
2125 3300 2399 3364 viritim:

624 3440 750 3481 nec
780 3425 966 3483 tenet
996 3420 1217 3483 omnia
1244 3418 1566 3504 paulatim
1597 3416 1946 3480 tabescere
1979 3423 2046 3479 et
2072 3415 2169 3478 ire

629 3531 718 3597 ad
749 3533 1055 3619 capulum
1073 3584 1089 3609 ‚
1113 3534 1332 3620 spatio
1364 3531 1603 3596 aetatis
1636 3529 1904 3595 defessa
1931 3538 2203 3594 vetusto
2224 3579 2237 3592 .

635 3800 763 3846 1150
800 3792 941 3847 facta
985 3796 1005 3864 ΙΙ
1044 3794 1333 3861 effectaque
1382 3794 1402 3860 ΙΙ
1456 3798 1584 3843 1153
1636 3791 1857 3861 opinore
1892 3789 2206 3843 immortalia
2253 3791 2275 3859 ΙΙ
2318 3795 2446 3842 1160
2487 3790 2606 3853 Qua
2642 3792 2663 3859 ΙΙ
2727 3794 2845 3842 1165

629 3896 874 3949 magnum
905 3882 924 3947 ΙΙ
958 3884 1084 3929 1168
1110 3877 1323 3947 fatigat.
1362 3877 1382 3945 ΙΙ
1426 3881 1554 3929 1169
1598 3893 1790 3929 nomeu
1825 3875 2161 3946 saeclumque
2197 3878 2217 3942 ΙΙ
2262 3880 2389 3926 1170
2425 3874 2626 3944 pletate
2662 3879 2682 3943 ΙΙ
2729 3878 2845 3927 1172

630 3962 848 4015 diritim.
878 3961 899 4030 ΙΙ
932 3966 1057 4012 1174
1085 3960 1363 4030 scopulum
