3042 5192
1267 439 1366 505 IV
2286 443 2425 511 247

378 615 508 679 607.
538 613 763 677 Esco
802 634 1275 676 REPLENTUR
1307 635 1512 677 LOCA
1543 635 1911 689 vomens,
1942 636 2253 679 ΛΒΒΙΤΑ
2289 640 2427 680 1111-

233 738 359 779 1·κο
389 714 655 777 Omma
698 732 904 787 QUAE
951 734 1257 775 mecum
1298 734 1661 775 Fur-:RUNT
1692 760 1705 773 .
1750 712 2029 777 Fuerunt
2053 714 2208 798 quia
2243 724 2430 780 caret

231 834 435 887 sensu,
458 809 779 874 Marullus
811 810 1082 896 scripsit
1092 809 1370 896 fuerint,
1403 808 1589 894 quod
1620 818 1724 873 est
1746 808 1886 873 fere
1917 821 2093 873 erunt
2118 812 2225 875 vel
2252 825 2423 891 swod,

231 910 320 972 vel
346 910 557 993 potius
588 920 1006 993 essepoesmzt.
1041 906 1164 970 sed
1193 907 1327 971 hoc
1356 908 1771 994 quae-fuerint
1795 907 1952 970 mihi
1979 909 2160 974 iners
2191 920 2259 974 et
2285 933 2426 976 1110-

228 1009 440 1071 lestum
475 1005 741 1070 videtur
773 1056 787 1069 .
829 1006 1061 1069 melius
1108 1014 1213 1070 est
1252 1014 1327 1069 ut
1370 1005 1454 1069 (10
1495 1007 1738 1070 vocibus
1772 1006 1941 1070 haec
1980 1008 2425 1093 accipiantur,

229 1107 408 1170 abdita
432 1117 592 1170 retro
630 1106 856 1169 Omnia
884 1128 1043 1191 quae
1073 1106 1301 1168 circum
1339 1128 1485 1168 FER
1502 1128 1524 1168 1
1542 1128 1638 1168 tm
1655 1128 1695 1167 1·
1715 1154 1728 1167 .

369 1203 499 1268 609.
544 1226 680 1267 V1s
721 1225 1117 1266 nssnsc'ms
1150 1252 1164 1265 .
1206 1202 1526 1288 Impressi
1567 1225 1736 1267 vus
1769 1251 1781 1264 .
1826 1202 1951 1266 sed
1991 1204 2276 1290 imperiti
2323 1215 2428 1270 est

228 1303 488 1366 scribere
528 1303 774 1366 directis
803 1350 819 1380 ‚
858 1300 1282 1365 Wakefieldo
1330 1301 1477 1366 solo
1524 1299 1797 1386 dignum
1842 1303 1916 1365 de
1957 1304 2134 1366 rectis
2162 1352 2176 1366 .
2223 1304 2427 1388 deriqe

225 1403 416 1486 ἄεν-ἱρὰ
461 1402 747 1464 derexere
800 1401 1123 1463 derexerat
1169 1401 1561 1486 derectaeque
1602 1399 1951 1465 Mediceus
1980 1400 2260 1487 Vergilii
2313 1424 2425 1466 co-

227 1498 338 1561 dex
375 1499 635 1563 sexiens
669 1547 684 1574 ‚
725 1519 853 1561 nec
893 1499 1162 1584 saepius
1202 1497 1382 1561 idem
1417 1500 1615 1583 diriqe
1643 1500 1886 1585 diriqite
1914 1501 2179 1585 diriqere
2206 1500 2430 1565 direxit

225 1599 446 1661 direxti.

364 1695 494 1759 610.
539 1715 905 1758 CERNERE
950 1716 1161 1757 NEMO
1208 1694 1478 1757 SAEPE
1520 1716 1778 1758 summ
1815 1717 2053 1760 Pons
2094 1718 2235 1760 Esr
2265 1745 2281 1772 ‚
2325 1718 2425 1760 Αἰ·

222 1815 440 1857 voces
480 1814 876 1856 aconem:
920 1814 1224 1856 EXTRA.
1268 1793 1596 1857 Marullus
1640 1795 1823 1858 nullo
1856 1816 2061 1859 sensu
2090 1797 2174 1860 Se
2199 1819 2424 1880 supra,

222 1914 410 1976 neque
440 1891 685 1956 sufficit
716 1891 947 1975 Saepta
974 1914 1167 1976 supra
1194 1891 1597 1956 Wakefieldi
1617 1942 1630 1955 .
1661 1900 1867 1977 poeta
1896 1895 2051 1958 alibi
2067 1918 2189 1980 per
2214 1906 2426 1980 saepta

222 1989 394 2066 dixit,
423 1990 626 2054 semel
651 1992 810 2053 incer
835 2000 1048 2074 saepta
1065 2015 1087 2052 .-
1113 1989 1224 2053 hic
1253 1989 1522 2055 videtur
1551 1992 1901 2078 scripsisse
1935 1992 1981 2054 S
1999 2013 2093 2055 ΑΕ
2110 2017 2199 2056 PE
2216 2017 2261 2056 M
2302 2017 2380 2057 IN
2397 2031 2424 2041 -

222 2111 381 2163 rm,
410 2090 560 2173 quia
592 2087 1006 2172 sequebatur
1035 2099 1210 2152 extra
1241 2096 1308 2151 et
1338 2088 1506 2152 male
1537 2089 1824 2153 sonabat
1856 2091 2087 2174 Saepta
2114 2093 2310 2154 ivma.

360 2186 489 2250 612.
531 2209 700 2250 DUM
745 2208 1099 2249 TRANsu·
1145 2209 1457 2250 CLAUSA
1490 2187 1825 2251 .·Versum
1865 2189 1935 2251 in
1961 2188 2092 2252 fine
2121 2191 2422 2253 mutilum

220 2284 498 2370 supplere
526 2285 723 2349 facile
753 2306 1112 2369 possumus
1146 2306 1230 2347 ex
1261 2285 1432 2348 libro
1469 2309 1512 2361 1,
1531 2285 1653 2349 354
1682 2335 1698 2362 ‚
1741 2286 1856 2350 ubi
1886 2295 1990 2350 est
2020 2287 2189 2350 Imer
2213 2298 2425 2371 saepta

219 2393 393 2445 meant
423 2407 589 2448 voces
632 2393 688 2446 et
727 2384 939 2445 clau-m
979 2404 1367 2446 nomonum
1405 2385 1464 2447 T
1456 2386 1853 2448 ram-volitant
1886 2434 1899 2447 .
1945 2384 2231 2470 pessime
2272 2385 2422 2450 Itali

218 2480 399 2544 clausa
427 2481 789 2564 (Marullus
822 2481 1124 2565 claustra)
1153 2483 1394 2546 viarum
1413 2532 1426 2545 .
1612 2557 1623 2566 l

354 2579 487 2643 615.
539 2579 716 2643 IIoc
771 2601 909 2653 Qu1
963 2601 1367 2643 ssu-mnus
1419 2603 1685 2644 sucum
1722 2630 1738 2657 ‚
1794 2603 2103 2645 11ΝοοΛ
2152 2603 2418 2657 ATQUE

217 2697 557 2740 PALATUM
601 2676 1104 2741 PLuscunuM
1147 2701 1476 2742 HABENT
1519 2701 1603 2741 m
1645 2701 1729 2742 si:
1776 2701 2177 2743 Rammius
2221 2703 2422 2744 rbus

213 2795 433 2838 ornas
453 2825 467 2838 .
510 2776 667 2839 Hoc
695 2774 1119 2839 falsissimum
1151 2783 1255 2839 est
1286 2784 1355 2839 et
1385 2783 1617 2863 aperte
1647 2784 1980 2861 repugnat
2008 2780 2232 2840 versui
2264 2777 2385 2840 522
2406 2827 2420 2851 ‚

214 2874 481 2954 quamvis
531 2874 783 2961 probet
821 2873 1281 2938 Wakefieldus
1328 2896 1478 2937 cum
1523 2873 1768 2938 familia
1816 2896 1939 2938 sua
1969 2923 1982 2937 .
2039 2873 2421 2939 laudandus

211 2991 348 3055 ergo
377 2973 701 3037 Marullus
725 3021 740 3047 ,
773 2972 884 3056 qui
917 2973 1187 3057 scripsit
1217 2973 1382 3037 Nnc
1413 2975 1550 3059 quis
1577 2976 1864 3037 sentimus
1882 3023 1895 3037 .
1933 2995 2087 3037 nam
2116 2998 2226 3037 nec
2242 2977 2420 3059 plus-

210 3071 387 3132 culum
415 3080 516 3136 est
544 3093 674 3135 nec
701 3071 967 3134 minimo
999 3071 1149 3155 plus
1182 3120 1195 3133 .
1229 3070 1449 3135 Varro
1482 3070 1568 3134 (10
1597 3093 1672 3134 re
1703 3073 1956 3135 rustica
1985 3095 2056 3146 11,
2076 3073 2131 3147 7,
2157 3073 2232 3134 10
2271 3073 2420 3136 Cum

210 3182 578 3254 concepemnt
621 3192 815 3255 equae
843 3216 862 3248 ‚
905 3170 1228 3232 videndum
1267 3194 1341 3233 ne
1383 3171 1658 3234 laborent
1689 3170 2035 3254 plu-scabiem
2066 3219 2080 3233 .
2126 3169 2292 3233 nihil
2320 3178 2418 3234 ta-

206 3285 335 3328 men
377 3290 621 3332 causae
667 3275 771 3330 est
815 3288 933 3330 cur
974 3270 1109 3353 quis
1149 3268 1377 3353 potius
1408 3268 1739 3331 scribatur
1770 3288 1979 3351 quam
1999 3269 2107 3353 qui
2136 3294 2156 3329 .·
2197 3290 2417 3353 neque

205 3362 262 3424 in
297 3365 420 3429 fine
448 3366 782 3431 Marullus
825 3363 1058 3429 debuit
1099 3366 1392 3429 scribere
1421 3367 1572 3451 plus
1615 3367 1828 3451 operai
1854 3414 1872 3445 ‚
1912 3365 2034 3429 sed
2051 3368 2200 3451 plus
2229 3388 2417 3430 ops-

207 3482 436 3528 RAEVE
466 3514 480 3527 .
524 3463 862 3528 Antonius
891 3463 1088 3526 Marii
1104 3464 1253 3549 plus
1280 3489 1500 3551 operae
1529 3465 1682 3551 quid
1703 3513 1722 3545 ‚
1764 3465 1919 3528 olim
1947 3465 2254 3550 impressi
2274 3467 2421 3550 plus

202 3581 472 3648 opereque
491 3605 515 3642 a,
557 3561 922 3625 Lambinus
941 3563 1209 3647 plusque
1237 3564 1466 3648 operai.

345 3661 478 3724 619.
549 3662 832 3736 8101113
894 3682 1145 3724 roan:
1210 3682 1433 3724 MANU
1484 3683 1854 3725 PREMERE
1915 3683 2012 3724 Ac
2073 3683 2417 3725 srccmu:

199 3775 469 3821 cosmi·
504 3808 518 3822 .
564 3757 955 3838 Quadratus
973 3782 1304 3843 praemere
1342 3782 1418 3823 ac
1455 3761 1655 3823 sicar-e
1687 3808 1700 3821 .
1755 3759 2090 3823 Antonius
2121 3759 2318 3822 Marii
2350 3766 2418 3822 et

199 3850 500 3921 Marullus
532 3882 611 3921 ae
638 3859 870 3920 siccare
899 3859 1121 3941 recepit
1148 3884 1168 3919 .·
1205 3858 1539 3922 Avantius
1567 3857 1776 3921 multo
1809 3857 2042 3920 melius
2071 3859 2411 3921 exsiccare-

197 3972 296 4033 que
335 3958 525 4039 coepit
549 4003 567 4034 ,
614 3963 681 4018 et
709 3955 932 4040 potuit
960 3955 1276 4040 proprius
1307 3955 1398 4019 ad
1425 3956 1685 4020 litteras
1717 3957 2181 4041 adsiccareqm,
2215 3978 2414 4019 voca-

196 4046 337 4113 bulo
386 4073 426 4115 a
469 4053 836 4117 Columella
886 4052 1317 4138 frequentato
1351 4102 1363 4116 .
1409 4053 1833 4117 WVakefieldo
1882 4062 2107 4125 tamen
2143 4049 2382 4118 ’tutius
2401 4056 2414 4078 ‘

199 4146 439 4214 videtur
470 4155 667 4237 coepit
704 4152 1226 4236 scribere-quam
1257 4152 1508 4237 aliquid
1545 4160 1903 4237 temptare3
1932 4146 2286 4236 ‘quamvis'
2315 4153 2412 4214 in-

196 4245 326 4327 quit
356 4241 519 4313 ‘non
561 4249 786 4314 adhuc
822 4251 892 4314 in
935 4251 1309 4338 exemplum
1341 4251 1682 4337 quidpiam
1712 4299 1728 4323 ‚
1772 4272 1909 4314 rem
1954 4250 2231 4334 propius
2260 4298 2276 4322 ‚
2318 4249 2409 4311 uti

199 4345 375 4409 valde
429 4350 751 4414 vellemus
783 4398 798 4425 ‚
855 4351 1193 4436 attingens
1223 4401 1238 4425 ‚
1286 4350 1712 4414 inciderimus
1744 4350 1776 4409 .’
1834 4347 1990 4410 mihi
2038 4347 2409 4431 exemplum

197 4436 375 4508 huius
425 4447 704 4532 perfecti
758 4458 1032 4536 praesto
1078 4457 1184 4513 est
1210 4498 1225 4522 2
1280 4448 1401 4513 scd
1430 4498 1444 4523 ‚
1496 4457 1573 4511 ut
1617 4447 1773 4510 mihi
1813 4444 2079 4509 videtur
2111 4493 2127 4518 ‚
2172 4443 2407 4507 fallax.
