3042 5192
666 467 806 535 128
1705 465 1832 535 1111

661 638 1206 726 quandoquidem
1235 640 1476 726 longos
1506 639 1732 704 obitus
1764 648 2002 705 exorta
2027 643 2332 710 revisunt
2347 693 2362 720 ‚

661 776 811 819 cum
840 774 1194 840 permensa
1222 776 1345 818 suo
1380 761 1540 818 sunt
1565 753 1822 819 caelum
1852 776 2140 842 corpore
2169 758 2351 822 claro
2372 809 2385 822 .

504 886 601 933 395
657 869 893 955 solque
920 870 1069 956 pari
1097 870 1354 933 ratione
1382 889 1654 933 manere
1685 877 1753 933 et
1779 869 1939 933 luna
1966 870 2282 936 videntur

664 985 733 1047 in
765 984 1056 1048 statione
1075 1032 1092 1060 ,
1116 1005 1195 1047 ea
1225 1004 1396 1068 quae
1423 982 1585 1046 ferri
1611 1004 1723 1046 res
1751 982 2005 1048 indicat
2030 985 2178 1069 ipsa
2197 1035 2210 1049 .

661 1106 932 1163 exstant
958 1119 1174 1183 usque
1202 1096 1440 1183 procul
1465 1096 1686 1161 medio
1719 1096 1805 1160 de
1832 1098 2095 1183 gurgite
2124 1102 2368 1164 montis
2385 1151 2401 1174 ,

657 1213 982 1278 classibus
1010 1213 1183 1277 inter
1214 1234 1385 1298 quos
1413 1211 1583 1275 liber
1609 1218 1801 1296 patet
1829 1213 2047 1276 exitus
2074 1213 2345 1300 ingens:

659 1328 877 1392 insula
905 1327 1280 1391 coniunctis
1309 1335 1534 1391 tamen
1565 1348 1649 1390 ex
1676 1326 1784 1390 his
1813 1348 1949 1390 una
1976 1326 2244 1392 videtur
2262 1378 2277 1392 .

502 1460 600 1507 400
657 1443 827 1507 atria
852 1442 1108 1506 versari
1138 1449 1208 1507 et
1237 1442 1481 1506 circum
1509 1462 1781 1506 cursare
1811 1441 2158 1506 columnae

658 1577 873 1642 usque
902 1555 1074 1622 adeo
1102 1557 1179 1621 fit
1205 1557 1304 1622 uti
1331 1557 1557 1641 pueris
1585 1555 1941 1621 videantur
1958 1604 1973 1632 ‚
1994 1557 2110 1620 ubi
2135 1556 2267 1641 ipsi

661 1670 1004 1736 desierunt
1030 1671 1202 1735 verti
1219 1719 1235 1747 ‚
1256 1670 1370 1735 vix
1398 1678 1474 1734 ut
1500 1672 1632 1735 iam
1662 1669 1937 1764 cred-ere
1966 1672 2233 1756 possint

658 1809 793 1851 non
824 1807 1029 1871 supra
1056 1807 1206 1851 sese
1234 1805 1429 1851 ruere
1460 1785 1679 1849 omnia
1703 1779 1891 1850 ‘tecta
1917 1785 2153 1849 minari
2172 1834 2185 1848 .

656 1901 920 1987 iamque
949 1901 1224 1965 rubrum
1252 1899 1553 1964 tremulis
1579 1898 1773 1964 iubar
1801 1900 2065 1986 ignibus
2096 1900 2350 1985 erigere
2378 1901 2511 1965 alte

505 2035 602 2080 405
658 2037 808 2080 cum
837 2022 1111 2101 coeptat
1137 2020 1381 2078 natura
1409 2034 1749 2100 supraque
1779 2014 2101 2078 extollere
2131 2022 2392 2080 montes
2411 2064 2429 2090 ,

659 2149 833 2216 quos
862 2129 983 2195 tibi
1010 2137 1153 2194 tum
1182 2149 1387 2214 supra
1416 2128 1521 2193 sol
1549 2128 1798 2193 montis
1830 2149 1980 2193 esse
2008 2128 2276 2193 videtur
2351 2180 2358 2186 .

661 2246 1023 2309 comminus
1050 2244 1196 2329 ipse
1224 2265 1347 2307 suo
1380 2242 1775 2329 contingens
1803 2241 2107 2310 fervidus
2135 2243 2270 2328 igni
2287 2293 2304 2317 ‚

656 2360 771 2423 vix
800 2359 1048 2423 absunt
1074 2357 1269 2422 nobis
1298 2357 1541 2421 missus
1569 2358 1674 2420 bis
1702 2357 1877 2420 mille
1910 2358 2193 2442 sagittae
2211 2406 2227 2432 ‚

656 2474 771 2538 vix
800 2474 997 2538 etiam
1028 2493 1264 2536 cursus
1295 2471 1697 2555 quingentos
1728 2491 1930 2556 saepe
1957 2472 2210 2536 veruti:

505 2605 603 2650 410
658 2590 834 2652 inter
866 2606 984 2650 eos
1015 2585 1355 2670 solemque
1382 2585 1605 2649 iacent
1630 2581 1937 2648 immania
1964 2560 2156 2670 ponti

659 2722 956 2786 aequora
984 2699 1327 2764 substrata
1355 2698 1672 2764 aetheriis
1699 2699 2082 2785 ingentibus
2114 2700 2250 2764 oris
2265 2749 2282 2774 ‚

656 2815 1137 2900 interiectaque
1166 2821 1324 2879 sunt
1350 2821 1680 2878 terrarum
1707 2813 1884 2878 milia
1910 2813 2117 2878 multa
2134 2863 2149 2888 ‚

660 2950 831 3015 quae
858 2928 1082 2993 variae
1108 2929 1403 2994 retinent
1430 2936 1669 3013 gentes
1701 2936 1771 2993 et
1798 2927 2019 2993 saecla
2045 2928 2336 2993 ferarum
2353 2978 2369 2991 .

658 3051 730 3109 at
759 3044 1105 3109 conlectus
1135 3064 1350 3129 aquae
1382 3041 1659 3129 digitum
1687 3064 1825 3107 non
1856 3042 2052 3107 altior
2079 3064 2284 3106 unum
2302 3091 2317 3116 ‚

504 3176 600 3221 415
659 3160 774 3244 qui
802 3157 1061 3246 lapides
1087 3158 1262 3222 inter
1290 3158 1469 3223 sistit
1493 3178 1618 3244 per
1648 3164 1862 3223 strata
1889 3159 2144 3222 viarum
2162 3206 2177 3233 ‚

661 3272 1052 3361 despectum
1081 3274 1364 3359 praebet
1393 3272 1519 3337 sub
1551 3280 1768 3337 terras
1795 3273 2022 3358 inpete
2053 3280 2244 3336 tanto
2263 3320 2281 3342 ,

656 3409 698 3452 a
725 3388 924 3454 terris
956 3395 1276 3472 quantum
1307 3387 1473 3451 caeli
1499 3394 1692 3472 patet
1718 3386 1894 3451 altus
1924 3386 2182 3463 hiatus3

504 3517 602 3564 419
660 3509 737 3565 ut
764 3522 979 3587 prope
1008 3501 1283 3565 miraclo
1314 3502 1438 3565 sub
1468 3509 1686 3567 terras
1716 3500 1946 3565 abdita
1977 3500 2142 3564 caeli

503 3632 602 3678 418
655 3615 882 3680 nubila
913 3614 1240 3703 dispicere
1272 3625 1339 3681 et
1368 3617 1623 3681 caelum
1651 3614 1923 3680 videare
1951 3615 2184 3680 videre
2202 3665 2216 3678 .

505 3745 602 3791 420
662 3727 951 3815 denique
978 3730 1093 3795 ubi
1121 3732 1190 3794 in
1218 3729 1438 3796 medio
1469 3730 1666 3795 nobis
1697 3752 1855 3795 ecus
1885 3751 2040 3795 acer
2070 3730 2380 3794 obhaesit

658 3843 922 3909 flumine
954 3854 1023 3910 et
1050 3847 1119 3909 in
1147 3844 1420 3931 rapidas
1450 3847 1661 3909 amnis
1693 3844 2117 3931 despeximus
2144 3843 2364 3908 undas
2382 3891 2397 3920 ‚

659 3960 898 4024 stantis
931 3961 1084 4047 equi
1114 3982 1361 4047 corpus
1390 3967 1848 4025 transversum
1876 3960 2054 4024 ferre
2083 3958 2353 4024 videtur

653 4074 757 4138 vis
788 4083 855 4139 et
881 4075 950 4138 in
980 4074 1335 4140 adversum
1363 4074 1609 4139 flumen
1640 4075 2044 4141 contrudere
2072 4075 2346 4161 raptim,

664 4352 762 4400 395
800 4347 1038 4402 videtur.
1072 4350 1096 4420 ΙΙ
1134 4355 1231 4403 397
1268 4350 1653 4422 Exstantisque
1687 4355 1708 4423 ΙΙ
1745 4358 1844 4406 406
1882 4353 1970 4405 ubi
2006 4354 2027 4423 ΙΙ
2066 4359 2165 4406 414
2191 4352 2463 4405 coniectus
2500 4352 2521 4420 ΙΙ
2559 4357 2657 4403 417
2695 4348 2815 4400 alius
2847 4337 2886 4410 H⁴

661 4436 762 4483 419
785 4430 1029 4503 Corpora
1052 4432 1288 4487 mirande
1310 4431 1330 4504 ΙΙ
1350 4433 1497 4488 caelo
1517 4474 1530 4487 .
1552 4434 1572 4507 ΙΙ
1593 4441 1695 4489 418
1714 4434 1990 4506 despicere
2010 4434 2030 4504 ΙΙ
2051 4442 2145 4489 421
2169 4433 2495 4505 dispeximus
2516 4431 2537 4504 ΙΙ
2558 4437 2656 4486 423
2676 4430 2855 4484 fulmen
