<?xml version="1.0" encoding="UTF-8"?>
<!DOCTYPE html PUBLIC "-//W3C//DTD XHTML 1.0 Transitional//EN"
    "http://www.w3.org/TR/xhtml1/DTD/xhtml1-transitional.dtd">
<html xmlns="http://www.w3.org/1999/xhtml" xml:lang="en" lang="en">
 <head>
  <title>
</title>
<meta http-equiv="Content-Type" content="text/html;charset=utf-8" />
  <meta name='ocr-system' content='tesseract 3.04.00' />
  <meta name='ocr-capabilities' content='ocr_page ocr_carea ocr_par ocr_line ocrx_word'/>
</head>
<body>
  <div class='ocr_page' id='page_1' title='image "./tlucreticarider04unkngoog_0417.png"; bbox 0 0 3042 5192; ppageno 0'>
   <div class='ocr_carea' id='block_1_1' title="bbox 1267 483 2410 556">
    <p class='ocr_par' dir='ltr' id='par_1_1' title="bbox 1267 483 2410 556">
     <span class='ocr_line' id='line_1_1' title="bbox 1267 483 2410 556; baseline 0.003 -4"><span class='ocrx_word' id='word_1_1' title='bbox 1267 483 1330 552; x_wconf 91' lang='grc' dir='ltr'><strong>Π</strong></span> <span class='ocrx_word' id='word_1_2' title='bbox 2275 487 2410 556; x_wconf 84' lang='lat'><strong>137</strong></span> 
     </span>
    </p>
   </div>
   <div class='ocr_carea' id='block_1_2' title="bbox 158 656 2439 4461">
    <p class='ocr_par' dir='ltr' id='par_1_2' title="bbox 181 656 2415 1426">
     <span class='ocr_line' id='line_1_2' title="bbox 181 656 2413 743; baseline 0.002 -22"><span class='ocrx_word' id='word_1_3' title='bbox 181 677 496 742; x_wconf 88' lang='lat' dir='ltr'><strong>umquam</strong></span> <span class='ocrx_word' id='word_1_4' title='bbox 538 657 839 741; x_wconf 87' lang='lat' dir='ltr'><strong>(notavit</strong></span> <span class='ocrx_word' id='word_1_5' title='bbox 880 677 961 720; x_wconf 89' lang='lat' dir='ltr'><strong>ea</strong></span> <span class='ocrx_word' id='word_1_6' title='bbox 986 656 1235 722; x_wconf 83' lang='lat' dir='ltr'><strong>Paulus</strong></span> <span class='ocrx_word' id='word_1_7' title='bbox 1277 656 1603 721; x_wconf 89' lang='lat' dir='ltr'><strong>diaconus</strong></span> <span class='ocrx_word' id='word_1_8' title='bbox 1644 679 1708 743; x_wconf 90' lang='lat' dir='ltr'><strong>p.</strong></span> <span class='ocrx_word' id='word_1_9' title='bbox 1725 657 1817 721; x_wconf 83' lang='lat'><strong>50·</strong></span> <span class='ocrx_word' id='word_1_10' title='bbox 1835 658 1993 743; x_wconf 84' lang='lat'>49),</span> <span class='ocrx_word' id='word_1_11' title='bbox 2021 681 2199 725; x_wconf 90' lang='lat' dir='ltr'><strong>nunc</strong></span> <span class='ocrx_word' id='word_1_12' title='bbox 2230 670 2413 726; x_wconf 88' lang='lat' dir='ltr'><strong>certe</strong></span> 
     </span>
     <span class='ocr_line' id='line_1_3' title="bbox 184 754 2415 842; baseline 0.003 -23"><span class='ocrx_word' id='word_1_13' title='bbox 184 762 602 819; x_wconf 83' lang='lat' dir='ltr'><strong>evanuerunt</strong></span> <span class='ocrx_word' id='word_1_14' title='bbox 628 804 644 832; x_wconf 91' lang='lat'>‚</span> <span class='ocrx_word' id='word_1_15' title='bbox 684 775 906 840; x_wconf 91' lang='lat' dir='ltr'><strong>neque</strong></span> <span class='ocrx_word' id='word_1_16' title='bbox 944 754 1291 821; x_wconf 86' lang='lat' dir='ltr'><strong>adsentior</strong></span> <span class='ocrx_word' id='word_1_17' title='bbox 1328 756 1488 820; x_wconf 82' lang='lat' dir='ltr'><strong>viris</strong></span> <span class='ocrx_word' id='word_1_18' title='bbox 1531 754 1934 821; x_wconf 80' lang='lat' dir='ltr'><strong>doctissimis</strong></span> <span class='ocrx_word' id='word_1_19' title='bbox 1966 758 2079 842; x_wconf 88' lang='lat' dir='ltr'><strong>qui</strong></span> <span class='ocrx_word' id='word_1_20' title='bbox 2114 759 2184 822; x_wconf 90' lang='lat' dir='ltr'><strong>in</strong></span> <span class='ocrx_word' id='word_1_21' title='bbox 2212 758 2415 825; x_wconf 79' lang='lat' dir='ltr'><strong>Hirtii</strong></span> 
     </span>
     <span class='ocr_line' id='line_1_4' title="bbox 182 853 2412 942; baseline 0.002 -25"><span class='ocrx_word' id='word_1_22' title='bbox 182 853 262 917; x_wconf 90' lang='lat' dir='ltr'><strong>de</strong></span> <span class='ocrx_word' id='word_1_23' title='bbox 305 854 492 918; x_wconf 91' lang='lat' dir='ltr'><strong>bello</strong></span> <span class='ocrx_word' id='word_1_24' title='bbox 537 853 794 918; x_wconf 87' lang='lat' dir='ltr'><strong>Gallico</strong></span> <span class='ocrx_word' id='word_1_25' title='bbox 840 855 1313 919; x_wconf 88' lang='lat' dir='ltr'><strong>commentario</strong></span> <span class='ocrx_word' id='word_1_26' title='bbox 1351 877 1477 919; x_wconf 85' lang='lat' dir='ltr'><strong>vm</strong></span> <span class='ocrx_word' id='word_1_27' title='bbox 1504 853 1714 940; x_wconf 88' lang='lat' dir='ltr'><strong>praef.</strong></span> <span class='ocrx_word' id='word_1_28' title='bbox 1729 853 1769 918; x_wconf 87' lang='lat'>2</span> <span class='ocrx_word' id='word_1_29' title='bbox 1811 856 2228 942; x_wconf 85' lang='lat' dir='ltr'><strong>scripserunt</strong></span> <span class='ocrx_word' id='word_1_30' title='bbox 2272 881 2412 922; x_wconf 78' lang='lat' dir='ltr'><strong>con-</strong></span> 
     </span>
     <span class='ocr_line' id='line_1_5' title="bbox 181 951 2414 1039; baseline 0.002 -24"><span class='ocrx_word' id='word_1_31' title='bbox 181 953 566 1016; x_wconf 72' lang='lat' dir='ltr'><strong>haerentibus</strong></span> <span class='ocrx_word' id='word_1_32' title='bbox 591 1001 606 1015; x_wconf 89' lang='lat'><strong>.</strong></span> <span class='ocrx_word' id='word_1_33' title='bbox 645 974 785 1016; x_wconf 90' lang='lat' dir='ltr'><strong>non</strong></span> <span class='ocrx_word' id='word_1_34' title='bbox 810 953 1022 1039; x_wconf 86' lang='lat' dir='ltr'><strong>magis</strong></span> <span class='ocrx_word' id='word_1_35' title='bbox 1051 951 1367 1017; x_wconf 77' lang='lat' dir='ltr'><strong>credibile</strong></span> <span class='ocrx_word' id='word_1_36' title='bbox 1398 952 1572 1017; x_wconf 90' lang='lat' dir='ltr'><strong>duco</strong></span> <span class='ocrx_word' id='word_1_37' title='bbox 1605 951 1792 1039; x_wconf 90' lang='lat' dir='ltr'><strong>quod</strong></span> <span class='ocrx_word' id='word_1_38' title='bbox 1821 953 2265 1033; x_wconf 79' lang='lat' dir='ltr'><strong>Quintilianus</strong></span> <span class='ocrx_word' id='word_1_39' title='bbox 2294 979 2337 1031; x_wconf 86' lang='lat'><strong>1,</strong></span> <span class='ocrx_word' id='word_1_40' title='bbox 2355 957 2414 1032; x_wconf 90' lang='lat'><strong>6,</strong></span> 
     </span>
     <span class='ocr_line' id='line_1_6' title="bbox 187 1049 2413 1139; baseline 0.001 -25"><span class='ocrx_word' id='word_1_41' title='bbox 187 1050 256 1113; x_wconf 97' lang='grc'><strong>17</strong></span> <span class='ocrx_word' id='word_1_42' title='bbox 271 1050 623 1114; x_wconf 80' lang='lat' dir='ltr'><strong>rettulisse</strong></span> <span class='ocrx_word' id='word_1_43' title='bbox 648 1051 1092 1127; x_wconf 80' lang='lat' dir='ltr'><strong>existimatur,</strong></span> <span class='ocrx_word' id='word_1_44' title='bbox 1113 1050 1320 1115; x_wconf 84' lang='lat' dir='ltr'><strong>fuisse</strong></span> <span class='ocrx_word' id='word_1_45' title='bbox 1343 1049 1672 1135; x_wconf 89' lang='lat' dir='ltr'><strong>quosdam</strong></span> <span class='ocrx_word' id='word_1_46' title='bbox 1703 1052 1817 1137; x_wconf 90' lang='lat' dir='ltr'><strong>qui</strong></span> <span class='ocrx_word' id='word_1_47' title='bbox 1844 1053 2046 1117; x_wconf 92' lang='lat' dir='ltr'><strong>nimio</strong></span> <span class='ocrx_word' id='word_1_48' title='bbox 2069 1053 2413 1139; x_wconf 76' lang='lat' dir='ltr'><strong>analogiae</strong></span> 
     </span>
     <span class='ocr_line' id='line_1_7' title="bbox 184 1146 2413 1235; baseline 0.001 -23"><span class='ocrx_word' id='word_1_49' title='bbox 184 1146 408 1212; x_wconf 84' lang='lat' dir='ltr'><strong>studio</strong></span> <span class='ocrx_word' id='word_1_50' title='bbox 443 1149 650 1213; x_wconf 68' lang='lat' dir='ltr'><strong>conire</strong></span> <span class='ocrx_word' id='word_1_51' title='bbox 678 1147 1008 1226; x_wconf 81' lang='lat' dir='ltr'><strong>dicerent,</strong></span> <span class='ocrx_word' id='word_1_52' title='bbox 1031 1170 1170 1212; x_wconf 88' lang='lat' dir='ltr'><strong>non</strong></span> <span class='ocrx_word' id='word_1_53' title='bbox 1192 1150 1383 1214; x_wconf 80' lang='lat' dir='ltr'><strong>coire.</strong></span> <span class='ocrx_word' id='word_1_54' title='bbox 1408 1171 1570 1214; x_wconf 87' lang='lat' dir='ltr'><strong>vero</strong></span> <span class='ocrx_word' id='word_1_55' title='bbox 1591 1150 1873 1235; x_wconf 87' lang='lat' dir='ltr'><strong>propius</strong></span> <span class='ocrx_word' id='word_1_56' title='bbox 1897 1158 2003 1215; x_wconf 90' lang='lat' dir='ltr'><strong>est</strong></span> <span class='ocrx_word' id='word_1_57' title='bbox 2019 1172 2138 1216; x_wconf 89' lang='lat' dir='ltr'><strong>eos</strong></span> <span class='ocrx_word' id='word_1_58' title='bbox 2161 1150 2413 1217; x_wconf 86' lang='lat' dir='ltr'><strong>dixisse</strong></span> 
     </span>
     <span class='ocr_line' id='line_1_8' title="bbox 184 1247 2412 1333; baseline 0.001 -22"><span class='ocrx_word' id='word_1_59' title='bbox 184 1248 413 1311; x_wconf 73' lang='lat' dir='ltr'><strong>coivere</strong></span> <span class='ocrx_word' id='word_1_60' title='bbox 430 1295 448 1322; x_wconf 89' lang='lat'><strong>‚</strong></span> <span class='ocrx_word' id='word_1_61' title='bbox 490 1268 632 1310; x_wconf 88' lang='lat' dir='ltr'><strong>non</strong></span> <span class='ocrx_word' id='word_1_62' title='bbox 662 1257 898 1313; x_wconf 64' lang='lat' dir='ltr'><strong>coiere.</strong></span> <span class='ocrx_word' id='word_1_63' title='bbox 940 1248 1009 1310; x_wconf 92' lang='lat' dir='ltr'><strong>in</strong></span> <span class='ocrx_word' id='word_1_64' title='bbox 1051 1247 1392 1333; x_wconf 83' lang='lat' dir='ltr'><strong>glossariis</strong></span> <span class='ocrx_word' id='word_1_65' title='bbox 1433 1256 1657 1312; x_wconf 85' lang='lat' dir='ltr'><strong>tamen</strong></span> <span class='ocrx_word' id='word_1_66' title='bbox 1684 1248 1980 1314; x_wconf 89' lang='lat' dir='ltr'><strong>Labbaei</strong></span> <span class='ocrx_word' id='word_1_67' title='bbox 2019 1248 2218 1314; x_wconf 85' lang='lat' dir='ltr'><strong>video</strong></span> <span class='ocrx_word' id='word_1_68' title='bbox 2262 1271 2412 1315; x_wconf 89' lang='lat' dir='ltr'><strong>esse</strong></span> 
     </span>
     <span class='ocr_line' id='line_1_9' title="bbox 185 1345 1325 1426; baseline -0.003 -15"><span class='ocrx_word' id='word_1_69' title='bbox 185 1346 608 1426; x_wconf 76' lang='lat' dir='ltr'><strong>conadtmare,</strong></span> <span class='ocrx_word' id='word_1_70' title='bbox 639 1345 980 1426; x_wconf 68' lang='grc' dir='ltr'><strong>οοηήαὺίἰο,</strong></span> <span class='ocrx_word' id='word_1_71' title='bbox 1012 1346 1293 1410; x_wconf 71' lang='lat' dir='ltr'><strong>conkibeo</strong></span> <span class='ocrx_word' id='word_1_72' title='bbox 1311 1393 1325 1408; x_wconf 88' lang='lat'><strong>.</strong></span> 
     </span>
    </p>

    <p class='ocr_par' dir='ltr' id='par_1_3' title="bbox 183 1443 2415 1827">
     <span class='ocr_line' id='line_1_10' title="bbox 354 1443 2412 1519; baseline 0 -11"><span class='ocrx_word' id='word_1_73' title='bbox 354 1443 534 1508; x_wconf 89' lang='lat'>1061.</span> <span class='ocrx_word' id='word_1_74' title='bbox 564 1465 666 1507; x_wconf 75' lang='lat' dir='ltr'><strong>EA</strong></span> <span class='ocrx_word' id='word_1_75' title='bbox 708 1465 855 1519; x_wconf 71' lang='lat' dir='ltr'><strong>Qun</strong></span> <span class='ocrx_word' id='word_1_76' title='bbox 903 1465 1306 1508; x_wconf 51' lang='lat' dir='ltr'><strong>comae-ru&amp;</strong></span> <span class='ocrx_word' id='word_1_77' title='bbox 1347 1466 1722 1509; x_wconf 63' lang='lat' dir='ltr'><strong>aaran-n:</strong></span> <span class='ocrx_word' id='word_1_78' title='bbox 1750 1444 2229 1509; x_wconf 68' lang='lat' dir='ltr'>MAGNARUM</span> <span class='ocrx_word' id='word_1_79' title='bbox 2272 1469 2412 1510; x_wconf 71' lang='lat' dir='ltr'><strong>m:-</strong></span> 
     </span>
     <span class='ocr_line' id='line_1_11' title="bbox 185 1541 2415 1633; baseline 0.002 -27"><span class='ocrx_word' id='word_1_80' title='bbox 185 1566 341 1607; x_wconf 65' lang='lat' dir='ltr'><strong>nuu</strong></span> <span class='ocrx_word' id='word_1_81' title='bbox 385 1565 738 1607; x_wconf 62' lang='lat' dir='ltr'><strong>mnarum·</strong></span> <span class='ocrx_word' id='word_1_82' title='bbox 779 1565 880 1606; x_wconf 69' lang='lat' dir='ltr'><strong>Ex</strong></span> <span class='ocrx_word' id='word_1_83' title='bbox 919 1564 1219 1607; x_wconf 57' lang='lat' dir='ltr'><strong>onon-113</strong></span> <span class='ocrx_word' id='word_1_84' title='bbox 1262 1564 1571 1605; x_wconf 67' lang='lat' dir='ltr'><strong>snum-:12</strong></span> <span class='ocrx_word' id='word_1_85' title='bbox 1601 1591 1615 1605; x_wconf 93' lang='lat'><strong>.</strong></span> <span class='ocrx_word' id='word_1_86' title='bbox 1660 1541 2047 1621; x_wconf 76' lang='lat' dir='ltr'><strong>Quadratus</strong></span> <span class='ocrx_word' id='word_1_87' title='bbox 2071 1543 2330 1633; x_wconf 83' lang='lat' dir='ltr'><strong>flerent,</strong></span> <span class='ocrx_word' id='word_1_88' title='bbox 2373 1567 2415 1610; x_wconf 89' lang='lat' dir='ltr'><strong>a</strong></span> 
     </span>
     <span class='ocr_line' id='line_1_12' title="bbox 183 1638 2412 1732; baseline -0 -25"><span class='ocrx_word' id='word_1_89' title='bbox 183 1649 574 1707; x_wconf 85' lang='lat' dir='ltr'><strong>correctore</strong></span> <span class='ocrx_word' id='word_1_90' title='bbox 600 1640 872 1732; x_wconf 70' lang='lat' dir='ltr'><strong>fluerent</strong></span> <span class='ocrx_word' id='word_1_91' title='bbox 899 1688 915 1705; x_wconf 88' lang='lat'><strong>.</strong></span> <span class='ocrx_word' id='word_1_92' title='bbox 954 1641 1023 1704; x_wconf 93' lang='lat' dir='ltr'><strong>in</strong></span> <span class='ocrx_word' id='word_1_93' title='bbox 1065 1641 1238 1704; x_wconf 90' lang='lat' dir='ltr'><strong>libro</strong></span> <span class='ocrx_word' id='word_1_94' title='bbox 1279 1662 1342 1715; x_wconf 80' lang='lat' dir='ltr'><strong>v,</strong></span> <span class='ocrx_word' id='word_1_95' title='bbox 1357 1638 1480 1703; x_wconf 87' lang='lat'><strong>429</strong></span> <span class='ocrx_word' id='word_1_96' title='bbox 1524 1638 1760 1703; x_wconf 89' lang='lat' dir='ltr'><strong>eadem</strong></span> <span class='ocrx_word' id='word_1_97' title='bbox 1788 1642 1885 1705; x_wconf 91' lang='lat' dir='ltr'><strong>sic</strong></span> <span class='ocrx_word' id='word_1_98' title='bbox 1928 1642 2181 1729; x_wconf 86' lang='lat' dir='ltr'><strong>scripta</strong></span> <span class='ocrx_word' id='word_1_99' title='bbox 2221 1649 2380 1706; x_wconf 89' lang='lat' dir='ltr'><strong>sunt</strong></span> <span class='ocrx_word' id='word_1_100' title='bbox 2397 1691 2412 1719; x_wconf 87' lang='lat'>‚</span> 
     </span>
     <span class='ocr_line' id='line_1_13' title="bbox 193 1739 2413 1827; baseline -0 -22"><span class='ocrx_word' id='word_1_101' title='bbox 193 1741 466 1805; x_wconf 74' lang='lat' dir='ltr'><strong>Tandem</strong></span> <span class='ocrx_word' id='word_1_102' title='bbox 506 1741 862 1805; x_wconf 74' lang='lat' dir='ltr'><strong>conveniant</strong></span> <span class='ocrx_word' id='word_1_103' title='bbox 903 1763 978 1804; x_wconf 75' lang='lat' dir='ltr'><strong>ea</strong></span> <span class='ocrx_word' id='word_1_104' title='bbox 1005 1762 1166 1827; x_wconf 78' lang='lat' dir='ltr'><strong>quae</strong></span> <span class='ocrx_word' id='word_1_105' title='bbox 1205 1749 1491 1804; x_wconf 78' lang='lat' dir='ltr'><strong>conventa</strong></span> <span class='ocrx_word' id='word_1_106' title='bbox 1524 1749 1767 1824; x_wconf 77' lang='lat' dir='ltr'><strong>repente</strong></span> <span class='ocrx_word' id='word_1_107' title='bbox 1796 1739 2177 1825; x_wconf 69' lang='lat' dir='ltr'><strong>Maynarwm</strong></span> <span class='ocrx_word' id='word_1_108' title='bbox 2202 1764 2413 1805; x_wconf 70' lang='lat' dir='ltr'><strong>rervm</strong></span> 
     </span>
    </p>

    <p class='ocr_par' dir='ltr' id='par_1_4' title="bbox 158 1836 2439 3399">
     <span class='ocr_line' id='line_1_14' title="bbox 165 1836 2410 1928; baseline -0.001 -24"><span class='ocrx_word' id='word_1_109' title='bbox 165 1839 380 1928; x_wconf 70' lang='lat' dir='ltr'><strong>fluum</strong></span> <span class='ocrx_word' id='word_1_110' title='bbox 403 1839 663 1904; x_wconf 72' lang='lat' dir='ltr'><strong>exordia</strong></span> <span class='ocrx_word' id='word_1_111' title='bbox 688 1862 868 1925; x_wconf 70' lang='lat' dir='ltr'><strong>saepe</strong></span> <span class='ocrx_word' id='word_1_112' title='bbox 896 1887 911 1902; x_wconf 92' lang='lat'><strong>.</strong></span> <span class='ocrx_word' id='word_1_113' title='bbox 952 1836 1135 1901; x_wconf 91' lang='lat' dir='ltr'><strong>unde</strong></span> <span class='ocrx_word' id='word_1_114' title='bbox 1163 1836 1492 1902; x_wconf 87' lang='lat' dir='ltr'><strong>Marullus</strong></span> <span class='ocrx_word' id='word_1_115' title='bbox 1519 1843 1705 1901; x_wconf 90' lang='lat' dir='ltr'><strong>recte</strong></span> <span class='ocrx_word' id='word_1_116' title='bbox 1731 1836 1895 1901; x_wconf 90' lang='lat' dir='ltr'><strong>fecit</strong></span> <span class='ocrx_word' id='word_1_117' title='bbox 1903 1838 2132 1926; x_wconf 78' lang='lat' dir='ltr'><strong>fierent</strong></span> <span class='ocrx_word' id='word_1_118' title='bbox 2154 1859 2310 1901; x_wconf 71' lang='lat' dir='ltr'><strong>nxo</strong></span> <span class='ocrx_word' id='word_1_119' title='bbox 2326 1862 2410 1902; x_wconf 79' lang='lat' dir='ltr'><strong>R-</strong></span> 
     </span>
     <span class='ocr_line' id='line_1_15' title="bbox 183 1935 2412 2024; baseline 0 -24"><span class='ocrx_word' id='word_1_120' title='bbox 183 1960 326 2001; x_wconf 68' lang='lat' dir='ltr'><strong>mA</strong></span> <span class='ocrx_word' id='word_1_121' title='bbox 357 1987 372 2001; x_wconf 93' lang='lat'>.</span> <span class='ocrx_word' id='word_1_122' title='bbox 420 1944 773 2024; x_wconf 87' lang='lat' dir='ltr'><strong>praeterea</strong></span> <span class='ocrx_word' id='word_1_123' title='bbox 818 1935 1245 2002; x_wconf 89' lang='lat' dir='ltr'><strong>scribendum</strong></span> <span class='ocrx_word' id='word_1_124' title='bbox 1284 1944 1389 2000; x_wconf 90' lang='lat' dir='ltr'><strong>est</strong></span> <span class='ocrx_word' id='word_1_125' title='bbox 1440 1957 1859 2000; x_wconf 69' lang='lat' dir='ltr'><strong>convncrA</strong></span> <span class='ocrx_word' id='word_1_126' title='bbox 1888 1983 1907 2011; x_wconf 83' lang='lat'>‚</span> <span class='ocrx_word' id='word_1_127' title='bbox 1958 1935 2144 2021; x_wconf 89' lang='lat' dir='ltr'><strong>quod</strong></span> <span class='ocrx_word' id='word_1_128' title='bbox 2186 1957 2412 2001; x_wconf 89' lang='lat' dir='ltr'><strong>serva-</strong></span> 
     </span>
     <span class='ocr_line' id='line_1_16' title="bbox 182 2030 2439 2119; baseline 0 -20"><span class='ocrx_word' id='word_1_129' title='bbox 182 2044 340 2099; x_wconf 83' lang='lat' dir='ltr'><strong>runt</strong></span> <span class='ocrx_word' id='word_1_130' title='bbox 377 2035 804 2099; x_wconf 86' lang='lat' dir='ltr'><strong>membranae</strong></span> <span class='ocrx_word' id='word_1_131' title='bbox 845 2033 916 2097; x_wconf 92' lang='lat' dir='ltr'><strong>in</strong></span> <span class='ocrx_word' id='word_1_132' title='bbox 942 2055 1147 2098; x_wconf 84' lang='lat' dir='ltr'><strong>versu</strong></span> <span class='ocrx_word' id='word_1_133' title='bbox 1188 2032 1387 2096; x_wconf 91' lang='lat' dir='ltr'><strong>huius</strong></span> <span class='ocrx_word' id='word_1_134' title='bbox 1427 2033 1578 2098; x_wconf 88' lang='lat' dir='ltr'><strong>libri</strong></span> <span class='ocrx_word' id='word_1_135' title='bbox 1610 2034 1761 2106; x_wconf 88' lang='lat'>101,</span> <span class='ocrx_word' id='word_1_136' title='bbox 1794 2035 2059 2119; x_wconf 68' lang='lat' dir='ltr'><strong>Exiquis</strong></span> <span class='ocrx_word' id='word_1_137' title='bbox 2084 2030 2439 2099; x_wconf 55' lang='lat' dir='ltr'><strong>intervallis</strong></span> 
     </span>
     <span class='ocr_line' id='line_1_17' title="bbox 183 2130 2413 2218; baseline -0 -21"><span class='ocrx_word' id='word_1_138' title='bbox 183 2144 466 2197; x_wconf 72' lang='lat' dir='ltr'><strong>convecta</strong></span> <span class='ocrx_word' id='word_1_139' title='bbox 505 2134 800 2198; x_wconf 72' lang='lat' dir='ltr'><strong>resultant</strong></span> <span class='ocrx_word' id='word_1_140' title='bbox 829 2180 841 2193; x_wconf 92' lang='lat'><strong>.</strong></span> <span class='ocrx_word' id='word_1_141' title='bbox 887 2143 1172 2197; x_wconf 76' lang='lat' dir='ltr'><strong>conventa</strong></span> <span class='ocrx_word' id='word_1_142' title='bbox 1211 2131 1382 2194; x_wconf 89' lang='lat' dir='ltr'><strong>enim</strong></span> <span class='ocrx_word' id='word_1_143' title='bbox 1411 2179 1427 2206; x_wconf 91' lang='lat'>‚</span> <span class='ocrx_word' id='word_1_144' title='bbox 1469 2131 1539 2193; x_wconf 93' lang='lat' dir='ltr'><strong>in</strong></span> <span class='ocrx_word' id='word_1_145' title='bbox 1577 2130 1748 2194; x_wconf 88' lang='lat' dir='ltr'><strong>libro</strong></span> <span class='ocrx_word' id='word_1_146' title='bbox 1781 2131 2015 2216; x_wconf 91' lang='lat' dir='ltr'><strong>quinto</strong></span> <span class='ocrx_word' id='word_1_147' title='bbox 2053 2132 2413 2218; x_wconf 87' lang='lat' dir='ltr'><strong>probatum</strong></span> 
     </span>
     <span class='ocr_line' id='line_1_18' title="bbox 179 2227 2411 2317; baseline -0.001 -22"><span class='ocrx_word' id='word_1_148' title='bbox 179 2229 607 2295; x_wconf 86' lang='lat' dir='ltr'><strong>Wakefieldo</strong></span> <span class='ocrx_word' id='word_1_149' title='bbox 635 2279 651 2307; x_wconf 88' lang='lat'>,</span> <span class='ocrx_word' id='word_1_150' title='bbox 694 2230 859 2294; x_wconf 90' lang='lat' dir='ltr'><strong>nulli</strong></span> <span class='ocrx_word' id='word_1_151' title='bbox 884 2230 1151 2317; x_wconf 87' lang='lat' dir='ltr'><strong>placere</strong></span> <span class='ocrx_word' id='word_1_152' title='bbox 1181 2229 1403 2315; x_wconf 84' lang='lat' dir='ltr'><strong>potuit</strong></span> <span class='ocrx_word' id='word_1_153' title='bbox 1431 2229 1560 2292; x_wconf 89' lang='lat' dir='ltr'><strong>nisi</strong></span> <span class='ocrx_word' id='word_1_154' title='bbox 1583 2227 1980 2293; x_wconf 85' lang='lat' dir='ltr'><strong>Eichstadio</strong></span> <span class='ocrx_word' id='word_1_155' title='bbox 2009 2228 2411 2314; x_wconf 86' lang='lat' dir='ltr'><strong>Forbigero-</strong></span> 
     </span>
     <span class='ocr_line' id='line_1_19' title="bbox 180 2327 2412 2414; baseline -0.001 -21"><span class='ocrx_word' id='word_1_156' title='bbox 180 2350 308 2414; x_wconf 84' lang='lat' dir='ltr'><strong>que</strong></span> <span class='ocrx_word' id='word_1_157' title='bbox 341 2335 412 2392; x_wconf 91' lang='lat' dir='ltr'><strong>et</strong></span> <span class='ocrx_word' id='word_1_158' title='bbox 438 2328 734 2393; x_wconf 85' lang='lat' dir='ltr'><strong>fortasse</strong></span> <span class='ocrx_word' id='word_1_159' title='bbox 775 2329 857 2392; x_wconf 87' lang='lat' dir='ltr'><strong>iis</strong></span> <span class='ocrx_word' id='word_1_160' title='bbox 883 2328 1026 2392; x_wconf 91' lang='lat' dir='ltr'><strong>iure</strong></span> <span class='ocrx_word' id='word_1_161' title='bbox 1058 2327 1383 2391; x_wconf 90' lang='lat' dir='ltr'><strong>consultis</strong></span> <span class='ocrx_word' id='word_1_162' title='bbox 1413 2328 1528 2411; x_wconf 91' lang='lat' dir='ltr'><strong>qui</strong></span> <span class='ocrx_word' id='word_1_163' title='bbox 1568 2334 1833 2413; x_wconf 84' lang='lat' dir='ltr'><strong>patrum</strong></span> <span class='ocrx_word' id='word_1_164' title='bbox 1860 2334 2250 2391; x_wconf 89' lang='lat' dir='ltr'><strong>nostrorum</strong></span> <span class='ocrx_word' id='word_1_165' title='bbox 2275 2349 2412 2390; x_wconf 91' lang='lat' dir='ltr'><strong>me-</strong></span> 
     </span>
     <span class='ocr_line' id='line_1_20' title="bbox 179 2425 2408 2510; baseline -0.001 -18"><span class='ocrx_word' id='word_1_166' title='bbox 179 2429 392 2492; x_wconf 82' lang='lat' dir='ltr'><strong>moria</strong></span> <span class='ocrx_word' id='word_1_167' title='bbox 422 2425 740 2492; x_wconf 85' lang='lat' dir='ltr'><strong>dicebant</strong></span> <span class='ocrx_word' id='word_1_168' title='bbox 765 2449 1020 2490; x_wconf 65' lang='lat' dir='ltr'><strong>tacerem</strong></span> <span class='ocrx_word' id='word_1_169' title='bbox 1046 2427 1115 2489; x_wconf 79' lang='lat' dir='ltr'><strong>in</strong></span> <span class='ocrx_word' id='word_1_170' title='bbox 1138 2448 1392 2489; x_wconf 75' lang='lat' dir='ltr'><strong>manum</strong></span> <span class='ocrx_word' id='word_1_171' title='bbox 1420 2437 1768 2490; x_wconf 74' lang='lat' dir='ltr'><strong>conventam</strong></span> <span class='ocrx_word' id='word_1_172' title='bbox 1782 2450 1808 2509; x_wconf 81' lang='lat'><strong>,-</strong></span> <span class='ocrx_word' id='word_1_173' title='bbox 1837 2445 2238 2510; x_wconf 88' lang='lat' dir='ltr'><strong>quamquam</strong></span> <span class='ocrx_word' id='word_1_174' title='bbox 2267 2449 2408 2489; x_wconf 81' lang='lat' dir='ltr'><strong>con-</strong></span> 
     </span>
     <span class='ocr_line' id='line_1_21' title="bbox 178 2523 2413 2613; baseline -0.002 -22"><span class='ocrx_word' id='word_1_175' title='bbox 178 2538 354 2591; x_wconf 74' lang='lat' dir='ltr'><strong>venta</strong></span> <span class='ocrx_word' id='word_1_176' title='bbox 399 2548 541 2613; x_wconf 85' lang='lat' dir='ltr'><strong>pax</strong></span> <span class='ocrx_word' id='word_1_177' title='bbox 583 2524 824 2589; x_wconf 87' lang='lat' dir='ltr'><strong>dicitur</strong></span> <span class='ocrx_word' id='word_1_178' title='bbox 853 2545 1026 2609; x_wconf 88' lang='lat' dir='ltr'><strong>quae</strong></span> <span class='ocrx_word' id='word_1_179' title='bbox 1069 2523 1385 2588; x_wconf 84' lang='lat' dir='ltr'><strong>convenit</strong></span> <span class='ocrx_word' id='word_1_180' title='bbox 1416 2572 1431 2599; x_wconf 91' lang='lat'>,</span> <span class='ocrx_word' id='word_1_181' title='bbox 1488 2529 1557 2587; x_wconf 88' lang='lat' dir='ltr'><strong>et</strong></span> <span class='ocrx_word' id='word_1_182' title='bbox 1596 2530 1867 2608; x_wconf 86' lang='lat' dir='ltr'><strong>pactum</strong></span> <span class='ocrx_word' id='word_1_183' title='bbox 1906 2533 2255 2587; x_wconf 74' lang='lat' dir='ltr'><strong>conventum</strong></span> <span class='ocrx_word' id='word_1_184' title='bbox 2278 2570 2297 2603; x_wconf 87' lang='lat'><em>,</em></span> <span class='ocrx_word' id='word_1_185' title='bbox 2344 2530 2413 2587; x_wconf 90' lang='lat' dir='ltr'><strong>et</strong></span> 
     </span>
     <span class='ocr_line' id='line_1_22' title="bbox 179 2621 2410 2710; baseline -0.003 -20"><span class='ocrx_word' id='word_1_186' title='bbox 179 2626 277 2689; x_wconf 86' lang='lat' dir='ltr'><strong>sol</strong></span> <span class='ocrx_word' id='word_1_187' title='bbox 306 2648 570 2690; x_wconf 68' lang='lat' dir='ltr'><strong>occasu-s·</strong></span> <span class='ocrx_word' id='word_1_188' title='bbox 582 2672 601 2703; x_wconf 88' lang='lat'><strong><em>,</em></strong></span> <span class='ocrx_word' id='word_1_189' title='bbox 640 2622 766 2687; x_wconf 90' lang='lat' dir='ltr'><strong>sed</strong></span> <span class='ocrx_word' id='word_1_190' title='bbox 794 2623 997 2686; x_wconf 91' lang='lat' dir='ltr'><strong>homo</strong></span> <span class='ocrx_word' id='word_1_191' title='bbox 1027 2624 1257 2687; x_wconf 55' lang='lat' dir='ltr'><strong>occisus</strong></span> <span class='ocrx_word' id='word_1_192' title='bbox 1283 2671 1301 2703; x_wconf 89' lang='lat'><strong><em>,</em></strong></span> <span class='ocrx_word' id='word_1_193' title='bbox 1346 2633 1662 2687; x_wconf 56' lang='lat' dir='ltr'><strong>convente&amp;</strong></span> <span class='ocrx_word' id='word_1_194' title='bbox 1690 2621 2026 2710; x_wconf 88' lang='lat' dir='ltr'><strong>propheta</strong></span> <span class='ocrx_word' id='word_1_195' title='bbox 2052 2621 2410 2685; x_wconf 90' lang='lat' dir='ltr'><strong>Ambrosio</strong></span> 
     </span>
     <span class='ocr_line' id='line_1_23' title="bbox 180 2718 2411 2807; baseline -0.002 -20"><span class='ocrx_word' id='word_1_196' title='bbox 180 2724 286 2807; x_wconf 90' lang='lat' dir='ltr'><strong>(ut</strong></span> <span class='ocrx_word' id='word_1_197' title='bbox 327 2722 824 2786; x_wconf 87' lang='lat' dir='ltr'><strong>demonstravit</strong></span> <span class='ocrx_word' id='word_1_198' title='bbox 852 2720 901 2785; x_wconf 93' lang='lat' dir='ltr'><strong>I.</strong></span> <span class='ocrx_word' id='word_1_199' title='bbox 917 2719 989 2784; x_wconf 83' lang='lat' dir='ltr'><strong>F.</strong></span> <span class='ocrx_word' id='word_1_200' title='bbox 1005 2718 1389 2785; x_wconf 77' lang='lat' dir='ltr'><strong>Gronovius</strong></span> <span class='ocrx_word' id='word_1_201' title='bbox 1418 2722 1928 2786; x_wconf 78' lang='lat' dir='ltr'><strong>observatorum</strong></span> <span class='ocrx_word' id='word_1_202' title='bbox 1968 2720 2037 2783; x_wconf 90' lang='lat' dir='ltr'><strong>in</strong></span> <span class='ocrx_word' id='word_1_203' title='bbox 2066 2721 2411 2784; x_wconf 88' lang='lat' dir='ltr'><strong>ecclesias-</strong></span> 
     </span>
     <span class='ocr_line' id='line_1_24' title="bbox 180 2818 2410 2907; baseline -0.003 -19"><span class='ocrx_word' id='word_1_204' title='bbox 180 2825 328 2888; x_wconf 82' lang='lat' dir='ltr'><strong>ticis</strong></span> <span class='ocrx_word' id='word_1_205' title='bbox 359 2822 537 2886; x_wconf 91' lang='lat' dir='ltr'><strong>libro</strong></span> <span class='ocrx_word' id='word_1_206' title='bbox 568 2844 632 2907; x_wconf 91' lang='lat' dir='ltr'><strong>p.</strong></span> <span class='ocrx_word' id='word_1_207' title='bbox 648 2820 797 2906; x_wconf 85' lang='lat'>228)</span> <span class='ocrx_word' id='word_1_208' title='bbox 827 2826 1193 2905; x_wconf 89' lang='lat' dir='ltr'><strong>temptatus</strong></span> <span class='ocrx_word' id='word_1_209' title='bbox 1224 2826 1293 2883; x_wconf 87' lang='lat' dir='ltr'><strong>et</strong></span> <span class='ocrx_word' id='word_1_210' title='bbox 1322 2827 1693 2883; x_wconf 88' lang='lat' dir='ltr'><strong>commotus</strong></span> <span class='ocrx_word' id='word_1_211' title='bbox 1739 2830 1942 2884; x_wconf 79' lang='lat' dir='ltr'><strong>tantae</strong></span> <span class='ocrx_word' id='word_1_212' title='bbox 1982 2820 2263 2883; x_wconf 65' lang='lat' dir='ltr'><strong>miseriae</strong></span> <span class='ocrx_word' id='word_1_213' title='bbox 2307 2818 2410 2882; x_wconf 84' lang='lat' dir='ltr'><strong>de-</strong></span> 
     </span>
     <span class='ocr_line' id='line_1_25' title="bbox 158 2916 2410 3008; baseline -0.003 -23"><span class='ocrx_word' id='word_1_214' title='bbox 158 2921 489 3008; x_wconf 76' lang='lat' dir='ltr'><strong>formitate</strong></span> <span class='ocrx_word' id='word_1_215' title='bbox 514 2969 528 2982; x_wconf 91' lang='lat'><strong>.</strong></span> <span class='ocrx_word' id='word_1_216' title='bbox 578 2921 843 2984; x_wconf 64' lang='lat' dir='ltr'><strong>cmiiecta</strong></span> <span class='ocrx_word' id='word_1_217' title='bbox 871 2926 1091 2982; x_wconf 87' lang='lat' dir='ltr'><strong>autem</strong></span> <span class='ocrx_word' id='word_1_218' title='bbox 1121 2966 1137 2992; x_wconf 90' lang='lat'>‚</span> <span class='ocrx_word' id='word_1_219' title='bbox 1181 2916 1370 3002; x_wconf 90' lang='lat' dir='ltr'><strong>quod</strong></span> <span class='ocrx_word' id='word_1_220' title='bbox 1412 2916 1615 2982; x_wconf 88' lang='lat' dir='ltr'><strong>iidem</strong></span> <span class='ocrx_word' id='word_1_221' title='bbox 1653 2918 1764 2980; x_wconf 91' lang='lat' dir='ltr'><strong>hic</strong></span> <span class='ocrx_word' id='word_1_222' title='bbox 1805 2917 1947 2980; x_wconf 90' lang='lat' dir='ltr'><strong>sine</strong></span> <span class='ocrx_word' id='word_1_223' title='bbox 1986 2922 2153 2980; x_wconf 87' lang='lat' dir='ltr'><strong>nota</strong></span> <span class='ocrx_word' id='word_1_224' title='bbox 2191 2923 2410 2979; x_wconf 88' lang='lat' dir='ltr'><strong>trans-</strong></span> 
     </span>
     <span class='ocr_line' id='line_1_26' title="bbox 174 3012 2411 3103; baseline -0.004 -20"><span class='ocrx_word' id='word_1_225' title='bbox 174 3021 458 3084; x_wconf 85' lang='lat' dir='ltr'><strong>mittunt</strong></span> <span class='ocrx_word' id='word_1_226' title='bbox 487 3065 504 3094; x_wconf 91' lang='lat'>,</span> <span class='ocrx_word' id='word_1_227' title='bbox 545 3018 738 3103; x_wconf 87' lang='lat' dir='ltr'><strong>quasi</strong></span> <span class='ocrx_word' id='word_1_228' title='bbox 764 3016 1119 3081; x_wconf 90' lang='lat' dir='ltr'><strong>Lucretius</strong></span> <span class='ocrx_word' id='word_1_229' title='bbox 1160 3015 1272 3080; x_wconf 89' lang='lat' dir='ltr'><strong>hic</strong></span> <span class='ocrx_word' id='word_1_230' title='bbox 1316 3016 1505 3080; x_wconf 86' lang='lat' dir='ltr'><strong>aliter</strong></span> <span class='ocrx_word' id='word_1_231' title='bbox 1552 3037 1750 3100; x_wconf 88' lang='lat' dir='ltr'><strong>quam</strong></span> <span class='ocrx_word' id='word_1_232' title='bbox 1789 3016 1858 3078; x_wconf 91' lang='lat' dir='ltr'><strong>in</strong></span> <span class='ocrx_word' id='word_1_233' title='bbox 1906 3015 2139 3098; x_wconf 93' lang='lat' dir='ltr'><strong>quinto</strong></span> <span class='ocrx_word' id='word_1_234' title='bbox 2186 3012 2411 3076; x_wconf 87' lang='lat' dir='ltr'><strong>dicere</strong></span> 
     </span>
     <span class='ocr_line' id='line_1_27' title="bbox 173 3110 2411 3204; baseline -0.004 -22"><span class='ocrx_word' id='word_1_235' title='bbox 173 3116 484 3204; x_wconf 89' lang='lat' dir='ltr'><strong>potuerit</strong></span> <span class='ocrx_word' id='word_1_236' title='bbox 511 3162 527 3190; x_wconf 90' lang='lat'>‚</span> <span class='ocrx_word' id='word_1_237' title='bbox 571 3116 970 3180; x_wconf 84' lang='lat' dir='ltr'><strong>sententiam</strong></span> <span class='ocrx_word' id='word_1_238' title='bbox 1009 3136 1148 3178; x_wconf 93' lang='lat' dir='ltr'><strong>non</strong></span> <span class='ocrx_word' id='word_1_239' title='bbox 1188 3114 1416 3201; x_wconf 85' lang='lat' dir='ltr'><strong>explet</strong></span> <span class='ocrx_word' id='word_1_240' title='bbox 1457 3114 1587 3178; x_wconf 91' lang='lat' dir='ltr'><strong>nisi</strong></span> <span class='ocrx_word' id='word_1_241' title='bbox 1638 3112 1870 3177; x_wconf 85' lang='lat' dir='ltr'><strong>addita</strong></span> <span class='ocrx_word' id='word_1_242' title='bbox 1911 3112 2043 3175; x_wconf 89' lang='lat' dir='ltr'><strong>loci</strong></span> <span class='ocrx_word' id='word_1_243' title='bbox 2083 3110 2411 3196; x_wconf 85' lang='lat' dir='ltr'><strong>significa-</strong></span> 
     </span>
     <span class='ocr_line' id='line_1_28' title="bbox 175 3209 2410 3301; baseline -0.004 -21"><span class='ocrx_word' id='word_1_244' title='bbox 175 3216 359 3280; x_wconf 84' lang='lat' dir='ltr'><strong>tione</strong></span> <span class='ocrx_word' id='word_1_245' title='bbox 395 3263 413 3290; x_wconf 82' lang='lat'>,</span> <span class='ocrx_word' id='word_1_246' title='bbox 454 3221 534 3278; x_wconf 88' lang='lat' dir='ltr'><strong>ut</strong></span> <span class='ocrx_word' id='word_1_247' title='bbox 560 3214 763 3301; x_wconf 88' lang='lat' dir='ltr'><strong>paulo</strong></span> <span class='ocrx_word' id='word_1_248' title='bbox 806 3220 969 3299; x_wconf 88' lang='lat' dir='ltr'><strong>post</strong></span> <span class='ocrx_word' id='word_1_249' title='bbox 1005 3213 1288 3278; x_wconf 66' lang='lat' dir='ltr'><strong>Covdcere</strong></span> <span class='ocrx_word' id='word_1_250' title='bbox 1313 3215 1382 3276; x_wconf 76' lang='lat' dir='ltr'><strong>in</strong></span> <span class='ocrx_word' id='word_1_251' title='bbox 1408 3214 1547 3278; x_wconf 79' lang='lat' dir='ltr'><strong>loca</strong></span> <span class='ocrx_word' id='word_1_252' title='bbox 1572 3235 1846 3299; x_wconf 72' lang='lat' dir='ltr'><strong>quaeque</strong></span> <span class='ocrx_word' id='word_1_253' title='bbox 1885 3220 2066 3297; x_wconf 73' lang='lat' dir='ltr'><strong>queat</strong></span> <span class='ocrx_word' id='word_1_254' title='bbox 2088 3209 2278 3272; x_wconf 69' lang='lat' dir='ltr'><strong><em>simili</em></strong></span> <span class='ocrx_word' id='word_1_255' title='bbox 2303 3232 2410 3272; x_wconf 82' lang='lat' dir='ltr'><strong>ra-</strong></span> 
     </span>
     <span class='ocr_line' id='line_1_29' title="bbox 171 3312 1205 3399; baseline -0.005 -20"><span class='ocrx_word' id='word_1_256' title='bbox 171 3316 328 3378; x_wconf 69' lang='lat' dir='ltr'><strong>tione</strong></span> <span class='ocrx_word' id='word_1_257' title='bbox 359 3315 569 3399; x_wconf 77' lang='lat' dir='ltr'><strong>Atque</strong></span> <span class='ocrx_word' id='word_1_258' title='bbox 596 3312 715 3376; x_wconf 73' lang='lat' dir='ltr'><strong>huc</strong></span> <span class='ocrx_word' id='word_1_259' title='bbox 740 3322 880 3375; x_wconf 60' lang='grc' dir='ltr'><strong>θωπί</strong></span> <span class='ocrx_word' id='word_1_260' title='bbox 906 3313 1173 3375; x_wconf 80' lang='lat' dir='ltr'><strong>coniecta</strong></span> <span class='ocrx_word' id='word_1_261' title='bbox 1191 3360 1205 3374; x_wconf 91' lang='lat'><strong>.</strong></span> 
     </span>
    </p>

    <p class='ocr_par' dir='ltr' id='par_1_5' title="bbox 165 3409 2415 4091">
     <span class='ocr_line' id='line_1_30' title="bbox 343 3409 2414 3480; baseline -0.005 -3"><span class='ocrx_word' id='word_1_262' title='bbox 343 3411 533 3477; x_wconf 92' lang='grc'><strong>1070.</strong></span> <span class='ocrx_word' id='word_1_263' title='bbox 575 3409 806 3474; x_wconf 66' lang='lat' dir='ltr'><strong>Nunc</strong></span> <span class='ocrx_word' id='word_1_264' title='bbox 859 3432 948 3473; x_wconf 77' lang='grc' dir='ltr'><strong>ΕΤ</strong></span> <span class='ocrx_word' id='word_1_265' title='bbox 1000 3431 1443 3474; x_wconf 75' lang='lat' dir='ltr'>SEMINIBUS</span> <span class='ocrx_word' id='word_1_266' title='bbox 1490 3431 1566 3472; x_wconf 76' lang='lat' dir='ltr'><strong>st</strong></span> <span class='ocrx_word' id='word_1_267' title='bbox 1619 3429 1891 3472; x_wconf 67' lang='lat' dir='ltr'><strong>:rAnrA</strong></span> <span class='ocrx_word' id='word_1_268' title='bbox 1940 3428 2080 3470; x_wconf 70' lang='grc' dir='ltr'><strong>ΕΜ·</strong></span> <span class='ocrx_word' id='word_1_269' title='bbox 2132 3422 2414 3480; x_wconf 65' lang='lat' dir='ltr'><strong>corn,</strong></span> 
     </span>
     <span class='ocr_line' id='line_1_31' title="bbox 177 3505 2415 3591; baseline -0.003 -18"><span class='ocrx_word' id='word_1_270' title='bbox 177 3510 362 3574; x_wconf 84' lang='grc'><strong>1072.</strong></span> <span class='ocrx_word' id='word_1_271' title='bbox 385 3507 533 3573; x_wconf 89' lang='lat' dir='ltr'><strong>V1s</strong></span> <span class='ocrx_word' id='word_1_272' title='bbox 573 3530 840 3572; x_wconf 73' lang='lat' dir='ltr'>EADEM</span> <span class='ocrx_word' id='word_1_273' title='bbox 881 3529 1207 3571; x_wconf 70' lang='lat' dir='ltr'>NATURA</span> <span class='ocrx_word' id='word_1_274' title='bbox 1253 3529 1522 3571; x_wconf 57' lang='lat' dir='ltr'><strong>uam-:r</strong></span> <span class='ocrx_word' id='word_1_275' title='bbox 1543 3557 1557 3570; x_wconf 91' lang='lat'><em>.</em></span> <span class='ocrx_word' id='word_1_276' title='bbox 1586 3506 1913 3570; x_wconf 87' lang='lat' dir='ltr'><strong>Marullus</strong></span> <span class='ocrx_word' id='word_1_277' title='bbox 1957 3506 2175 3591; x_wconf 58' lang='lat' dir='ltr'><strong>Vixque</strong></span> <span class='ocrx_word' id='word_1_278' title='bbox 2202 3505 2415 3568; x_wconf 83' lang='lat' dir='ltr'><strong>eadem</strong></span> 
     </span>
     <span class='ocr_line' id='line_1_32' title="bbox 169 3600 2414 3692; baseline -0.003 -21"><span class='ocrx_word' id='word_1_279' title='bbox 169 3620 224 3671; x_wconf 79' lang='lat' dir='ltr'><strong>et</strong></span> <span class='ocrx_word' id='word_1_280' title='bbox 258 3619 507 3673; x_wconf 73' lang='lat' dir='ltr'><strong>natura</strong></span> <span class='ocrx_word' id='word_1_281' title='bbox 529 3656 548 3687; x_wconf 89' lang='lat'>‚</span> <span class='ocrx_word' id='word_1_282' title='bbox 606 3605 1067 3670; x_wconf 87' lang='lat' dir='ltr'><strong>Wakefieldus</strong></span> <span class='ocrx_word' id='word_1_283' title='bbox 1109 3606 1301 3692; x_wconf 73' lang='lat' dir='ltr'><strong>V&#39;tque</strong></span> <span class='ocrx_word' id='word_1_284' title='bbox 1353 3606 1567 3669; x_wconf 78' lang='lat' dir='ltr'><strong>eadem</strong></span> <span class='ocrx_word' id='word_1_285' title='bbox 1612 3615 1848 3669; x_wconf 75' lang='lat' dir='ltr'><strong>natura</strong></span> <span class='ocrx_word' id='word_1_286' title='bbox 1888 3614 2096 3667; x_wconf 76' lang='lat' dir='ltr'><strong>manet</strong></span> <span class='ocrx_word' id='word_1_287' title='bbox 2116 3652 2131 3665; x_wconf 91' lang='lat'><em>.</em></span> <span class='ocrx_word' id='word_1_288' title='bbox 2176 3600 2301 3666; x_wconf 92' lang='lat' dir='ltr'><strong>sed</strong></span> <span class='ocrx_word' id='word_1_289' title='bbox 2344 3601 2414 3664; x_wconf 94' lang='lat' dir='ltr'><strong>in</strong></span> 
     </span>
     <span class='ocr_line' id='line_1_33' title="bbox 167 3703 2412 3791; baseline -0.004 -21"><span class='ocrx_word' id='word_1_290' title='bbox 167 3707 409 3791; x_wconf 87' lang='lat' dir='ltr'><strong>priore</strong></span> <span class='ocrx_word' id='word_1_291' title='bbox 435 3705 735 3769; x_wconf 89' lang='lat' dir='ltr'><strong>membro</strong></span> <span class='ocrx_word' id='word_1_292' title='bbox 768 3727 917 3769; x_wconf 88' lang='lat' dir='ltr'><strong>cum</strong></span> <span class='ocrx_word' id='word_1_293' title='bbox 941 3704 1070 3768; x_wconf 88' lang='lat' dir='ltr'><strong>fuit</strong></span> <span class='ocrx_word' id='word_1_294' title='bbox 1096 3715 1154 3768; x_wconf 81' lang='lat' dir='ltr'><strong>et</strong></span> <span class='ocrx_word' id='word_1_295' title='bbox 1181 3703 1562 3768; x_wconf 91' lang='lat' dir='ltr'><strong>coniunctio</strong></span> <span class='ocrx_word' id='word_1_296' title='bbox 1587 3752 1602 3779; x_wconf 91' lang='lat'>,</span> <span class='ocrx_word' id='word_1_297' title='bbox 1646 3703 1716 3766; x_wconf 90' lang='lat' dir='ltr'><strong>in</strong></span> <span class='ocrx_word' id='word_1_298' title='bbox 1745 3703 1957 3766; x_wconf 86' lang='lat' dir='ltr'><strong>altero</strong></span> <span class='ocrx_word' id='word_1_299' title='bbox 1999 3725 2117 3789; x_wconf 74' lang='lat' dir='ltr'><strong>que</strong></span> <span class='ocrx_word' id='word_1_300' title='bbox 2156 3720 2412 3788; x_wconf 90' lang='lat' dir='ltr'><strong>ponere</strong></span> 
     </span>
     <span class='ocr_line' id='line_1_34' title="bbox 170 3799 2414 3889; baseline -0.004 -20"><span class='ocrx_word' id='word_1_301' title='bbox 170 3814 304 3869; x_wconf 79' lang='lat' dir='ltr'><strong>tam</strong></span> <span class='ocrx_word' id='word_1_302' title='bbox 336 3811 579 3869; x_wconf 86' lang='lat' dir='ltr'><strong>castae</strong></span> <span class='ocrx_word' id='word_1_303' title='bbox 609 3804 932 3868; x_wconf 86' lang='lat' dir='ltr'><strong>orationis</strong></span> <span class='ocrx_word' id='word_1_304' title='bbox 961 3810 1203 3889; x_wconf 67' lang='lat' dir='ltr'><strong>poetae</strong></span> <span class='ocrx_word' id='word_1_305' title='bbox 1230 3824 1371 3866; x_wconf 94' lang='lat' dir='ltr'><strong>non</strong></span> <span class='ocrx_word' id='word_1_306' title='bbox 1399 3801 1558 3866; x_wconf 89' lang='lat' dir='ltr'><strong>licet</strong></span> <span class='ocrx_word' id='word_1_307' title='bbox 1586 3849 1600 3862; x_wconf 92' lang='lat'><strong><em>.</em></strong></span> <span class='ocrx_word' id='word_1_308' title='bbox 1633 3799 2058 3866; x_wconf 88' lang='lat' dir='ltr'><strong>scribendum</strong></span> <span class='ocrx_word' id='word_1_309' title='bbox 2088 3806 2194 3862; x_wconf 89' lang='lat' dir='ltr'><strong>est</strong></span> <span class='ocrx_word' id='word_1_310' title='bbox 2221 3799 2414 3862; x_wconf 68' lang='lat' dir='ltr'><strong>Nunc</strong></span> 
     </span>
     <span class='ocr_line' id='line_1_35' title="bbox 169 3899 2411 3987; baseline -0.004 -20"><span class='ocrx_word' id='word_1_311' title='bbox 169 3927 265 3968; x_wconf 73' lang='lat' dir='ltr'><strong>nx</strong></span> <span class='ocrx_word' id='word_1_312' title='bbox 293 3904 680 3984; x_wconf 68' lang='lat' dir='ltr'><strong>seminibm,</strong></span> <span class='ocrx_word' id='word_1_313' title='bbox 721 3903 1288 3987; x_wconf 72' lang='lat' dir='ltr'><strong>sitantaestcopia</strong></span> <span class='ocrx_word' id='word_1_314' title='bbox 1501 3899 2411 3980; x_wconf 78' lang='lat' dir='ltr'><strong>‚Qmseademnaturama-</strong></span> 
     </span>
     <span class='ocr_line' id='line_1_36' title="bbox 165 3996 2412 4091; baseline -0.006 -23"><span class='ocrx_word' id='word_1_315' title='bbox 165 4015 264 4068; x_wconf 76' lang='lat' dir='ltr'><strong>net</strong></span> <span class='ocrx_word' id='word_1_316' title='bbox 287 4046 478 4057; x_wconf 93' lang='lat'>-——-</span> <span class='ocrx_word' id='word_1_317' title='bbox 496 4050 513 4081; x_wconf 88' lang='lat'><strong><em>,</em></strong></span> <span class='ocrx_word' id='word_1_318' title='bbox 541 4025 776 4066; x_wconf 72' lang='lat' dir='ltr'><strong>necesse</strong></span> <span class='ocrx_word' id='word_1_319' title='bbox 803 4012 888 4065; x_wconf 78' lang='lat' dir='ltr'><strong>est</strong></span> <span class='ocrx_word' id='word_1_320' title='bbox 916 4001 1237 4091; x_wconf 78' lang='lat' dir='ltr'><strong>confiteare</strong></span> <span class='ocrx_word' id='word_1_321' title='bbox 1269 4000 1420 4064; x_wconf 75' lang='lat' dir='ltr'><strong>Esse</strong></span> <span class='ocrx_word' id='word_1_322' title='bbox 1449 3999 1604 4062; x_wconf 68' lang='lat' dir='ltr'><strong>alios</strong></span> <span class='ocrx_word' id='word_1_323' title='bbox 1643 3999 1783 4062; x_wconf 73' lang='lat' dir='ltr'><strong>aliis</strong></span> <span class='ocrx_word' id='word_1_324' title='bbox 1822 4008 2128 4063; x_wconf 79' lang='lat' dir='ltr'><strong>terrarum</strong></span> <span class='ocrx_word' id='word_1_325' title='bbox 2154 3996 2221 4057; x_wconf 79' lang='lat' dir='ltr'><strong>in</strong></span> <span class='ocrx_word' id='word_1_326' title='bbox 2253 4017 2412 4079; x_wconf 83' lang='lat' dir='ltr'><strong>par-</strong></span> 
     </span>
    </p>

    <p class='ocr_par' dir='ltr' id='par_1_6' title="bbox 161 4196 2416 4461">
     <span class='ocr_line' id='line_1_37' title="bbox 345 4196 2416 4272; baseline -0.006 -10"><span class='ocrx_word' id='word_1_327' title='bbox 345 4197 533 4262; x_wconf 88' lang='grc'><strong>1073.</strong></span> <span class='ocrx_word' id='word_1_328' title='bbox 565 4196 985 4261; x_wconf 72' lang='lat' dir='ltr'><strong>Comcsnss</strong></span> <span class='ocrx_word' id='word_1_329' title='bbox 1036 4219 1118 4260; x_wconf 74' lang='lat' dir='ltr'><strong>IN</strong></span> <span class='ocrx_word' id='word_1_330' title='bbox 1161 4217 1371 4259; x_wconf 70' lang='lat' dir='ltr'><strong>LocA</strong></span> <span class='ocrx_word' id='word_1_331' title='bbox 1415 4217 1805 4272; x_wconf 57' lang='lat' dir='ltr'><strong>Quanoun</strong></span> <span class='ocrx_word' id='word_1_332' title='bbox 1852 4214 2225 4258; x_wconf 71' lang='lat' dir='ltr'><strong>Arsnum</strong></span> <span class='ocrx_word' id='word_1_333' title='bbox 2274 4211 2416 4252; x_wconf 73' lang='lat' dir='ltr'><strong>RA-</strong></span> 
     </span>
     <span class='ocr_line' id='line_1_38' title="bbox 165 4294 2414 4381; baseline -0.005 -19"><span class='ocrx_word' id='word_1_334' title='bbox 165 4321 205 4362; x_wconf 85' lang='lat'><strong>1·</strong></span> <span class='ocrx_word' id='word_1_335' title='bbox 222 4322 247 4362; x_wconf 88' lang='lat'>1</span> <span class='ocrx_word' id='word_1_336' title='bbox 263 4320 307 4362; x_wconf 94' lang='lat' dir='ltr'><strong>o</strong></span> <span class='ocrx_word' id='word_1_337' title='bbox 325 4321 376 4361; x_wconf 71' lang='lat' dir='ltr'>N</span> <span class='ocrx_word' id='word_1_338' title='bbox 391 4319 434 4360; x_wconf 75' lang='grc' dir='ltr'>Ε</span> <span class='ocrx_word' id='word_1_339' title='bbox 449 4346 464 4359; x_wconf 90' lang='grc'>.</span> <span class='ocrx_word' id='word_1_340' title='bbox 500 4294 887 4375; x_wconf 85' lang='lat' dir='ltr'><strong>Quadratus</strong></span> <span class='ocrx_word' id='word_1_341' title='bbox 918 4295 1213 4360; x_wconf 71' lang='lat' dir='ltr'><strong>adsimili.</strong></span> <span class='ocrx_word' id='word_1_342' title='bbox 1235 4294 1385 4359; x_wconf 85' lang='lat' dir='ltr'><strong>Itali</strong></span> <span class='ocrx_word' id='word_1_343' title='bbox 1415 4301 1484 4360; x_wconf 88' lang='lat' dir='ltr'><strong>et</strong></span> <span class='ocrx_word' id='word_1_344' title='bbox 1509 4294 1819 4381; x_wconf 89' lang='lat' dir='ltr'><strong>impressi</strong></span> <span class='ocrx_word' id='word_1_345' title='bbox 1848 4314 2121 4380; x_wconf 78' lang='lat' dir='ltr'><strong>quaeque</strong></span> <span class='ocrx_word' id='word_1_346' title='bbox 2151 4309 2191 4364; x_wconf 86' lang='lat' dir='ltr'>Q</span> <span class='ocrx_word' id='word_1_347' title='bbox 2207 4307 2414 4351; x_wconf 70' lang='lat' dir='ltr'>UEAT</span> 
     </span>
     <span class='ocr_line' id='line_1_39' title="bbox 161 4395 668 4461; baseline -0.006 -1"><span class='ocrx_word' id='word_1_348' title='bbox 161 4398 365 4461; x_wconf 65' lang='lat' dir='ltr'><strong>canili</strong></span> <span class='ocrx_word' id='word_1_349' title='bbox 399 4395 634 4460; x_wconf 77' lang='lat' dir='ltr'><strong>ratione</strong></span> <span class='ocrx_word' id='word_1_350' title='bbox 655 4444 668 4457; x_wconf 90' lang='lat'><strong>.</strong></span> 
     </span>
    </p>
   </div>
   <div class='ocr_carea' id='block_1_3' title="bbox 1314 3943 1488 3954">
    <p class='ocr_par' dir='ltr' id='par_1_7' title="bbox 1314 3943 1488 3954">
     <span class='ocr_line' id='line_1_40' title="bbox 1314 3943 1488 3954; baseline 0 1238"><span class='ocrx_word' id='word_1_351' title='bbox 1314 3943 1488 3954; x_wconf 95' lang='lat' dir='ltr'><strong> </strong></span> 
     </span>
    </p>
   </div>
  </div>
 </body>
</html>
