<?xml version="1.0" encoding="UTF-8"?>
<!DOCTYPE html PUBLIC "-//W3C//DTD XHTML 1.0 Transitional//EN"
    "http://www.w3.org/TR/xhtml1/DTD/xhtml1-transitional.dtd">
<html xmlns="http://www.w3.org/1999/xhtml" xml:lang="en" lang="en">
 <head>
  <title>
</title>
<meta http-equiv="Content-Type" content="text/html;charset=utf-8" />
  <meta name='ocr-system' content='tesseract 3.04.00' />
  <meta name='ocr-capabilities' content='ocr_page ocr_carea ocr_par ocr_line ocrx_word'/>
</head>
<body>
  <div class='ocr_page' id='page_1' title='image "./tlucreticarider04unkngoog_0226.png"; bbox 0 0 3042 5192; ppageno 0'>
   <div class='ocr_carea' id='block_1_1' title="bbox 426 1086 524 1130">
    <p class='ocr_par' dir='ltr' id='par_1_1' title="bbox 426 1086 524 1130">
     <span class='ocr_line' id='line_1_1' title="bbox 426 1086 524 1130; baseline 0 0"><span class='ocrx_word' id='word_1_1' title='bbox 426 1086 524 1130; x_wconf 78' lang='lat'>260</span> 
     </span>
    </p>
   </div>
   <div class='ocr_carea' id='block_1_2' title="bbox 428 1659 526 1704">
    <p class='ocr_par' dir='ltr' id='par_1_2' title="bbox 428 1659 526 1704">
     <span class='ocr_line' id='line_1_2' title="bbox 428 1659 526 1704; baseline 0.01 -1"><span class='ocrx_word' id='word_1_2' title='bbox 428 1659 526 1704; x_wconf 79' lang='lat'>265</span> 
     </span>
    </p>
   </div>
   <div class='ocr_carea' id='block_1_3' title="bbox 579 435 1742 505">
    <p class='ocr_par' dir='ltr' id='par_1_3' title="bbox 579 435 1742 505">
     <span class='ocr_line' id='line_1_3' title="bbox 579 435 1742 505; baseline -0.002 -2"><span class='ocrx_word' id='word_1_3' title='bbox 579 437 718 505; x_wconf 84' lang='lat'>214</span> <span class='ocrx_word' id='word_1_4' title='bbox 1643 435 1742 502; x_wconf 89' lang='lat' dir='ltr'>VI</span> 
     </span>
    </p>
   </div>
   <div class='ocr_carea' id='block_1_4' title="bbox 574 609 2504 2190">
    <p class='ocr_par' dir='ltr' id='par_1_4' title="bbox 574 609 2492 812">
     <span class='ocr_line' id='line_1_4' title="bbox 574 609 2492 697; baseline -0.002 -21"><span class='ocrx_word' id='word_1_5' title='bbox 574 618 926 697; x_wconf 90' lang='lat' dir='ltr'>praeterea</span> <span class='ocrx_word' id='word_1_6' title='bbox 950 631 1276 695; x_wconf 79' lang='lat' dir='ltr'>persaepe</span> <span class='ocrx_word' id='word_1_7' title='bbox 1304 610 1492 695; x_wconf 87' lang='lat' dir='ltr'>niger</span> <span class='ocrx_word' id='word_1_8' title='bbox 1523 629 1797 693; x_wconf 92' lang='lat' dir='ltr'>quoque</span> <span class='ocrx_word' id='word_1_9' title='bbox 1831 629 1953 694; x_wconf 92' lang='lat' dir='ltr'>per</span> <span class='ocrx_word' id='word_1_10' title='bbox 1981 628 2164 672; x_wconf 88' lang='lat' dir='ltr'>mare</span> <span class='ocrx_word' id='word_1_11' title='bbox 2193 609 2457 674; x_wconf 86' lang='lat' dir='ltr'>nimbus</span> <span class='ocrx_word' id='word_1_12' title='bbox 2478 658 2492 682; x_wconf 87' lang='lat'>‚</span> 
     </span>
     <span class='ocr_line' id='line_1_5' title="bbox 580 720 2174 812; baseline -0.003 -22"><span class='ocrx_word' id='word_1_13' title='bbox 580 733 657 790; x_wconf 89' lang='lat' dir='ltr'>ut</span> <span class='ocrx_word' id='word_1_14' title='bbox 684 726 849 812; x_wconf 90' lang='lat' dir='ltr'>picis</span> <span class='ocrx_word' id='word_1_15' title='bbox 881 746 916 788; x_wconf 92' lang='lat' dir='ltr'>e</span> <span class='ocrx_word' id='word_1_16' title='bbox 948 726 1133 789; x_wconf 91' lang='lat' dir='ltr'>caelo</span> <span class='ocrx_word' id='word_1_17' title='bbox 1167 724 1527 788; x_wconf 90' lang='lat' dir='ltr'>demissum</span> <span class='ocrx_word' id='word_1_18' title='bbox 1554 723 1801 788; x_wconf 88' lang='lat' dir='ltr'>flumen</span> <span class='ocrx_word' id='word_1_19' title='bbox 1819 771 1834 798; x_wconf 88' lang='lat'>,</span> <span class='ocrx_word' id='word_1_20' title='bbox 1856 722 1927 785; x_wconf 92' lang='lat' dir='ltr'>in</span> <span class='ocrx_word' id='word_1_21' title='bbox 1953 720 2174 786; x_wconf 84' lang='lat' dir='ltr'>undas</span> 
     </span>
    </p>

    <p class='ocr_par' dir='ltr' id='par_1_5' title="bbox 578 836 2504 1155">
     <span class='ocr_line' id='line_1_6' title="bbox 581 836 2355 926; baseline -0.001 -22"><span class='ocrx_word' id='word_1_22' title='bbox 581 841 677 904; x_wconf 90' lang='lat' dir='ltr'>sic</span> <span class='ocrx_word' id='word_1_23' title='bbox 706 839 888 904; x_wconf 90' lang='lat' dir='ltr'>cadit</span> <span class='ocrx_word' id='word_1_24' title='bbox 916 839 1189 904; x_wconf 87' lang='lat' dir='ltr'>effertus</span> <span class='ocrx_word' id='word_1_25' title='bbox 1218 841 1512 904; x_wconf 88' lang='lat' dir='ltr'>tenebris</span> <span class='ocrx_word' id='word_1_26' title='bbox 1541 837 1783 926; x_wconf 88' lang='lat' dir='ltr'>procul</span> <span class='ocrx_word' id='word_1_27' title='bbox 1812 843 1881 901; x_wconf 88' lang='lat' dir='ltr'>et</span> <span class='ocrx_word' id='word_1_28' title='bbox 1907 836 2117 902; x_wconf 78' lang='lat' dir='ltr'>trahit</span> <span class='ocrx_word' id='word_1_29' title='bbox 2144 845 2355 902; x_wconf 82' lang='lat' dir='ltr'>atram</span> 
     </span>
     <span class='ocr_line' id='line_1_7' title="bbox 578 953 2504 1040; baseline 0 -23"><span class='ocrx_word' id='word_1_30' title='bbox 578 953 958 1019; x_wconf 77' lang='lat' dir='ltr'>fulminibus</span> <span class='ocrx_word' id='word_1_31' title='bbox 987 954 1333 1040; x_wconf 86' lang='lat' dir='ltr'>gravidam</span> <span class='ocrx_word' id='word_1_32' title='bbox 1361 960 1830 1040; x_wconf 76' lang='lat' dir='ltr'>tempestatem</span> <span class='ocrx_word' id='word_1_33' title='bbox 1859 960 2064 1036; x_wconf 83' lang='lat' dir='ltr'>atque</span> <span class='ocrx_word' id='word_1_34' title='bbox 2092 953 2406 1037; x_wconf 88' lang='lat' dir='ltr'>procellis</span> <span class='ocrx_word' id='word_1_35' title='bbox 2425 1001 2440 1027; x_wconf 89' lang='lat'>‚</span> <span class='ocrx_word' id='word_1_36' title='bbox 2495 967 2504 978; x_wconf 88' lang='lat'><strong>·</strong></span> 
     </span>
     <span class='ocr_line' id='line_1_8' title="bbox 581 1066 2178 1155; baseline -0.001 -22"><span class='ocrx_word' id='word_1_37' title='bbox 581 1070 848 1155; x_wconf 86' lang='lat' dir='ltr'>ignibus</span> <span class='ocrx_word' id='word_1_38' title='bbox 878 1092 957 1133; x_wconf 88' lang='lat' dir='ltr'>ac</span> <span class='ocrx_word' id='word_1_39' title='bbox 988 1070 1207 1133; x_wconf 89' lang='lat' dir='ltr'>ventis</span> <span class='ocrx_word' id='word_1_40' title='bbox 1238 1091 1387 1132; x_wconf 91' lang='lat' dir='ltr'>cum</span> <span class='ocrx_word' id='word_1_41' title='bbox 1416 1068 1646 1154; x_wconf 89' lang='lat' dir='ltr'>primis</span> <span class='ocrx_word' id='word_1_42' title='bbox 1671 1068 1818 1153; x_wconf 89' lang='lat' dir='ltr'>ipse</span> <span class='ocrx_word' id='word_1_43' title='bbox 1847 1066 2145 1152; x_wconf 75' lang='lat' dir='ltr'>repletus</span> <span class='ocrx_word' id='word_1_44' title='bbox 2161 1116 2178 1143; x_wconf 92' lang='lat'>‚</span> 
     </span>
    </p>

    <p class='ocr_par' dir='ltr' id='par_1_6' title="bbox 580 1182 2413 1613">
     <span class='ocr_line' id='line_1_9' title="bbox 580 1182 2413 1270; baseline -0.002 -22"><span class='ocrx_word' id='word_1_45' title='bbox 580 1186 649 1248; x_wconf 88' lang='lat' dir='ltr'>in</span> <span class='ocrx_word' id='word_1_46' title='bbox 678 1193 863 1249; x_wconf 89' lang='lat' dir='ltr'>terra</span> <span class='ocrx_word' id='word_1_47' title='bbox 890 1206 1161 1270; x_wconf 93' lang='lat' dir='ltr'>quoque</span> <span class='ocrx_word' id='word_1_48' title='bbox 1189 1193 1268 1249; x_wconf 91' lang='lat' dir='ltr'>ut</span> <span class='ocrx_word' id='word_1_49' title='bbox 1293 1184 1697 1248; x_wconf 77' lang='lat' dir='ltr'>horrescant</span> <span class='ocrx_word' id='word_1_50' title='bbox 1725 1203 1804 1246; x_wconf 90' lang='lat' dir='ltr'>ac</span> <span class='ocrx_word' id='word_1_51' title='bbox 1827 1189 2011 1246; x_wconf 87' lang='lat' dir='ltr'>tecta</span> <span class='ocrx_word' id='word_1_52' title='bbox 2037 1182 2413 1267; x_wconf 80' lang='lat' dir='ltr'>requirant.</span> 
     </span>
     <span class='ocr_line' id='line_1_10' title="bbox 582 1296 2393 1387; baseline 0 -25"><span class='ocrx_word' id='word_1_53' title='bbox 582 1300 677 1362; x_wconf 90' lang='lat' dir='ltr'>sic</span> <span class='ocrx_word' id='word_1_54' title='bbox 705 1300 906 1385; x_wconf 91' lang='lat' dir='ltr'>igitur</span> <span class='ocrx_word' id='word_1_55' title='bbox 935 1321 1180 1387; x_wconf 89' lang='lat' dir='ltr'>supera</span> <span class='ocrx_word' id='word_1_56' title='bbox 1206 1307 1513 1363; x_wconf 89' lang='lat' dir='ltr'>nostrum</span> <span class='ocrx_word' id='word_1_57' title='bbox 1542 1305 1746 1385; x_wconf 87' lang='lat' dir='ltr'>caput</span> <span class='ocrx_word' id='word_1_58' title='bbox 1775 1318 1924 1361; x_wconf 88' lang='lat' dir='ltr'>csse</span> <span class='ocrx_word' id='word_1_59' title='bbox 1953 1296 2393 1382; x_wconf 76' lang='lat' dir='ltr'>putandumst</span> 
     </span>
     <span class='ocr_line' id='line_1_11' title="bbox 583 1412 2288 1499; baseline 0.001 -23"><span class='ocrx_word' id='word_1_60' title='bbox 583 1421 1048 1499; x_wconf 85' lang='lat' dir='ltr'>tempestatem</span> <span class='ocrx_word' id='word_1_61' title='bbox 1079 1415 1279 1478; x_wconf 87' lang='lat' dir='ltr'>altam</span> <span class='ocrx_word' id='word_1_62' title='bbox 1299 1462 1312 1476; x_wconf 90' lang='lat'>.</span> <span class='ocrx_word' id='word_1_63' title='bbox 1334 1434 1558 1498; x_wconf 90' lang='lat' dir='ltr'>neque</span> <span class='ocrx_word' id='word_1_64' title='bbox 1588 1413 1759 1476; x_wconf 91' lang='lat' dir='ltr'>enim</span> <span class='ocrx_word' id='word_1_65' title='bbox 1789 1412 2070 1497; x_wconf 86' lang='lat' dir='ltr'>caligine</span> <span class='ocrx_word' id='word_1_66' title='bbox 2099 1419 2288 1488; x_wconf 86' lang='lat' dir='ltr'>tanta</span> 
     </span>
     <span class='ocr_line' id='line_1_12' title="bbox 584 1527 2146 1613; baseline -0.001 -22"><span class='ocrx_word' id='word_1_67' title='bbox 584 1529 948 1593; x_wconf 90' lang='lat' dir='ltr'>obruerent</span> <span class='ocrx_word' id='word_1_68' title='bbox 975 1536 1191 1593; x_wconf 87' lang='lat' dir='ltr'>terras</span> <span class='ocrx_word' id='word_1_69' title='bbox 1210 1577 1224 1604; x_wconf 83' lang='lat'>,</span> <span class='ocrx_word' id='word_1_70' title='bbox 1246 1528 1374 1592; x_wconf 91' lang='lat' dir='ltr'>nisi</span> <span class='ocrx_word' id='word_1_71' title='bbox 1399 1527 1825 1592; x_wconf 86' lang='lat' dir='ltr'>inaedificata</span> <span class='ocrx_word' id='word_1_72' title='bbox 1853 1548 2146 1613; x_wconf 89' lang='lat' dir='ltr'>superne</span> 
     </span>
    </p>

    <p class='ocr_par' dir='ltr' id='par_1_7' title="bbox 578 1642 2096 1730">
     <span class='ocr_line' id='line_1_13' title="bbox 578 1642 2096 1730; baseline -0.001 -24"><span class='ocrx_word' id='word_1_73' title='bbox 578 1643 787 1707; x_wconf 82' lang='lat' dir='ltr'>multa</span> <span class='ocrx_word' id='word_1_74' title='bbox 813 1643 1040 1708; x_wconf 89' lang='lat' dir='ltr'>forent</span> <span class='ocrx_word' id='word_1_75' title='bbox 1065 1643 1291 1708; x_wconf 81' lang='lat' dir='ltr'>multis</span> <span class='ocrx_word' id='word_1_76' title='bbox 1321 1651 1634 1730; x_wconf 85' lang='lat' dir='ltr'>exempto</span> <span class='ocrx_word' id='word_1_77' title='bbox 1664 1643 1893 1708; x_wconf 88' lang='lat' dir='ltr'>nubila</span> <span class='ocrx_word' id='word_1_78' title='bbox 1920 1642 2096 1707; x_wconf 87' lang='lat' dir='ltr'>sole:</span> 
     </span>
    </p>

    <p class='ocr_par' dir='ltr' id='par_1_8' title="bbox 580 1757 2396 2052">
     <span class='ocr_line' id='line_1_14' title="bbox 580 1757 2276 1844; baseline -0.001 -24"><span class='ocrx_word' id='word_1_79' title='bbox 580 1779 706 1820; x_wconf 90' lang='lat' dir='ltr'>nec</span> <span class='ocrx_word' id='word_1_80' title='bbox 737 1765 927 1821; x_wconf 87' lang='lat' dir='ltr'>tanto</span> <span class='ocrx_word' id='word_1_81' title='bbox 955 1766 1241 1844; x_wconf 89' lang='lat' dir='ltr'>possent</span> <span class='ocrx_word' id='word_1_82' title='bbox 1267 1758 1615 1822; x_wconf 87' lang='lat' dir='ltr'>venientes</span> <span class='ocrx_word' id='word_1_83' title='bbox 1646 1757 2022 1844; x_wconf 87' lang='lat' dir='ltr'>opprimere</span> <span class='ocrx_word' id='word_1_84' title='bbox 2050 1757 2243 1820; x_wconf 87' lang='lat' dir='ltr'>imbri</span> <span class='ocrx_word' id='word_1_85' title='bbox 2261 1805 2276 1832; x_wconf 88' lang='lat'>,</span> 
     </span>
     <span class='ocr_line' id='line_1_15' title="bbox 582 1872 2396 1958; baseline 0 -23"><span class='ocrx_word' id='word_1_86' title='bbox 582 1872 849 1936; x_wconf 89' lang='lat' dir='ltr'>flumina</span> <span class='ocrx_word' id='word_1_87' title='bbox 878 1872 1221 1937; x_wconf 85' lang='lat' dir='ltr'>abundare·</span> <span class='ocrx_word' id='word_1_88' title='bbox 1249 1881 1327 1936; x_wconf 91' lang='lat' dir='ltr'>ut</span> <span class='ocrx_word' id='word_1_89' title='bbox 1353 1872 1658 1936; x_wconf 86' lang='lat' dir='ltr'>facerent</span> <span class='ocrx_word' id='word_1_90' title='bbox 1687 1892 2098 1958; x_wconf 89' lang='lat' dir='ltr'>camposque</span> <span class='ocrx_word' id='word_1_91' title='bbox 2127 1880 2360 1936; x_wconf 86' lang='lat' dir='ltr'>natare</span> <span class='ocrx_word' id='word_1_92' title='bbox 2381 1922 2396 1946; x_wconf 81' lang='lat'>‚</span> 
     </span>
     <span class='ocr_line' id='line_1_16' title="bbox 585 1955 2150 2052; baseline 0 -2"><span class='ocrx_word' id='word_1_93' title='bbox 585 1989 642 2051; x_wconf 87' lang='lat' dir='ltr'>si</span> <span class='ocrx_word' id='word_1_94' title='bbox 669 2010 809 2052; x_wconf 92' lang='lat' dir='ltr'>non</span> <span class='ocrx_word' id='word_1_95' title='bbox 840 1989 1163 2052; x_wconf 82' lang='lat' dir='ltr'>extructis</span> <span class='ocrx_word' id='word_1_96' title='bbox 1190 1987 1371 2051; x_wconf 85' lang='lat' dir='ltr'>foret</span> <span class='ocrx_word' id='word_1_97' title='bbox 1399 1988 1533 2052; x_wconf 87' lang='lat' dir='ltr'>alte</span> <span class='ocrx_word' id='word_1_98' title='bbox 1562 1955 1851 2052; x_wconf 72' lang='lat' dir='ltr'>nubibus</span> <span class='ocrx_word' id='word_1_99' title='bbox 1881 1986 2119 2051; x_wconf 88' lang='lat' dir='ltr'>aether</span> <span class='ocrx_word' id='word_1_100' title='bbox 2137 2036 2150 2050; x_wconf 92' lang='lat'>.</span> 
     </span>
    </p>

    <p class='ocr_par' dir='ltr' id='par_1_9' title="bbox 584 2102 2188 2190">
     <span class='ocr_line' id='line_1_17' title="bbox 584 2102 2188 2190; baseline 0.001 -25"><span class='ocrx_word' id='word_1_101' title='bbox 584 2102 695 2166; x_wconf 91' lang='lat' dir='ltr'>hic</span> <span class='ocrx_word' id='word_1_102' title='bbox 722 2102 921 2190; x_wconf 92' lang='lat' dir='ltr'>igitur</span> <span class='ocrx_word' id='word_1_103' title='bbox 950 2103 1168 2167; x_wconf 87' lang='lat' dir='ltr'>ventis</span> <span class='ocrx_word' id='word_1_104' title='bbox 1198 2110 1400 2187; x_wconf 88' lang='lat' dir='ltr'>atque</span> <span class='ocrx_word' id='word_1_105' title='bbox 1427 2102 1693 2187; x_wconf 85' lang='lat' dir='ltr'>ignibus</span> <span class='ocrx_word' id='word_1_106' title='bbox 1726 2103 1946 2166; x_wconf 87' lang='lat' dir='ltr'>omnia</span> <span class='ocrx_word' id='word_1_107' title='bbox 1987 2102 2188 2188; x_wconf 87' lang='lat' dir='ltr'>plena</span> 
     </span>
    </p>
   </div>
   <div class='ocr_carea' id='block_1_5' title="bbox 432 2215 2181 2305">
    <p class='ocr_par' dir='ltr' id='par_1_10' title="bbox 432 2215 2181 2305">
     <span class='ocr_line' id='line_1_18' title="bbox 432 2215 2181 2305; baseline 0.001 -26"><span class='ocrx_word' id='word_1_108' title='bbox 432 2234 492 2279; x_wconf 73' lang='lat'>‘²7</span> <span class='ocrx_word' id='word_1_109' title='bbox 586 2226 776 2282; x_wconf 84' lang='lat' dir='ltr'>sunt:</span> <span class='ocrx_word' id='word_1_110' title='bbox 797 2217 951 2282; x_wconf 90' lang='lat' dir='ltr'>ideo</span> <span class='ocrx_word' id='word_1_111' title='bbox 983 2218 1232 2305; x_wconf 87' lang='lat' dir='ltr'>passim</span> <span class='ocrx_word' id='word_1_112' title='bbox 1259 2216 1561 2281; x_wconf 78' lang='lat' dir='ltr'>fremitus</span> <span class='ocrx_word' id='word_1_113' title='bbox 1594 2224 1663 2280; x_wconf 91' lang='lat' dir='ltr'>et</span> <span class='ocrx_word' id='word_1_114' title='bbox 1689 2215 1955 2301; x_wconf 85' lang='lat' dir='ltr'>fulgura</span> <span class='ocrx_word' id='word_1_115' title='bbox 1980 2215 2181 2280; x_wconf 87' lang='lat' dir='ltr'>fiunt.</span> 
     </span>
    </p>
   </div>
   <div class='ocr_carea' id='block_1_6' title="bbox 585 2331 2232 2421">
    <p class='ocr_par' dir='ltr' id='par_1_11' title="bbox 585 2331 2232 2421">
     <span class='ocr_line' id='line_1_19' title="bbox 585 2331 2232 2421; baseline -0.001 -25"><span class='ocrx_word' id='word_1_116' title='bbox 585 2334 834 2421; x_wconf 89' lang='lat' dir='ltr'>quippe</span> <span class='ocrx_word' id='word_1_117' title='bbox 864 2334 1105 2398; x_wconf 90' lang='lat' dir='ltr'>etenim</span> <span class='ocrx_word' id='word_1_118' title='bbox 1135 2355 1341 2418; x_wconf 90' lang='lat' dir='ltr'>supra</span> <span class='ocrx_word' id='word_1_119' title='bbox 1370 2331 1573 2396; x_wconf 89' lang='lat' dir='ltr'>docui</span> <span class='ocrx_word' id='word_1_120' title='bbox 1599 2331 1933 2419; x_wconf 90' lang='lat' dir='ltr'>permulta</span> <span class='ocrx_word' id='word_1_121' title='bbox 1961 2332 2232 2416; x_wconf 89' lang='lat' dir='ltr'>vaporis</span> 
     </span>
    </p>
   </div>
   <div class='ocr_carea' id='block_1_7' title="bbox 510 2447 2326 2522">
    <p class='ocr_par' dir='ltr' id='par_1_12' title="bbox 510 2447 2326 2522">
     <span class='ocr_line' id='line_1_20' title="bbox 510 2447 2326 2522; baseline -0.001 -11"><span class='ocrx_word' id='word_1_122' title='bbox 510 2496 514 2500; x_wconf 67' lang='lat'><strong>·</strong></span> <span class='ocrx_word' id='word_1_123' title='bbox 586 2450 837 2512; x_wconf 87' lang='lat' dir='ltr'>semina</span> <span class='ocrx_word' id='word_1_124' title='bbox 863 2448 1113 2512; x_wconf 91' lang='lat' dir='ltr'>habere</span> <span class='ocrx_word' id='word_1_125' title='bbox 1144 2468 1346 2512; x_wconf 87' lang='lat' dir='ltr'>cavas</span> <span class='ocrx_word' id='word_1_126' title='bbox 1376 2448 1591 2511; x_wconf 89' lang='lat' dir='ltr'>nubes</span> <span class='ocrx_word' id='word_1_127' title='bbox 1610 2496 1625 2522; x_wconf 96' lang='lat'>,</span> <span class='ocrx_word' id='word_1_128' title='bbox 1651 2454 1719 2510; x_wconf 91' lang='lat' dir='ltr'>et</span> <span class='ocrx_word' id='word_1_129' title='bbox 1745 2447 1954 2511; x_wconf 87' lang='lat' dir='ltr'>multa</span> <span class='ocrx_word' id='word_1_130' title='bbox 1979 2455 2326 2510; x_wconf 87' lang='lat' dir='ltr'>necessest</span> 
     </span>
    </p>
   </div>
   <div class='ocr_carea' id='block_1_8' title="bbox 433 2807 529 2853">
    <p class='ocr_par' dir='ltr' id='par_1_13' title="bbox 433 2807 529 2853">
     <span class='ocr_line' id='line_1_21' title="bbox 433 2807 529 2853; baseline 0.01 -1"><span class='ocrx_word' id='word_1_131' title='bbox 433 2807 529 2853; x_wconf 83' lang='lat'>275</span> 
     </span>
    </p>
   </div>
   <div class='ocr_carea' id='block_1_9' title="bbox 433 3383 532 3427">
    <p class='ocr_par' dir='ltr' id='par_1_14' title="bbox 433 3383 532 3427">
     <span class='ocr_line' id='line_1_22' title="bbox 433 3383 532 3427; baseline 0.01 -1"><span class='ocrx_word' id='word_1_132' title='bbox 433 3383 532 3427; x_wconf 77' lang='lat'>280</span> 
     </span>
    </p>
   </div>
   <div class='ocr_carea' id='block_1_10' title="bbox 586 2560 2268 3453">
    <p class='ocr_par' dir='ltr' id='par_1_15' title="bbox 586 2560 2268 3088">
     <span class='ocr_line' id='line_1_23' title="bbox 588 2560 2188 2650; baseline -0.001 -24"><span class='ocrx_word' id='word_1_133' title='bbox 588 2564 941 2650; x_wconf 85' lang='lat' dir='ltr'>concipere</span> <span class='ocrx_word' id='word_1_134' title='bbox 973 2585 1057 2627; x_wconf 82' lang='lat' dir='ltr'>ex</span> <span class='ocrx_word' id='word_1_135' title='bbox 1086 2563 1246 2627; x_wconf 85' lang='lat' dir='ltr'>solis</span> <span class='ocrx_word' id='word_1_136' title='bbox 1275 2561 1482 2626; x_wconf 82' lang='lat' dir='ltr'>radiis</span> <span class='ocrx_word' id='word_1_137' title='bbox 1514 2560 1899 2647; x_wconf 84' lang='lat' dir='ltr'>ardoreque</span> <span class='ocrx_word' id='word_1_138' title='bbox 1929 2583 2188 2626; x_wconf 91' lang='lat' dir='ltr'>eorum.</span> 
     </span>
     <span class='ocr_line' id='line_1_24' title="bbox 588 2677 2171 2762; baseline 0 -22"><span class='ocrx_word' id='word_1_139' title='bbox 588 2677 721 2741; x_wconf 88' lang='lat' dir='ltr'>hoc</span> <span class='ocrx_word' id='word_1_140' title='bbox 751 2679 864 2740; x_wconf 91' lang='lat' dir='ltr'>ubi</span> <span class='ocrx_word' id='word_1_141' title='bbox 891 2687 1136 2742; x_wconf 86' lang='lat' dir='ltr'>ventus</span> <span class='ocrx_word' id='word_1_142' title='bbox 1169 2700 1281 2743; x_wconf 88' lang='lat' dir='ltr'>eas</span> <span class='ocrx_word' id='word_1_143' title='bbox 1309 2677 1486 2742; x_wconf 88' lang='lat' dir='ltr'>idem</span> <span class='ocrx_word' id='word_1_144' title='bbox 1516 2678 1631 2762; x_wconf 93' lang='lat' dir='ltr'>qui</span> <span class='ocrx_word' id='word_1_145' title='bbox 1661 2678 1844 2762; x_wconf 82' lang='lat' dir='ltr'>cogit</span> <span class='ocrx_word' id='word_1_146' title='bbox 1869 2678 1939 2740; x_wconf 92' lang='lat' dir='ltr'>in</span> <span class='ocrx_word' id='word_1_147' title='bbox 1967 2699 2171 2740; x_wconf 90' lang='lat' dir='ltr'>unum</span> 
     </span>
     <span class='ocr_line' id='line_1_25' title="bbox 587 2790 2268 2879; baseline 0 -25"><span class='ocrx_word' id='word_1_148' title='bbox 587 2790 763 2855; x_wconf 85' lang='lat' dir='ltr'>forte</span> <span class='ocrx_word' id='word_1_149' title='bbox 791 2793 1011 2856; x_wconf 92' lang='lat' dir='ltr'>locum</span> <span class='ocrx_word' id='word_1_150' title='bbox 1042 2794 1341 2879; x_wconf 82' lang='lat' dir='ltr'>quemvis</span> <span class='ocrx_word' id='word_1_151' title='bbox 1358 2843 1373 2869; x_wconf 86' lang='lat'>‚</span> <span class='ocrx_word' id='word_1_152' title='bbox 1399 2794 1734 2879; x_wconf 87' lang='lat' dir='ltr'>expressit</span> <span class='ocrx_word' id='word_1_153' title='bbox 1761 2792 1970 2856; x_wconf 87' lang='lat' dir='ltr'>multa</span> <span class='ocrx_word' id='word_1_154' title='bbox 1998 2792 2268 2878; x_wconf 85' lang='lat' dir='ltr'>vaporis</span> 
     </span>
     <span class='ocr_line' id='line_1_26' title="bbox 587 2907 2231 2993; baseline -0.001 -23"><span class='ocrx_word' id='word_1_155' title='bbox 587 2907 837 2971; x_wconf 88' lang='lat' dir='ltr'>semina</span> <span class='ocrx_word' id='word_1_156' title='bbox 867 2929 1073 2993; x_wconf 90' lang='lat' dir='ltr'>seque</span> <span class='ocrx_word' id='word_1_157' title='bbox 1104 2910 1297 2973; x_wconf 90' lang='lat' dir='ltr'>simul</span> <span class='ocrx_word' id='word_1_158' title='bbox 1326 2930 1477 2972; x_wconf 91' lang='lat' dir='ltr'>cum</span> <span class='ocrx_word' id='word_1_159' title='bbox 1508 2929 1588 2971; x_wconf 91' lang='lat' dir='ltr'>eo</span> <span class='ocrx_word' id='word_1_160' title='bbox 1621 2907 2036 2971; x_wconf 86' lang='lat' dir='ltr'>commiscuit</span> <span class='ocrx_word' id='word_1_161' title='bbox 2061 2907 2231 2992; x_wconf 90' lang='lat' dir='ltr'>igni,</span> 
     </span>
     <span class='ocr_line' id='line_1_27' title="bbox 586 3022 1965 3088; baseline 0 -3"><span class='ocrx_word' id='word_1_162' title='bbox 586 3024 958 3087; x_wconf 90' lang='lat' dir='ltr'>insinuatus</span> <span class='ocrx_word' id='word_1_163' title='bbox 987 3023 1078 3086; x_wconf 91' lang='lat' dir='ltr'>ibi</span> <span class='ocrx_word' id='word_1_164' title='bbox 1107 3032 1348 3088; x_wconf 84' lang='lat' dir='ltr'>vortex</span> <span class='ocrx_word' id='word_1_165' title='bbox 1375 3030 1689 3087; x_wconf 87' lang='lat' dir='ltr'>versatur</span> <span class='ocrx_word' id='word_1_166' title='bbox 1715 3022 1784 3085; x_wconf 89' lang='lat' dir='ltr'>in</span> <span class='ocrx_word' id='word_1_167' title='bbox 1816 3029 1965 3086; x_wconf 89' lang='lat' dir='ltr'>arto</span> 
     </span>
    </p>

    <p class='ocr_par' dir='ltr' id='par_1_16' title="bbox 587 3136 2054 3203">
     <span class='ocr_line' id='line_1_28' title="bbox 587 3136 2054 3203; baseline -0.001 -2"><span class='ocrx_word' id='word_1_168' title='bbox 587 3145 654 3201; x_wconf 90' lang='lat' dir='ltr'>et</span> <span class='ocrx_word' id='word_1_169' title='bbox 686 3138 915 3202; x_wconf 86' lang='lat' dir='ltr'>calidis</span> <span class='ocrx_word' id='word_1_170' title='bbox 946 3139 1123 3202; x_wconf 86' lang='lat' dir='ltr'>acuit</span> <span class='ocrx_word' id='word_1_171' title='bbox 1148 3138 1395 3203; x_wconf 77' lang='lat' dir='ltr'>fulmen</span> <span class='ocrx_word' id='word_1_172' title='bbox 1422 3136 1811 3202; x_wconf 85' lang='lat' dir='ltr'>fornacibus</span> <span class='ocrx_word' id='word_1_173' title='bbox 1839 3136 2054 3200; x_wconf 88' lang='lat' dir='ltr'>intus:</span> 
     </span>
    </p>

    <p class='ocr_par' dir='ltr' id='par_1_17' title="bbox 586 3252 2258 3453">
     <span class='ocr_line' id='line_1_29' title="bbox 588 3252 2258 3341; baseline 0.001 -27"><span class='ocrx_word' id='word_1_174' title='bbox 588 3274 741 3315; x_wconf 89' lang='lat' dir='ltr'>nam</span> <span class='ocrx_word' id='word_1_175' title='bbox 774 3252 1021 3341; x_wconf 85' lang='lat' dir='ltr'>duplici</span> <span class='ocrx_word' id='word_1_176' title='bbox 1048 3254 1307 3318; x_wconf 87' lang='lat' dir='ltr'>ratione</span> <span class='ocrx_word' id='word_1_177' title='bbox 1337 3252 1761 3328; x_wconf 88' lang='lat' dir='ltr'>accenditur,</span> <span class='ocrx_word' id='word_1_178' title='bbox 1782 3252 1929 3339; x_wconf 91' lang='lat' dir='ltr'>ipse</span> <span class='ocrx_word' id='word_1_179' title='bbox 1959 3274 2082 3315; x_wconf 89' lang='lat' dir='ltr'>sua</span> <span class='ocrx_word' id='word_1_180' title='bbox 2109 3273 2258 3315; x_wconf 89' lang='lat' dir='ltr'>cum</span> 
     </span>
     <span class='ocr_line' id='line_1_30' title="bbox 586 3367 2106 3453; baseline 0.001 -24"><span class='ocrx_word' id='word_1_181' title='bbox 586 3368 951 3431; x_wconf 87' lang='lat' dir='ltr'>mobilitate</span> <span class='ocrx_word' id='word_1_182' title='bbox 984 3368 1287 3444; x_wconf 87' lang='lat' dir='ltr'>calescit,</span> <span class='ocrx_word' id='word_1_183' title='bbox 1311 3376 1380 3433; x_wconf 97' lang='lat' dir='ltr'>et</span> <span class='ocrx_word' id='word_1_184' title='bbox 1410 3389 1446 3431; x_wconf 88' lang='lat' dir='ltr'>e</span> <span class='ocrx_word' id='word_1_185' title='bbox 1478 3368 1874 3453; x_wconf 83' lang='lat' dir='ltr'>contagibus</span> <span class='ocrx_word' id='word_1_186' title='bbox 1901 3367 2073 3452; x_wconf 90' lang='lat' dir='ltr'>ignis</span> <span class='ocrx_word' id='word_1_187' title='bbox 2092 3415 2106 3429; x_wconf 96' lang='lat'>.</span> 
     </span>
    </p>
   </div>
   <div class='ocr_carea' id='block_1_11' title="bbox 536 3479 2331 3568">
    <p class='ocr_par' dir='ltr' id='par_1_18' title="bbox 536 3479 2331 3568">
     <span class='ocr_line' id='line_1_31' title="bbox 536 3479 2331 3568; baseline 0.001 -26"><span class='ocrx_word' id='word_1_188' title='bbox 536 3487 541 3491; x_wconf 75' lang='grc'><strong>”</strong></span> <span class='ocrx_word' id='word_1_189' title='bbox 587 3479 744 3543; x_wconf 88' lang='lat' dir='ltr'>inde</span> <span class='ocrx_word' id='word_1_190' title='bbox 774 3483 886 3545; x_wconf 93' lang='lat' dir='ltr'>ubi</span> <span class='ocrx_word' id='word_1_191' title='bbox 912 3484 1240 3567; x_wconf 90' lang='lat' dir='ltr'>percaluit</span> <span class='ocrx_word' id='word_1_192' title='bbox 1266 3482 1548 3568; x_wconf 84' lang='lat' dir='ltr'>gravida</span> <span class='ocrx_word' id='word_1_193' title='bbox 1565 3532 1580 3557; x_wconf 90' lang='lat'><strong>‚</strong></span> <span class='ocrx_word' id='word_1_194' title='bbox 1603 3490 1720 3547; x_wconf 88' lang='lat' dir='ltr'>aut</span> <span class='ocrx_word' id='word_1_195' title='bbox 1746 3483 1849 3547; x_wconf 82' lang='lat' dir='ltr'>vis</span> <span class='ocrx_word' id='word_1_196' title='bbox 1877 3482 2050 3568; x_wconf 88' lang='lat' dir='ltr'>ignis</span> <span class='ocrx_word' id='word_1_197' title='bbox 2082 3489 2149 3545; x_wconf 91' lang='lat' dir='ltr'>et</span> <span class='ocrx_word' id='word_1_198' title='bbox 2178 3503 2331 3546; x_wconf 85' lang='lat' dir='ltr'>acer</span> 
     </span>
    </p>
   </div>
   <div class='ocr_carea' id='block_1_12' title="bbox 436 3957 533 4002">
    <p class='ocr_par' dir='ltr' id='par_1_19' title="bbox 436 3957 533 4002">
     <span class='ocr_line' id='line_1_32' title="bbox 436 3957 533 4002; baseline 0.021 -2"><span class='ocrx_word' id='word_1_199' title='bbox 436 3957 533 4002; x_wconf 81' lang='lat'>285</span> 
     </span>
    </p>
   </div>
   <div class='ocr_carea' id='block_1_13' title="bbox 588 3596 2405 4030">
    <p class='ocr_par' dir='ltr' id='par_1_20' title="bbox 588 3596 2405 4030">
     <span class='ocr_line' id='line_1_33' title="bbox 588 3596 2229 3681; baseline 0.001 -23"><span class='ocrx_word' id='word_1_200' title='bbox 588 3596 874 3681; x_wconf 87' lang='lat' dir='ltr'>impetus</span> <span class='ocrx_word' id='word_1_201' title='bbox 901 3598 1176 3662; x_wconf 87' lang='lat' dir='ltr'>incessit</span> <span class='ocrx_word' id='word_1_202' title='bbox 1193 3646 1209 3673; x_wconf 89' lang='lat'>,</span> <span class='ocrx_word' id='word_1_203' title='bbox 1229 3605 1560 3662; x_wconf 88' lang='lat' dir='ltr'>maturum</span> <span class='ocrx_word' id='word_1_204' title='bbox 1587 3605 1729 3661; x_wconf 88' lang='lat' dir='ltr'>tum</span> <span class='ocrx_word' id='word_1_205' title='bbox 1759 3597 1952 3681; x_wconf 89' lang='lat' dir='ltr'>quasi</span> <span class='ocrx_word' id='word_1_206' title='bbox 1978 3596 2229 3660; x_wconf 87' lang='lat' dir='ltr'>fulmen</span> 
     </span>
     <span class='ocr_line' id='line_1_34' title="bbox 592 3710 2222 3797; baseline 0.001 -23"><span class='ocrx_word' id='word_1_207' title='bbox 592 3710 961 3796; x_wconf 89' lang='lat' dir='ltr'>perscindit</span> <span class='ocrx_word' id='word_1_208' title='bbox 990 3713 1211 3777; x_wconf 89' lang='lat' dir='ltr'>subito</span> <span class='ocrx_word' id='word_1_209' title='bbox 1242 3715 1486 3778; x_wconf 91' lang='lat' dir='ltr'>nubem</span> <span class='ocrx_word' id='word_1_210' title='bbox 1504 3763 1519 3788; x_wconf 90' lang='lat'><strong>‚</strong></span> <span class='ocrx_word' id='word_1_211' title='bbox 1540 3713 1891 3797; x_wconf 86' lang='lat' dir='ltr'>ferturque</span> <span class='ocrx_word' id='word_1_212' title='bbox 1923 3713 2222 3776; x_wconf 89' lang='lat' dir='ltr'>coruscis</span> 
     </span>
     <span class='ocr_line' id='line_1_35' title="bbox 590 3826 2288 3912; baseline -0.001 -22"><span class='ocrx_word' id='word_1_213' title='bbox 590 3827 809 3891; x_wconf 90' lang='lat' dir='ltr'>omnia</span> <span class='ocrx_word' id='word_1_214' title='bbox 836 3828 1190 3892; x_wconf 84' lang='lat' dir='ltr'>luminibus</span> <span class='ocrx_word' id='word_1_215' title='bbox 1218 3829 1516 3893; x_wconf 84' lang='lat' dir='ltr'>lustrans</span> <span class='ocrx_word' id='word_1_216' title='bbox 1546 3829 1696 3892; x_wconf 88' lang='lat' dir='ltr'>loca</span> <span class='ocrx_word' id='word_1_217' title='bbox 1722 3828 2020 3912; x_wconf 91' lang='lat' dir='ltr'>percitus</span> <span class='ocrx_word' id='word_1_218' title='bbox 2051 3826 2257 3892; x_wconf 86' lang='lat' dir='ltr'>ardor</span> <span class='ocrx_word' id='word_1_219' title='bbox 2275 3876 2288 3889; x_wconf 92' lang='lat'>.</span> 
     </span>
     <span class='ocr_line' id='line_1_36' title="bbox 592 3942 2405 4030; baseline -0.001 -25"><span class='ocrx_word' id='word_1_220' title='bbox 592 3964 787 4027; x_wconf 90' lang='lat' dir='ltr'>quem</span> <span class='ocrx_word' id='word_1_221' title='bbox 816 3943 1039 4028; x_wconf 86' lang='lat' dir='ltr'>gravis</span> <span class='ocrx_word' id='word_1_222' title='bbox 1070 3944 1443 4028; x_wconf 89' lang='lat' dir='ltr'>insequitur</span> <span class='ocrx_word' id='word_1_223' title='bbox 1474 3943 1734 4006; x_wconf 90' lang='lat' dir='ltr'>sonitus</span> <span class='ocrx_word' id='word_1_224' title='bbox 1753 3992 1768 4017; x_wconf 78' lang='grc'><em>,</em></span> <span class='ocrx_word' id='word_1_225' title='bbox 1794 3942 2096 4030; x_wconf 84' lang='lat' dir='ltr'>displosa</span> <span class='ocrx_word' id='word_1_226' title='bbox 2125 3948 2405 4029; x_wconf 87' lang='lat' dir='ltr'>repente</span> 
     </span>
    </p>
   </div>
   <div class='ocr_carea' id='block_1_14' title="bbox 596 4161 867 4167">
    <p class='ocr_par' dir='ltr' id='par_1_21' title="bbox 596 4161 867 4167">
     <span class='ocr_line' id='line_1_37' title="bbox 596 4161 867 4167; baseline 0 0"><span class='ocrx_word' id='word_1_227' title='bbox 596 4161 867 4167; x_wconf 95' lang='lat' dir='ltr'> </span> 
     </span>
    </p>
   </div>
   <div class='ocr_carea' id='block_1_15' title="bbox 595 4243 2790 4407">
    <p class='ocr_par' dir='ltr' id='par_1_22' title="bbox 595 4243 2790 4407">
     <span class='ocr_line' id='line_1_38' title="bbox 598 4243 2790 4322; baseline -0 -21"><span class='ocrx_word' id='word_1_228' title='bbox 598 4255 694 4301; x_wconf 81' lang='lat'>257</span> <span class='ocrx_word' id='word_1_229' title='bbox 734 4247 1007 4302; x_wconf 86' lang='lat' dir='ltr'>dimissum</span> <span class='ocrx_word' id='word_1_230' title='bbox 1034 4249 1231 4302; x_wconf 83' lang='lat' dir='ltr'>fulmen</span> <span class='ocrx_word' id='word_1_231' title='bbox 1269 4251 1288 4317; x_wconf 86' lang='grc' dir='ltr'>ΙΙ</span> <span class='ocrx_word' id='word_1_232' title='bbox 1327 4257 1425 4302; x_wconf 77' lang='grc'>258</span> <span class='ocrx_word' id='word_1_233' title='bbox 1465 4259 1517 4302; x_wconf 87' lang='lat' dir='ltr'>et</span> <span class='ocrx_word' id='word_1_234' title='bbox 1555 4251 1723 4304; x_wconf 84' lang='lat' dir='ltr'>fertus</span> <span class='ocrx_word' id='word_1_235' title='bbox 1762 4249 1781 4319; x_wconf 82' lang='grc' dir='ltr'>ΙΙ</span> <span class='ocrx_word' id='word_1_236' title='bbox 1824 4257 1921 4303; x_wconf 84' lang='grc'>269</span> <span class='ocrx_word' id='word_1_237' title='bbox 1960 4250 2143 4322; x_wconf 81' lang='lat' dir='ltr'>plana.</span> <span class='ocrx_word' id='word_1_238' title='bbox 2185 4253 2205 4320; x_wconf 72' lang='lat' dir='ltr'>ss</span> <span class='ocrx_word' id='word_1_239' title='bbox 2243 4257 2341 4302; x_wconf 81' lang='lat'>272</span> <span class='ocrx_word' id='word_1_240' title='bbox 2379 4247 2626 4302; x_wconf 82' lang='lat' dir='ltr'>haecdere</span> <span class='ocrx_word' id='word_1_241' title='bbox 2659 4243 2677 4311; x_wconf 81' lang='grc' dir='ltr'>ΙΙ</span> <span class='ocrx_word' id='word_1_242' title='bbox 2707 4257 2790 4292; x_wconf 73' lang='lat' dir='ltr'>ne·</span> 
     </span>
     <span class='ocr_line' id='line_1_39' title="bbox 595 4328 2790 4407; baseline 0.001 -22"><span class='ocrx_word' id='word_1_243' title='bbox 595 4340 797 4387; x_wconf 83' lang='lat' dir='ltr'>cesset.</span> <span class='ocrx_word' id='word_1_244' title='bbox 838 4333 857 4400; x_wconf 85' lang='grc' dir='ltr'>ΙΙ</span> <span class='ocrx_word' id='word_1_245' title='bbox 896 4340 992 4385; x_wconf 83' lang='grc'>277</span> <span class='ocrx_word' id='word_1_246' title='bbox 1033 4333 1166 4385; x_wconf 79' lang='lat' dir='ltr'>alto.</span> <span class='ocrx_word' id='word_1_247' title='bbox 1206 4336 1225 4400; x_wconf 86' lang='grc' dir='ltr'>ΙΙ</span> <span class='ocrx_word' id='word_1_248' title='bbox 1264 4341 1357 4386; x_wconf 86' lang='grc'>281</span> <span class='ocrx_word' id='word_1_249' title='bbox 1400 4337 1579 4403; x_wconf 79' lang='lat' dir='ltr'>gravis</span> <span class='ocrx_word' id='word_1_250' title='bbox 1619 4338 1762 4389; x_wconf 80' lang='lat' dir='ltr'>venti</span> <span class='ocrx_word' id='word_1_251' title='bbox 1801 4337 1880 4390; x_wconf 84' lang='lat' dir='ltr'>vis</span> <span class='ocrx_word' id='word_1_252' title='bbox 1919 4337 2054 4407; x_wconf 86' lang='lat' dir='ltr'>igni.</span> <span class='ocrx_word' id='word_1_253' title='bbox 2103 4336 2123 4406; x_wconf 77' lang='grc' dir='ltr'>Η</span> <span class='ocrx_word' id='word_1_254' title='bbox 2169 4343 2220 4388; x_wconf 85' lang='lat' dir='ltr'>et</span> <span class='ocrx_word' id='word_1_255' title='bbox 2257 4352 2379 4388; x_wconf 79' lang='lat' dir='ltr'>acer</span> <span class='ocrx_word' id='word_1_256' title='bbox 2415 4343 2618 4389; x_wconf 67' lang='lat' dir='ltr'>mnis-sa.</span> <span class='ocrx_word' id='word_1_257' title='bbox 2654 4328 2672 4398; x_wconf 77' lang='grc'>11</span> <span class='ocrx_word' id='word_1_258' title='bbox 2705 4331 2790 4378; x_wconf 71' lang='lat'>&#39;285</span> 
     </span>
    </p>
   </div>
   <div class='ocr_carea' id='block_1_16' title="bbox 598 4419 864 4488">
    <p class='ocr_par' dir='ltr' id='par_1_23' title="bbox 598 4419 864 4488">
     <span class='ocr_line' id='line_1_40' title="bbox 598 4419 864 4488; baseline 0 -19"><span class='ocrx_word' id='word_1_259' title='bbox 598 4419 836 4488; x_wconf 82' lang='lat' dir='ltr'>repeuati</span> <span class='ocrx_word' id='word_1_260' title='bbox 853 4457 864 4469; x_wconf 96' lang='lat'>.</span> 
     </span>
    </p>
   </div>
   <div class='ocr_carea' id='block_1_17' title="bbox 2952 925 2996 5192">
    <p class='ocr_par' dir='ltr' id='par_1_24' title="bbox 2952 925 2996 5192">
     <span class='ocr_line' id='line_1_41' title="bbox 2952 925 2996 5192; baseline 0 0"><span class='ocrx_word' id='word_1_261' title='bbox 2952 925 2996 5192; x_wconf 95' lang='lat' dir='ltr'> </span> 
     </span>
    </p>
   </div>
  </div>
 </body>
</html>
