3042 5192
665 427 809 496 218
1731 424 1833 492 IV·

665 610 733 667 et
778 623 819 665 a
856 600 1201 666 Prisciano
1243 604 1650 684 agnoscatur
1690 597 1905 662 solum
1947 621 2011 685 p.
2045 598 2162 662 561
2208 606 2275 663 et
2308 599 2374 663 in
2405 597 2607 664 tabula
2627 598 2793 665 Hera-

666 700 910 765 cleensi
954 700 1042 763 sit
1099 706 1168 761 et
1219 699 1290 761 in
1330 697 1737 784 cenotaphio
1781 695 2033 760 Pisano
2066 745 2083 773 ‚
2128 718 2338 783 neque
2378 719 2490 761 suo
2527 703 2795 783 tempore,

665 819 1066 885 quamquam
1096 796 1341 860 Accius
1372 793 1765 886 dissenserit
1797 843 1813 870 ‚
1856 794 2050 859 aliter
2080 815 2460 881 quemquam
2486 793 2675 860 dicere
2697 805 2796 860 tes-

666 905 848 963 tetur
868 895 1093 959 Varro
1138 893 1224 958 de
1265 894 1491 979 lingua
1518 893 1762 958 Latina
1783 915 1881 956 vu
1912 915 1977 979 p.
1997 892 2119 957 372
2148 940 2164 968 ,
2205 894 2263 957 si
2290 892 2422 957 eius
2447 893 2630 957 verba
2660 901 2798 957 recte
2932 881 2933 952 ἶ

666 993 1017 1060 emendavi
1041 994 1112 1056 in
1139 993 1320 1056 hunc
1347 990 1619 1055 modum
1651 1040 1665 1054 .
1720 991 2053 1056 Obscermm
2096 992 2316 1056 dietum
2352 1015 2392 1056 a
2425 1014 2622 1056 scena.
2659 1013 2691 1054 E
2712 1039 2725 1064 ‚
2754 1001 2803 1054 ut

672 1094 902 1161 Graeci
935 1103 1045 1157 aut
1067 1093 1296 1156 Accius
1331 1091 1541 1154 scribit
1572 1113 1862 1155 scamma
1891 1138 1905 1152 .
1951 1089 2047 1153 sic
2076 1088 2485 1154 Florentinus
2509 1089 2675 1163 liber,
2708 1088 2800 1151 nisi

666 1190 854 1278 quod
881 1191 1089 1255 habet
1115 1214 1190 1254 ea
1215 1200 1284 1253 ut
1297 1237 1315 1268 ,
1347 1196 1417 1252 et
1443 1188 1653 1253 scribit
1676 1211 1900 1253 scaena
1925 1236 1943 1268 ,
1984 1186 2192 1274 idque
2222 1196 2601 1264 correctum,
2623 1195 2688 1250 ut
2706 1185 2800 1249 La-

665 1290 1047 1378 gomarsino
1077 1288 1295 1352 visum
1334 1294 1441 1352 est
1467 1335 1484 1364 ‚
1515 1310 1733 1352 serena
1759 1336 1775 1350 .
1817 1284 1909 1351 ad
1940 1308 2139 1372 quem
2165 1287 2353 1352 Matii
2377 1308 2618 1351 versum
2634 1283 2800 1348 Varro

665 1389 835 1454 haec
875 1387 1147 1474 scripsit
1162 1433 1178 1461 ‚
1208 1385 1464 1452 obsceni
1489 1387 1789 1471 interpres
1799 1385 2158 1474 fimetique
2185 1387 2401 1450 ominis
2428 1383 2803 1470 (Florentium

667 1494 797 1554 οῖΐιε
821 1535 840 1567 ,
877 1484 949 1549 id
991 1491 1098 1549 est
1137 1483 1374 1568 omnes)
1418 1494 1661 1564 auctor,
1707 1503 1857 1547 eum
1896 1485 2102 1549 miror
2146 1505 2189 1546 a
2231 1482 2445 1548 doctis
2485 1482 2599 1546 alio
2630 1479 2802 1545 referri

669 1607 869 1672 quam
896 1582 987 1647 ad
1006 1581 1436 1646 Homericum
1460 1580 1671 1644 Mam·
1699 1579 1916 1645 «ambs
1931 1631 1947 1646 .
1969 1589 2216 1670 postea
2236 1580 2633 1647 Florentinus
2657 1579 2804 1658 Quare

665 1696 841 1769 stupe
881 1682 1021 1745 ideo
1063 1680 1413 1745 obser-roam
1439 1727 1458 1759 ,
1499 1679 1669 1766 quod
1701 1681 1824 1744 πίει·
1848 1681 1919 1744 in
1944 1703 2235 1746 scaenam
2248 1681 2463 1767 palam
2487 1680 2598 1744 dici
2617 1699 2714 1740 non
2733 1675 2802 1739 de-

666 1784 793 1847 det.
822 1778 896 1844 id
926 1786 1031 1844 est
1060 1778 1269 1858 Quare
1294 1788 1471 1863 harpe
1498 1778 1637 1843 ideo
1664 1778 2017 1859 obscenum,
2045 1779 2215 1866 qnod
2237 1779 2357 1843 nisi
2383 1778 2453 1843 ob
2475 1795 2804 1858 scammnpa·

665 1882 794 1946 lam
814 1879 938 1943 dici
955 1901 1080 1943 non
1099 1875 1270 1940 debet
1283 1901 1303 1939 .·
1322 1896 1478 1940 nam
1497 1877 1571 1942 ob
1589 1898 1876 1941 scaenam
1894 1874 2007 1941 hic
2036 1877 2238 1942 scribi
2266 1898 2378 1941 res
2407 1875 2621 1961 exigit,
2640 1891 2803 1958 quam·

667 1999 866 2066 quam
894 1976 1096 2061 vulgo
1128 1981 1320 2038 actor
1357 1975 1425 2037 in
1450 1997 1675 2039 scaena
1702 1976 2137 2060 pronuntiare
2169 1975 2459 2050 dicitur,
2498 1971 2609 2038 sed
2630 1972 2713 2059 qui
2729 1969 2807 2034 Ιιοι·

666 2078 830 2141 idem
868 2075 1144 2140 achacius
1180 2072 1308 2136 vult
1343 2073 1546 2140 dicere
1586 2071 2006 2156 (Varronis
1989 2073 2201 2159 ipsius
2236 2074 2443 2141 verba
2468 2070 2685 2138 suntin
2705 2085 2805 2131 cor·

665 2195 834 2264 pore
861 2171 1165 2238 Putschii
1191 2194 1255 2257 Ρ.
1274 2170 1522 2255 2264),
1564 2194 1689 2235 non
1730 2173 1797 2235 in
1834 2195 2060 2237 scaena
2096 2173 2207 2237 sed
2219 2196 2348 2258 pro
2372 2193 2582 2237 scaena
2606 2168 2753 2244 diae,
2782 2184 2809 2224 a

670 2295 805 2360 quo
847 2293 987 2337 non
1030 2269 1256 2335 differt
1281 2269 1354 2334 ob
1380 2293 1709 2335 scaenam.
1754 2268 1878 2335 sed
1905 2269 2333 2338 redeundum
2362 2277 2465 2335 est
2489 2266 2572 2334 ad
2594 2259 2810 2330 Lucretii

665 2391 983 2447 versum,
1028 2370 1144 2454 qui
1187 2389 1336 2432 cum
1373 2367 1854 2453 interpretibus
1881 2368 2046 2434 nihil
2071 2370 2334 2483 negotii
2359 2367 2619 2441 fecerit,
2652 2361 2768 2427 mihi
2786 2379 2811 2421 a
2932 2379 2933 2392 ¹

665 2469 921 2534 furioso
951 2466 1299 2554 profectus
1329 2464 1599 2531 videtur
1625 2514 1640 2542 ‚
1682 2466 1952 2532 Scaenai
1987 2469 2251 2554 specim
2279 2516 2299 2549 ‚
2328 2478 2573 2554 patrum
2592 2472 2811 2527 matum

667 2591 785 2655 que
822 2567 1124 2647 deorum5
1163 2585 1289 2629 nec
1327 2564 1637 2650 profecto
1679 2566 1936 2642 sanior,
1975 2567 2032 2630 si
2073 2588 2223 2631 cum
2256 2566 2443 2632 Italis
2483 2571 2548 2629 et
2569 2558 2814 2628 Marullo,
2932 2557 2933 2562 ’

668 2686 843 2750 quos
882 2683 1113 2727 omnes
1151 2671 1504 2739 secuntur,
1545 2663 2047 2751 hypermetrum
2084 2664 2413 2729 faciamus
2434 2711 2449 2740 ,
2484 2672 2699 2750 pau-um
2721 2677 2812 2719 ma·

665 2775 944 2849 trumque
971 2761 1377 2849 deormmque:
1415 2783 1568 2826 nam
1606 2762 1734 2827 etsi
1772 2761 2049 2827 deorum
2092 2764 2292 2848 signa
2329 2764 2402 2828 in
2441 2779 2662 2827 scaena
2683 2761 2816 2822 sunt.

667 2851 851 2954 nulla
890 2866 1113 2925 tamen
1149 2866 1310 2925 sunt
1331 2870 1592 2946 patrum
1625 2872 2011 2949 matrumque
2038 2909 2053 2926 .
2094 2863 2321 2950 turpis
2352 2869 2461 2926 est
2489 2861 2555 2925 in
2580 2855 2816 2923 hocloco

664 2961 1108 3047 interpretum
1134 2958 1376 3023 levitas
1395 3007 1410 3034 ,
1434 2959 1548 3043 qui
1578 2959 1859 3046 primum
1887 2981 2013 3046 per
2041 2982 2115 3025 se
2142 2982 2289 3025 non
2317 2959 2600 3025 viderint
2616 2957 2819 3020 decom

668 3056 1098 3124 scribendum
1137 3078 1286 3121 esse
1313 3055 1430 3121 ubi
1460 3063 1568 3121 est
1594 3057 1846 3123 deorum
1859 3107 1879 3140 ,
1908 3057 2152 3123 deinde
2179 3058 2563 3124 Lucretium
2586 3055 2727 3120 haec
2746 3067 2818 3112 ffl-

670 3156 822 3221 dem
851 3177 1068 3242 prope
1097 3177 1219 3240 per
1249 3155 1511 3241 singula
1539 3155 1750 3221 verba
1774 3158 2105 3243 repetisse
2138 3179 2285 3223 non
2313 3147 2822 3224 animadverterint

666 3254 803 3318 hoc
829 3254 979 3339 ipso
1010 3252 1181 3317 libro
1212 3252 1335 3317 982
1362 3302 1379 3330 ‚
1420 3265 1481 3318 et
1517 3277 1854 3320 cmm-§sum
1890 3279 2136 3321 cernere
2161 3259 2427 3323 etuzdem
2455 3245 2821 3339 scenaique&-
2932 3291 2933 3294 ¹

665 3353 802 3416 mul
831 3352 1036 3414 varios
1070 3352 1383 3436 splendere
1421 3352 1666 3417 decore-s·
1699 3400 1713 3415 .
1757 3354 1999 3438 quibus
2030 3354 2481 3422 consideratis
2508 3374 2632 3419 non
2655 3349 2825 3438 pote&t
2932 3349 2933 3356 '

668 3450 1027 3515 obscurum
1070 3470 1219 3514 esse
1255 3449 1368 3514 hic
1410 3450 1614 3516 scribi
1656 3449 1903 3518 debere
1932 3453 2205 3520 Scaenai
2227 3456 2492 3541 speciem
2526 3461 2825 3517 nuncu!

667 3569 1129 3624 vanumque
1170 3570 1565 3613 naconem.

833 3647 932 3712 81.
982 3645 1100 3711 Εἰ·
1148 3669 1467 3724 otuu-ro
1517 3670 1820 3713 cuicum
1864 3671 2084 3716 maon
2129 3672 2336 3716 sulm·
2386 3656 2828 3716 mensumn
2932 3693 2933 3712 ;

669 3768 1029 3812 'rami-rm
1058 3746 1426 3812 Momm.
1462 3746 1814 3832 Oblongus
1847 3755 1917 3813 et
1942 3747 2094 3813 Itali
2120 3750 2498 3829 inclara-stra,
2534 3741 2829 3832 quadratus

665 3847 947 3927 inclusa,
938 3870 952 3886 ·
993 3844 1176 3909 unde
1212 3852 1498 3931 apparet
1529 3845 1600 3910 in
1630 3846 2004 3933 archetypo
2032 3869 2175 3912 non
2200 3869 2443 3933 puram
2471 3854 2539 3912 et
2561 3841 2831 3910 inlibatam

667 3943 877 4007 fiiisse
908 3943 1344 4029 scripturam,
1386 3941 1512 4007 sed
1541 3944 1753 4029 prima
1779 3966 1981 4009 manu
2006 3945 2353 4024 vitiosam,
2382 3968 2539 4011 mox
2565 3965 2606 4008 a
2630 3953 2831 4007 correc-

669 4041 930 4106 toribus
971 4047 1406 4126 temptatam.
1450 4063 1720 4128 neque,
1759 4045 1816 4109 si
1842 4044 2149 4110 Accius'
2131 4068 2201 4111 ιιι
2234 4044 2681 4132 Alphesiboea
2714 4029 2836 4101 dim
2932 4073 2933 4086 ι

669 4141 779 4206 Sei
822 4139 988 4224 (Sed
1013 4140 1416 4227 exemplaria
1443 4140 1648 4208 Nonii
1682 4167 1746 4230 Ρ.
1763 4143 1864 4220 73,
1880 4142 2000 4228 27)
2046 4147 2471 4231 mayn-uitatem
2506 4142 2770 4208 immam
2799 4138 2837 4193 ἅ
2932 4183 2933 4186 =

665 4240 834 4304 saxis
860 4238 1251 4326 squalidam,
1295 4240 1579 4306 eodem
1563 4263 1707 4307 mre
1734 4244 1975 4307 moenia
2000 4244 2238 4309 inclusa
2266 4241 2405 4308 dici
2433 4245 2740 4328 possunt·
2770 4224 2839 4295 rei

669 4336 1363 4404 convenientissimum
1420 4348 1527 4405 est
1585 4363 2010 4406 ansusi-A:
2051 4363 2206 4407 nam
2258 4343 2553 4428 spatium
2599 4325 2839 4419 ungu-‘¹¹5⁵

665 4435 1016 4501 moenibus
1055 4435 1384 4504 inclusum
1427 4439 1744 4505 facilius
1727 4463 1796 4504 ιιι
1842 4463 1917 4506 se
1955 4443 2211 4528 corr-ipit
2249 4448 2317 4505 et
2358 4438 2615 4526 colligit
2648 4435 2842 4501 lucem
