3042 5192
1310 482 1377 548 V
2315 485 2454 554 203

188 680 343 724 nam
376 656 583 744 qnod
615 655 813 721 adest
839 662 1154 742 praesto,
1176 655 1303 719 nisi
1334 654 1498 740 quid
1527 656 1960 741 cognovimus
1989 668 2144 723 ante

190 774 477 839 suavius
497 822 515 848 ‚
543 774 617 836 in
645 771 874 859 primis
901 772 1129 858 placet
1158 778 1228 834 et
1255 769 1510 856 pollere
1537 769 1809 835 videtur
1827 821 1843 848 ‚

190 890 691 975 posteriorque
720 887 861 951 fere
888 886 1123 950 melior
1152 906 1262 949 res
1289 885 1405 949 illa
1431 894 1704 971 reperta

29 1023 133 1067 1115
186 1003 427 1092 perdit
459 1011 535 1067 et
562 1004 868 1066 immutat
896 1022 1137 1065 sensus
1167 998 1256 1063 ad
1284 1001 1568 1087 pristina
1599 1023 1939 1089 quaeque.

193 1120 287 1182 sic
316 1117 573 1182 odium
604 1117 828 1202 coepit
854 1115 1117 1202 glandis
1137 1163 1152 1190 ‚
1183 1116 1278 1180 sic
1306 1116 1419 1179 illa
1446 1116 1683 1181 relicta

194 1242 425 1297 strata
458 1232 710 1296 cubilia
736 1239 893 1295 sunt
918 1230 1149 1295 herbis
1179 1237 1248 1294 et
1272 1229 1631 1295 frondibus
1661 1240 1860 1297 aucta
1878 1284 1891 1296 .

191 1349 399 1434 pellis
429 1348 602 1412 item
633 1344 875 1411 cecidit
900 1345 1110 1410 vestis
1141 1352 1529 1431 contempta
1555 1344 1842 1425 ferinae3

197 1485 409 1548 quam
439 1483 606 1525 reor
633 1459 883 1525 invidia
911 1460 1026 1525 tali
1053 1468 1215 1525 tunc
1245 1481 1397 1524 esse
1426 1468 1763 1546 repertam
1781 1510 1797 1538 ,

29 1593 139 1640 14:20
198 1586 275 1641 ut
302 1577 534 1641 letum
562 1575 823 1640 insidiis
855 1576 967 1661 qui
995 1576 1210 1661 gessit
1236 1575 1493 1661 primus
1521 1576 1742 1641 obiret
1759 1625 1775 1652 ‚
1905 1645 1911 1653 ⁶

199 1701 267 1756 et
295 1699 542 1756 tamen
571 1692 744 1755 inter
773 1712 889 1755 eos
919 1688 1310 1754 distractam
1339 1691 1662 1776 sanguine
1689 1692 1899 1757 multo

200 1804 613 1894 disperiisse
641 1826 860 1891 neque
884 1807 956 1870 in
981 1804 1273 1869 fructum
1301 1813 1699 1871 convertere
1731 1809 1957 1893 quisse
1977 1860 1990 1873 .

202 1929 373 1985 tunc
404 1921 614 2007 igitur
640 1920 850 2006 pelles
867 1969 883 1996 ‚
910 1942 1089 1984 nunc
1117 1941 1350 1985 aurum
1379 1928 1449 1985 et
1473 1943 1780 2009 purpura
1807 1925 1984 1988 curis

202 2043 542 2101 exercent
569 2035 905 2100 hominum
932 2036 1138 2099 vitam
1163 2035 1479 2121 belloque
1506 2034 1826 2122 fatigant3

34 2168 143 2213 1425
207 2173 347 2236 quo
382 2151 603 2236 magis
630 2151 699 2214 in
726 2151 921 2215 nobis
939 2198 955 2227 ‚
976 2158 1054 2214 ut
1083 2151 1322 2238 opinor
1340 2200 1355 2227 ‚
1378 2151 1578 2239 culpa
1602 2152 1890 2217 resedit.

200 2264 422 2352 frigus
455 2266 635 2328 enim
660 2265 883 2330 nudos
912 2265 1057 2329 sine
1083 2265 1371 2352 pellibus
1401 2266 1830 2332 excruciabat

202 2381 630 2466 terrigenas:
653 2391 724 2444 at
751 2401 879 2444 nos
904 2380 1000 2444 nil
1026 2380 1234 2445 laedit
1261 2387 1453 2444 veste
1483 2401 1713 2446 carere

202 2516 564 2582 purpurea
590 2502 794 2580 atque
823 2516 986 2559 auro
1018 2496 1357 2582 signisque
1384 2496 1765 2581 ingentibus
1795 2507 1988 2585 apta,

203 2609 371 2674 dum
402 2610 672 2697 plebeia
698 2618 922 2674 tamen
951 2611 1070 2687 sit,
1095 2632 1267 2695 quae
1298 2609 1662 2675 defendere
1690 2613 1912 2697 possit
1929 2663 1942 2676 .

34 2742 145 2788 1430
209 2747 381 2812 ergo
412 2725 759 2789 hominum
785 2746 997 2812 genus
1025 2727 1095 2790 in
1124 2747 1390 2790 cassum
1416 2725 1804 2813 frustraque
1834 2729 2096 2795 laborat

204 2861 486 2928 semper
517 2851 585 2904 et
615 2841 681 2904 in
710 2841 887 2904 curis
917 2841 1247 2904 consumit
1274 2841 1583 2906 inanibus
1612 2863 1847 2906 aevom
1865 2892 1882 2916 ‚

204 2957 275 3019 ni
304 2956 553 3018 mirum
571 3004 587 3030 ‚
612 2957 769 3041 quia
794 2978 930 3020 non
960 2955 1279 3041 cognovit
1309 2977 1482 3041 quae
1513 2957 1602 3020 sit
1628 2956 1923 3020 habendi

204 3071 362 3134 finis
398 3077 470 3134 et
499 3071 766 3136 omnino
800 3092 933 3157 quo
964 3069 1055 3134 ad
1084 3077 1347 3135 crescat
1372 3093 1534 3135 vera
1560 3071 1912 3158 voluptas:

204 3185 425 3271 idque
454 3186 824 3251 minutatim
853 3187 1056 3251 vitam
1082 3186 1396 3273 provexit
1422 3186 1494 3249 in
1522 3186 1729 3250 altum

38 3316 146 3362 1135
211 3311 281 3365 et
310 3300 477 3364 belli
504 3321 786 3386 magnos
816 3301 1173 3365 commovit
1199 3300 1503 3365 funditus
1535 3308 1761 3365 aestus
1780 3304 1840 3386 .]

294 3415 399 3479 At
428 3416 662 3501 vigiles
690 3416 920 3480 mundi
946 3437 1256 3502 magnum
1282 3416 1593 3480 versatili'
1623 3418 1941 3503 templum

210 3530 322 3594 sol
355 3537 429 3592 et
454 3530 616 3595 luna
642 3554 766 3596 suo
797 3532 1160 3596 lustrantes
1189 3531 1432 3595 lumine
1463 3532 1707 3596 circum

209 3643 642 3732 perdocuere
670 3646 972 3710 homines
1001 3668 1327 3711 annorum
1357 3654 1666 3733 tempora
1694 3649 1864 3712 verti

210 3771 285 3824 et
315 3768 511 3824 certa
538 3760 798 3824 ratione
827 3762 968 3848 geri
995 3784 1136 3826 rem
1166 3771 1371 3849 atque
1401 3762 1637 3827 ordine
1666 3771 1855 3827 certo
1876 3813 1889 3826 .

40 3889 151 3936 1120
301 3875 449 3938 Iam
478 3875 720 3940 validis
750 3878 967 3964 saepti
996 3877 1335 3964 degebant
1362 3879 1660 3943 turribus
1690 3900 1925 3942 aevom
1944 3928 1959 3950 ‚

215 3999 285 4054 et
319 3989 539 4054 divisa
569 3991 918 4056 colebatur
947 3991 1372 4080 discretaque
1401 3993 1597 4058 tellus
1616 4042 1632 4068 ‚

228 4273 366 4322 1416
390 4266 563 4338 sigilla
589 4268 610 4338 ΙΙ
641 4274 769 4320 1418
793 4268 987 4322 ferina.
1026 4269 1046 4339 h
1094 4277 1219 4323 1419
1244 4289 1383 4325 nunc
1409 4271 1431 4342 ΙΙ
1465 4278 1589 4324 1425
1617 4274 1702 4326 ina
1738 4273 1758 4342 ΙΙ
1801 4279 1930 4326 1429
1954 4273 2164 4344 plebcla
2190 4271 2209 4340 ΙΙ
2256 4280 2375 4326 1431
2409 4277 2460 4326 iu

221 4359 499 4406 omissum.
536 4349 556 4419 ΙΙ
602 4357 730 4405 1436
756 4353 1006 4407 versatile
1044 4353 1063 4424 ΙΙ
1108 4362 1235 4407 1440
1262 4354 1485 4426 degebat
1515 4355 1535 4424 ΙΙ
1570 4363 1689 4409 1441
1722 4356 2084 4426 discerctaque
