3042 5192
1327 468 1360 537 I

222 652 361 706 tuto
389 663 505 707 res
535 650 814 707 teneras
845 640 1035 707 effert
1060 642 1131 705 in
1157 641 1419 706 luminis
1448 661 1605 706 oras
1622 641 1655 704 Ρ
1737 670 1740 673 ·

102 774 174 819 1⁸0
225 755 402 842 quod
434 757 493 821 si
523 756 616 820 de
644 756 781 821 nilo
810 754 1049 823 fierent
1064 805 1081 832 ‚
1104 756 1325 821 subito
1357 765 1798 821 exorerentur

220 872 472 936 incerto
503 872 733 958 spatio
763 878 969 957 atque
998 870 1227 936 alienis
1256 872 1563 957 partibus
1593 873 1782 949 anni3

222 987 465 1073 quippe
494 987 617 1051 ubi
643 986 828 1051 nulla
854 986 1080 1052 forent
1106 986 1474 1074 primordia
1492 1035 1507 1063 ‚
1534 1008 1706 1072 quae
1736 988 2006 1074 genitali

225 1102 500 1166 concilio
532 1109 823 1188 possent
851 1103 1066 1167 arceri
1091 1110 1396 1187 tempore
1426 1102 1657 1187 iniquo
1677 1152 1691 1165 .

222 1238 339 1280 nec
366 1238 584 1303 porro
614 1216 940 1304 augendis
967 1218 1172 1283 rebus
1201 1217 1423 1303 spatio
1451 1215 1633 1282 foret
1660 1239 1822 1282 usus
1840 1266 1856 1291 ‚

99 1349 175 1393 1⁸5
226 1332 487 1424 seminis
517 1330 611 1396 ad
640 1332 889 1396 coitum
907 1380 923 1407 ‚
945 1333 1002 1397 si
1036 1354 1073 1397 e
1099 1333 1235 1397 nilo
1268 1352 1571 1396 crescere
1598 1340 1912 1417 possent:

226 1467 371 1509 nam
395 1446 645 1510 fierent
672 1448 947 1512 iuvenes
977 1447 1199 1512 subito
1233 1468 1319 1511 ex
1345 1445 1691 1512 infantibu’
1719 1447 1945 1532 parvis
1964 1497 1977 1523 ‚

227 1548 610 1648 e'terraque
640 1569 879 1626 exorta
905 1570 1184 1649 repente
1214 1563 1491 1627 arbusta
1519 1562 1797 1626 salirent
1813 1611 1826 1626 .

230 1698 512 1762 quorum
538 1677 634 1741 nil
659 1676 802 1742 fieri
828 1675 1251 1741 manifestum
1281 1685 1387 1741 est
1402 1725 1419 1754 ‚
1442 1677 1662 1741 omnia
1691 1676 1962 1761 quando

230 1792 546 1878 paulatim
575 1799 889 1857 crescunt
906 1840 921 1868 ,
941 1799 1021 1856 ut
1047 1812 1173 1878 par
1209 1799 1314 1857 est
1343 1791 1590 1856 semine
1620 1799 1806 1858 certo

102 1922 182 1970 190
234 1928 533 1972 crescere
551 1956 568 1985 ,
588 1929 836 1993 resque
865 1928 1078 1994 genus
1109 1914 1419 1984 servant3
1441 1913 1520 1971 ut
1546 1927 1829 1972 noscere
1860 1909 2081 1993 possis

231 2023 514 2109 quicque
546 2043 671 2086 sua
700 2021 786 2086 de
814 2024 1092 2089 materia
1118 2020 1571 2109 grandescere
1599 2022 1820 2108 alique
1839 2072 1852 2086 .

230 2136 355 2201 huc
383 2136 653 2202 accedit
678 2138 779 2202 uti
808 2139 950 2202 sine
981 2138 1183 2203 certis
1210 2137 1533 2202 imbribus
1563 2139 1721 2202 anni

229 2252 549 2318 laetificos
578 2260 873 2339 nequeat
900 2252 1079 2318 fetus
1109 2253 1499 2318 submittere
1530 2251 1728 2317 tellus
1745 2302 1761 2328 ‚

229 2389 351 2432 nec
378 2390 591 2455 porro
621 2376 884 2432 secreta
912 2368 1062 2433 cibo
1091 2376 1335 2434 natura
1361 2367 1770 2433 animantum

101 2497 179 2544 195
233 2504 609 2570 propagare
639 2504 851 2570 genus
878 2484 1099 2569 possit
1124 2483 1469 2569 vitamque
1496 2483 1705 2561 tueri3

229 2606 302 2662 ut
327 2600 557 2685 potius
586 2599 813 2663 multis
843 2599 1214 2663 communia
1243 2619 1534 2684 corpora
1563 2598 1765 2662 rebus

232 2714 431 2778 multa
455 2722 661 2801 putes
690 2734 839 2778 esse
857 2762 873 2789 ‚
894 2721 973 2779 ut
999 2714 1221 2779 verbis
1251 2714 1576 2779 elementa
1604 2711 1905 2778 videmus
1923 2763 1938 2790 ‚

237 2850 431 2914 quam
459 2829 603 2893 sine
630 2829 973 2916 principiis
1001 2829 1201 2893 ullam
1231 2850 1371 2894 rem
1402 2828 1689 2893 existere
1717 2851 1923 2916 posse
1945 2879 1958 2893 .

233 2941 523 3029 denique
551 2966 671 3009 cur
697 2945 1000 3009 homines
1028 2951 1258 3010 tantos
1286 2951 1529 3008 natura
1555 2964 1795 3029 parare

94 3074 178 3121 200
232 3079 374 3123 non
398 3060 619 3145 potuit
635 3110 651 3136 ‚
672 3058 960 3147 pedibus
990 3061 1105 3146 qui
1132 3068 1415 3146 pontum
1441 3080 1566 3144 per
1589 3056 1770 3122 vada
1796 3067 2078 3142 possent

234 3174 515 3239 transire
547 3182 617 3240 et
641 3196 922 3261 magnos
949 3175 1255 3241 manibus
1286 3173 1602 3238 divellere
1628 3173 1877 3236 montis

229 3289 569 3376 multaque
594 3288 884 3356 vivendo
912 3291 1142 3356 vitalia
1166 3291 1437 3355 vincere
1466 3289 1689 3354 saecla
1705 3337 1721 3362 ‚

236 3405 291 3467 si
318 3427 456 3470 non
476 3454 491 3480 ‚
512 3406 827 3470 materies
859 3406 1015 3491 quia
1041 3406 1246 3469 rebus
1276 3403 1544 3470 reddita
1572 3411 1827 3469 certast

235 3520 594 3606 gignundis
612 3569 629 3598 ‚
652 3542 689 3583 e
720 3543 854 3607 qua
882 3528 1151 3585 constat
1182 3518 1344 3605 quid
1372 3520 1594 3606 possit
1621 3519 1828 3584 oriri?

93 3648 181 3695 205
232 3634 327 3698 nil
348 3635 555 3721 igitur
581 3636 725 3700 fieri
753 3635 839 3700 de
864 3636 1001 3701 nilo
1029 3656 1235 3722 posse
1262 3633 1677 3700 fatendumst
1693 3683 1709 3709 ‚

236 3752 483 3815 semine
515 3749 788 3837 quando
820 3773 993 3838 opus
1024 3756 1130 3815 est
1157 3751 1358 3815 rebus
1375 3798 1391 3826 ‚
1417 3771 1553 3836 quo
1585 3770 1896 3835 quaeque
1927 3763 2190 3815 creatae

236 3866 404 3930 aeris
432 3866 502 3929 in
532 3872 801 3930 teneras
828 3866 1095 3953 possint
1124 3865 1486 3952 proferrier
1514 3885 1714 3929 auras
1733 3914 1747 3927 .

238 3989 581 4065 postremo
612 3982 927 4067 quoniam
953 3980 1223 4045 incultis
1251 3987 1603 4066 praestare
1630 3978 1934 4043 videmus

234 4096 409 4160 culta
436 4095 589 4160 loca
619 4102 689 4160 et
714 4097 1019 4163 manibus
1044 4097 1335 4161 melioris
1364 4093 1652 4160 reddere
1679 4093 1859 4159 fetus
1876 4142 1891 4170 ‚

94 4223 184 4270 210
238 4230 383 4274 esse
414 4209 729 4277 videlicet
755 4213 824 4277 in
856 4212 1057 4278 terris
1085 4210 1451 4299 primordia
1484 4232 1706 4276 rerum
1727 4260 1743 4285 ‚

246 4450 338 4499 190
375 4446 799 4518 crescentesque
835 4449 858 4517 ΙΙ
894 4455 993 4503 207
1031 4456 1255 4520 possent
