<?xml version="1.0" encoding="UTF-8"?>
<!DOCTYPE html PUBLIC "-//W3C//DTD XHTML 1.0 Transitional//EN"
    "http://www.w3.org/TR/xhtml1/DTD/xhtml1-transitional.dtd">
<html xmlns="http://www.w3.org/1999/xhtml" xml:lang="en" lang="en">
 <head>
  <title>
</title>
<meta http-equiv="Content-Type" content="text/html;charset=utf-8" />
  <meta name='ocr-system' content='tesseract 3.04.00' />
  <meta name='ocr-capabilities' content='ocr_page ocr_carea ocr_par ocr_line ocrx_word'/>
</head>
<body>
  <div class='ocr_page' id='page_1' title='image "./tlucreticarider04unkngoog_0196.png"; bbox 0 0 3042 5192; ppageno 0'>
   <div class='ocr_carea' id='block_1_1' title="bbox 588 425 1740 493">
    <p class='ocr_par' dir='ltr' id='par_1_1' title="bbox 588 425 1740 493">
     <span class='ocr_line' id='line_1_1' title="bbox 588 425 1740 493; baseline -0.001 0"><span class='ocrx_word' id='word_1_1' title='bbox 588 425 725 493; x_wconf 81' lang='lat'><strong>184</strong></span> <span class='ocrx_word' id='word_1_2' title='bbox 1670 425 1740 492; x_wconf 86' lang='lat' dir='ltr'>V</span> 
     </span>
    </p>
   </div>
   <div class='ocr_carea' id='block_1_2' title="bbox 425 597 2751 4025">
    <p class='ocr_par' dir='ltr' id='par_1_2' title="bbox 425 597 2751 4025">
     <span class='ocr_line' id='line_1_2' title="bbox 579 597 2117 684; baseline 0.001 -21"><span class='ocrx_word' id='word_1_3' title='bbox 579 598 839 664; x_wconf 88' lang='lat' dir='ltr'><strong>destitit</strong></span> <span class='ocrx_word' id='word_1_4' title='bbox 855 647 871 676; x_wconf 88' lang='lat'><strong>,</strong></span> <span class='ocrx_word' id='word_1_5' title='bbox 893 606 970 663; x_wconf 91' lang='lat' dir='ltr'><strong>ut</strong></span> <span class='ocrx_word' id='word_1_6' title='bbox 995 598 1229 662; x_wconf 91' lang='lat' dir='ltr'><strong>mulier</strong></span> <span class='ocrx_word' id='word_1_7' title='bbox 1260 599 1480 684; x_wconf 87' lang='lat' dir='ltr'><strong>spatio</strong></span> <span class='ocrx_word' id='word_1_8' title='bbox 1513 597 1786 662; x_wconf 86' lang='lat' dir='ltr'><strong>defessa</strong></span> <span class='ocrx_word' id='word_1_9' title='bbox 1812 606 2083 664; x_wconf 87' lang='lat' dir='ltr'><strong>vetusto</strong></span> <span class='ocrx_word' id='word_1_10' title='bbox 2104 648 2117 663; x_wconf 93' lang='lat'><strong>.</strong></span> 
     </span>
     <span class='ocr_line' id='line_1_3' title="bbox 578 709 2079 790; baseline 0.001 -12"><span class='ocrx_word' id='word_1_11' title='bbox 578 721 794 778; x_wconf 88' lang='lat' dir='ltr'><strong>mutat</strong></span> <span class='ocrx_word' id='word_1_12' title='bbox 822 714 994 777; x_wconf 90' lang='lat' dir='ltr'><strong>enim</strong></span> <span class='ocrx_word' id='word_1_13' title='bbox 1022 709 1253 776; x_wconf 87' lang='lat' dir='ltr'><strong>mundi</strong></span> <span class='ocrx_word' id='word_1_14' title='bbox 1280 721 1586 777; x_wconf 86' lang='lat' dir='ltr'><strong>naturam</strong></span> <span class='ocrx_word' id='word_1_15' title='bbox 1615 714 1826 779; x_wconf 90' lang='lat' dir='ltr'><strong>totius</strong></span> <span class='ocrx_word' id='word_1_16' title='bbox 1855 721 2042 779; x_wconf 83' lang='lat' dir='ltr'><strong>aetas</strong></span> <span class='ocrx_word' id='word_1_17' title='bbox 2062 763 2079 790; x_wconf 91' lang='lat'>‚</span> 
     </span>
     <span class='ocr_line' id='line_1_4' title="bbox 581 827 2262 915; baseline 0.002 -23"><span class='ocrx_word' id='word_1_18' title='bbox 581 851 663 893; x_wconf 84' lang='lat' dir='ltr'><strong>ex</strong></span> <span class='ocrx_word' id='word_1_19' title='bbox 693 829 954 915; x_wconf 85' lang='lat' dir='ltr'><strong>alioque</strong></span> <span class='ocrx_word' id='word_1_20' title='bbox 986 828 1152 892; x_wconf 87' lang='lat' dir='ltr'><strong>alius</strong></span> <span class='ocrx_word' id='word_1_21' title='bbox 1184 836 1405 893; x_wconf 88' lang='lat' dir='ltr'><strong>status</strong></span> <span class='ocrx_word' id='word_1_22' title='bbox 1436 829 1745 915; x_wconf 80' lang='lat' dir='ltr'><strong>excipere</strong></span> <span class='ocrx_word' id='word_1_23' title='bbox 1776 831 1995 893; x_wconf 90' lang='lat' dir='ltr'><strong>omnia</strong></span> <span class='ocrx_word' id='word_1_24' title='bbox 2024 827 2262 904; x_wconf 86' lang='lat' dir='ltr'><strong>debet,</strong></span> 
     </span>
     <span class='ocr_line' id='line_1_5' title="bbox 426 942 2272 1031; baseline 0.003 -26"><span class='ocrx_word' id='word_1_25' title='bbox 426 959 525 1006; x_wconf 72' lang='lat'><strong>830</strong></span> <span class='ocrx_word' id='word_1_26' title='bbox 578 965 704 1007; x_wconf 90' lang='lat' dir='ltr'><strong>nec</strong></span> <span class='ocrx_word' id='word_1_27' title='bbox 731 952 957 1008; x_wconf 87' lang='lat' dir='ltr'><strong>manet</strong></span> <span class='ocrx_word' id='word_1_28' title='bbox 985 944 1120 1008; x_wconf 86' lang='lat' dir='ltr'><strong>ulla</strong></span> <span class='ocrx_word' id='word_1_29' title='bbox 1148 944 1249 1007; x_wconf 92' lang='lat' dir='ltr'><strong>sui</strong></span> <span class='ocrx_word' id='word_1_30' title='bbox 1279 942 1504 1008; x_wconf 88' lang='lat' dir='ltr'><strong>similis</strong></span> <span class='ocrx_word' id='word_1_31' title='bbox 1535 964 1678 1007; x_wconf 87' lang='lat' dir='ltr'><strong>res:</strong></span> <span class='ocrx_word' id='word_1_32' title='bbox 1703 942 1924 1007; x_wconf 88' lang='lat' dir='ltr'><strong>omnia</strong></span> <span class='ocrx_word' id='word_1_33' title='bbox 1949 944 2272 1031; x_wconf 89' lang='lat' dir='ltr'><strong>migrant,</strong></span> 
     </span>
     <span class='ocr_line' id='line_1_6' title="bbox 581 1059 2102 1145; baseline 0 -22"><span class='ocrx_word' id='word_1_34' title='bbox 581 1059 800 1123; x_wconf 87' lang='lat' dir='ltr'><strong>omnia</strong></span> <span class='ocrx_word' id='word_1_35' title='bbox 829 1066 1195 1123; x_wconf 86' lang='lat' dir='ltr'><strong>commutat</strong></span> <span class='ocrx_word' id='word_1_36' title='bbox 1221 1067 1464 1123; x_wconf 86' lang='lat' dir='ltr'><strong>natura</strong></span> <span class='ocrx_word' id='word_1_37' title='bbox 1494 1067 1565 1123; x_wconf 86' lang='lat' dir='ltr'><strong>et</strong></span> <span class='ocrx_word' id='word_1_38' title='bbox 1591 1067 1858 1125; x_wconf 89' lang='lat' dir='ltr'><strong>vertere</strong></span> <span class='ocrx_word' id='word_1_39' title='bbox 1889 1060 2102 1145; x_wconf 86' lang='lat' dir='ltr'><strong>cogit.</strong></span> 
     </span>
     <span class='ocr_line' id='line_1_7' title="bbox 577 1173 2300 1261; baseline 0 -23"><span class='ocrx_word' id='word_1_40' title='bbox 577 1196 864 1260; x_wconf 84' lang='lat' dir='ltr'><strong>namque</strong></span> <span class='ocrx_word' id='word_1_41' title='bbox 894 1174 1059 1238; x_wconf 87' lang='lat' dir='ltr'><strong>aliut</strong></span> <span class='ocrx_word' id='word_1_42' title='bbox 1083 1174 1417 1260; x_wconf 78' lang='lat' dir='ltr'><strong>putrescit</strong></span> <span class='ocrx_word' id='word_1_43' title='bbox 1447 1183 1516 1238; x_wconf 92' lang='lat' dir='ltr'><strong>et</strong></span> <span class='ocrx_word' id='word_1_44' title='bbox 1544 1196 1713 1239; x_wconf 86' lang='lat' dir='ltr'><strong>aevo</strong></span> <span class='ocrx_word' id='word_1_45' title='bbox 1747 1173 1966 1239; x_wconf 91' lang='lat' dir='ltr'><strong>debile</strong></span> <span class='ocrx_word' id='word_1_46' title='bbox 1993 1174 2269 1261; x_wconf 85' lang='lat' dir='ltr'><strong>languet</strong></span> <span class='ocrx_word' id='word_1_47' title='bbox 2285 1224 2300 1250; x_wconf 79' lang='lat'><strong><em>,</em></strong></span> 
     </span>
     <span class='ocr_line' id='line_1_8' title="bbox 578 1289 2218 1377; baseline 0.001 -25"><span class='ocrx_word' id='word_1_48' title='bbox 578 1311 787 1375; x_wconf 92' lang='lat' dir='ltr'><strong>porro</strong></span> <span class='ocrx_word' id='word_1_49' title='bbox 819 1289 983 1354; x_wconf 87' lang='lat' dir='ltr'><strong>aliut</strong></span> <span class='ocrx_word' id='word_1_50' title='bbox 1011 1289 1323 1355; x_wconf 81' lang='lat' dir='ltr'><strong>clarescit</strong></span> <span class='ocrx_word' id='word_1_51' title='bbox 1352 1297 1422 1354; x_wconf 91' lang='lat' dir='ltr'><strong>et</strong></span> <span class='ocrx_word' id='word_1_52' title='bbox 1451 1311 1487 1353; x_wconf 91' lang='lat' dir='ltr'><strong>e</strong></span> <span class='ocrx_word' id='word_1_53' title='bbox 1518 1290 2015 1377; x_wconf 85' lang='lat' dir='ltr'><strong>contemptibus</strong></span> <span class='ocrx_word' id='word_1_54' title='bbox 2047 1290 2186 1354; x_wconf 82' lang='lat' dir='ltr'><strong>exit</strong></span> <span class='ocrx_word' id='word_1_55' title='bbox 2204 1339 2218 1353; x_wconf 89' lang='lat'><strong>.</strong></span> 
     </span>
     <span class='ocr_line' id='line_1_9' title="bbox 585 1403 1963 1490; baseline 0.003 -24"><span class='ocrx_word' id='word_1_56' title='bbox 585 1404 681 1466; x_wconf 90' lang='lat' dir='ltr'><strong>sic</strong></span> <span class='ocrx_word' id='word_1_57' title='bbox 710 1404 913 1490; x_wconf 88' lang='lat' dir='ltr'><strong>igitur</strong></span> <span class='ocrx_word' id='word_1_58' title='bbox 940 1403 1173 1469; x_wconf 83' lang='lat' dir='ltr'><strong>mundi</strong></span> <span class='ocrx_word' id='word_1_59' title='bbox 1199 1413 1505 1470; x_wconf 88' lang='lat' dir='ltr'><strong>naturam</strong></span> <span class='ocrx_word' id='word_1_60' title='bbox 1535 1405 1746 1470; x_wconf 89' lang='lat' dir='ltr'><strong>totius</strong></span> <span class='ocrx_word' id='word_1_61' title='bbox 1776 1412 1963 1470; x_wconf 83' lang='lat' dir='ltr'><strong>aetas</strong></span> 
     </span>
     <span class='ocr_line' id='line_1_10' title="bbox 430 1519 2242 1608; baseline 0.002 -30"><span class='ocrx_word' id='word_1_62' title='bbox 430 1533 528 1578; x_wconf 81' lang='lat'><strong>835</strong></span> <span class='ocrx_word' id='word_1_63' title='bbox 584 1526 800 1582; x_wconf 86' lang='lat' dir='ltr'><strong>mutat</strong></span> <span class='ocrx_word' id='word_1_64' title='bbox 818 1569 833 1596; x_wconf 90' lang='lat'>,</span> <span class='ocrx_word' id='word_1_65' title='bbox 859 1527 928 1583; x_wconf 90' lang='lat' dir='ltr'><strong>et</strong></span> <span class='ocrx_word' id='word_1_66' title='bbox 957 1541 1042 1583; x_wconf 85' lang='lat' dir='ltr'><strong>ex</strong></span> <span class='ocrx_word' id='word_1_67' title='bbox 1071 1519 1200 1583; x_wconf 88' lang='lat' dir='ltr'><strong>alio</strong></span> <span class='ocrx_word' id='word_1_68' title='bbox 1234 1528 1479 1585; x_wconf 87' lang='lat' dir='ltr'><strong>terram</strong></span> <span class='ocrx_word' id='word_1_69' title='bbox 1508 1528 1731 1585; x_wconf 84' lang='lat' dir='ltr'><strong>status</strong></span> <span class='ocrx_word' id='word_1_70' title='bbox 1761 1520 2010 1608; x_wconf 83' lang='lat' dir='ltr'><strong>excipit</strong></span> <span class='ocrx_word' id='word_1_71' title='bbox 2038 1519 2209 1583; x_wconf 81' lang='lat' dir='ltr'><strong>alter</strong></span> <span class='ocrx_word' id='word_1_72' title='bbox 2226 1568 2242 1594; x_wconf 91' lang='lat'>‚</span> 
     </span>
     <span class='ocr_line' id='line_1_11' title="bbox 587 1633 2466 1722; baseline 0.002 -27"><span class='ocrx_word' id='word_1_73' title='bbox 587 1633 774 1718; x_wconf 90' lang='lat' dir='ltr'><strong>quod</strong></span> <span class='ocrx_word' id='word_1_74' title='bbox 801 1642 964 1720; x_wconf 89' lang='lat' dir='ltr'><strong>pote</strong></span> <span class='ocrx_word' id='word_1_75' title='bbox 994 1636 1091 1700; x_wconf 90' lang='lat' dir='ltr'><strong>uti</strong></span> <span class='ocrx_word' id='word_1_76' title='bbox 1119 1644 1445 1720; x_wconf 83' lang='lat' dir='ltr'><strong>nequeat,</strong></span> <span class='ocrx_word' id='word_1_77' title='bbox 1466 1635 1686 1722; x_wconf 81' lang='lat' dir='ltr'><strong>possit</strong></span> <span class='ocrx_word' id='word_1_78' title='bbox 1715 1635 1902 1722; x_wconf 92' lang='lat' dir='ltr'><strong>quod</strong></span> <span class='ocrx_word' id='word_1_79' title='bbox 1929 1657 2066 1699; x_wconf 92' lang='lat' dir='ltr'><strong>non</strong></span> <span class='ocrx_word' id='word_1_80' title='bbox 2095 1634 2249 1699; x_wconf 86' lang='lat' dir='ltr'><strong>tulit</strong></span> <span class='ocrx_word' id='word_1_81' title='bbox 2274 1642 2433 1699; x_wconf 83' lang='lat' dir='ltr'><strong>ante</strong></span> <span class='ocrx_word' id='word_1_82' title='bbox 2453 1686 2466 1699; x_wconf 90' lang='lat'><strong>.</strong></span> 
     </span>
     <span class='ocr_line' id='line_1_12' title="bbox 663 1748 2248 1838; baseline 0.001 -26"><span class='ocrx_word' id='word_1_83' title='bbox 663 1748 1014 1835; x_wconf 87' lang='lat' dir='ltr'><strong>Multaque</strong></span> <span class='ocrx_word' id='word_1_84' title='bbox 1044 1757 1185 1814; x_wconf 90' lang='lat' dir='ltr'><strong>tum</strong></span> <span class='ocrx_word' id='word_1_85' title='bbox 1212 1751 1412 1815; x_wconf 90' lang='lat' dir='ltr'><strong>tellus</strong></span> <span class='ocrx_word' id='word_1_86' title='bbox 1444 1751 1642 1815; x_wconf 85' lang='lat' dir='ltr'><strong>etiam</strong></span> <span class='ocrx_word' id='word_1_87' title='bbox 1669 1758 1992 1838; x_wconf 87' lang='lat' dir='ltr'><strong>portenta</strong></span> <span class='ocrx_word' id='word_1_88' title='bbox 2020 1770 2248 1815; x_wconf 85' lang='lat' dir='ltr'><strong>creare</strong></span> 
     </span>
     <span class='ocr_line' id='line_1_13' title="bbox 583 1865 2063 1952; baseline 0.003 -25"><span class='ocrx_word' id='word_1_89' title='bbox 583 1872 893 1929; x_wconf 83' lang='lat' dir='ltr'><strong>conatast</strong></span> <span class='ocrx_word' id='word_1_90' title='bbox 918 1865 1084 1929; x_wconf 84' lang='lat' dir='ltr'><strong>mira</strong></span> <span class='ocrx_word' id='word_1_91' title='bbox 1110 1865 1284 1930; x_wconf 86' lang='lat' dir='ltr'><strong>faeie</strong></span> <span class='ocrx_word' id='word_1_92' title='bbox 1313 1866 1759 1952; x_wconf 88' lang='lat' dir='ltr'><strong>membrisque</strong></span> <span class='ocrx_word' id='word_1_93' title='bbox 1791 1874 2030 1931; x_wconf 86' lang='lat' dir='ltr'><strong>coorta</strong></span> <span class='ocrx_word' id='word_1_94' title='bbox 2046 1914 2063 1941; x_wconf 90' lang='lat'><strong>‚</strong></span> 
     </span>
     <span class='ocr_line' id='line_1_14' title="bbox 580 1978 2751 2068; baseline 0.002 -25"><span class='ocrx_word' id='word_1_95' title='bbox 580 1978 1080 2068; x_wconf 84' lang='lat' dir='ltr'><strong>androgynum,</strong></span> <span class='ocrx_word' id='word_1_96' title='bbox 1102 1982 1568 2066; x_wconf 89' lang='lat' dir='ltr'><strong>interutraque</strong></span> <span class='ocrx_word' id='word_1_97' title='bbox 1596 2003 1722 2045; x_wconf 90' lang='lat' dir='ltr'><strong>nec</strong></span> <span class='ocrx_word' id='word_1_98' title='bbox 1751 1996 1972 2046; x_wconf 82' lang='lat' dir='ltr'><strong>utrum</strong></span> <span class='ocrx_word' id='word_1_99' title='bbox 1992 2030 2008 2056; x_wconf 91' lang='lat'>‚</span> <span class='ocrx_word' id='word_1_100' title='bbox 2029 1981 2367 2066; x_wconf 87' lang='lat' dir='ltr'><strong>utrimque</strong></span> <span class='ocrx_word' id='word_1_101' title='bbox 2396 1990 2718 2047; x_wconf 89' lang='lat' dir='ltr'><strong>remotum</strong></span> <span class='ocrx_word' id='word_1_102' title='bbox 2736 2032 2751 2054; x_wconf 84' lang='lat'><strong>‚</strong></span> 
     </span>
     <span class='ocr_line' id='line_1_15' title="bbox 425 2094 2320 2192; baseline 0.002 -36"><span class='ocrx_word' id='word_1_103' title='bbox 425 2110 525 2158; x_wconf 82' lang='grc'><strong>840</strong></span> <span class='ocrx_word' id='word_1_104' title='bbox 580 2095 748 2160; x_wconf 91' lang='lat' dir='ltr'><strong>orba</strong></span> <span class='ocrx_word' id='word_1_105' title='bbox 773 2095 1024 2184; x_wconf 86' lang='lat' dir='ltr'><strong>pedum</strong></span> <span class='ocrx_word' id='word_1_106' title='bbox 1051 2099 1297 2184; x_wconf 85' lang='lat' dir='ltr'><strong>partim</strong></span> <span class='ocrx_word' id='word_1_107' title='bbox 1314 2144 1331 2173; x_wconf 91' lang='lat'>,</span> <span class='ocrx_word' id='word_1_108' title='bbox 1353 2117 1665 2159; x_wconf 91' lang='lat' dir='ltr'><strong>manuum</strong></span> <span class='ocrx_word' id='word_1_109' title='bbox 1693 2094 1970 2192; x_wconf 71' lang='lat' dir='ltr'><strong>vide</strong></span> <span class='ocrx_word' id='word_1_110' title='bbox 1998 2096 2284 2160; x_wconf 87' lang='lat' dir='ltr'><strong>vicissim</strong></span> <span class='ocrx_word' id='word_1_111' title='bbox 2303 2145 2320 2173; x_wconf 93' lang='lat'>‚</span> 
     </span>
     <span class='ocr_line' id='line_1_16' title="bbox 582 2211 2292 2298; baseline 0.001 -23"><span class='ocrx_word' id='word_1_112' title='bbox 582 2218 766 2276; x_wconf 87' lang='lat' dir='ltr'><strong>muta</strong></span> <span class='ocrx_word' id='word_1_113' title='bbox 796 2211 936 2276; x_wconf 91' lang='lat' dir='ltr'><strong>sine</strong></span> <span class='ocrx_word' id='word_1_114' title='bbox 961 2234 1079 2276; x_wconf 88' lang='lat' dir='ltr'><strong>ore</strong></span> <span class='ocrx_word' id='word_1_115' title='bbox 1111 2212 1307 2277; x_wconf 90' lang='lat' dir='ltr'><strong>etiam</strong></span> <span class='ocrx_word' id='word_1_116' title='bbox 1326 2260 1342 2286; x_wconf 91' lang='lat'>‚</span> <span class='ocrx_word' id='word_1_117' title='bbox 1365 2211 1506 2275; x_wconf 89' lang='lat' dir='ltr'><strong>sine</strong></span> <span class='ocrx_word' id='word_1_118' title='bbox 1536 2211 1729 2277; x_wconf 82' lang='lat' dir='ltr'><strong>voltu</strong></span> <span class='ocrx_word' id='word_1_119' title='bbox 1758 2231 1959 2275; x_wconf 87' lang='lat' dir='ltr'><strong>caeca</strong></span> <span class='ocrx_word' id='word_1_120' title='bbox 1987 2219 2292 2298; x_wconf 83' lang='lat' dir='ltr'><strong>reperta,</strong></span> 
     </span>
     <span class='ocr_line' id='line_1_17' title="bbox 582 2324 2459 2414; baseline 0 -25"><span class='ocrx_word' id='word_1_121' title='bbox 582 2326 941 2412; x_wconf 85' lang='lat' dir='ltr'><strong>vinctaque</strong></span> <span class='ocrx_word' id='word_1_122' title='bbox 970 2327 1419 2391; x_wconf 91' lang='lat' dir='ltr'><strong>membrorum</strong></span> <span class='ocrx_word' id='word_1_123' title='bbox 1444 2348 1570 2414; x_wconf 90' lang='lat' dir='ltr'><strong>per</strong></span> <span class='ocrx_word' id='word_1_124' title='bbox 1597 2333 1815 2390; x_wconf 88' lang='lat' dir='ltr'><strong>totum</strong></span> <span class='ocrx_word' id='word_1_125' title='bbox 1845 2348 2094 2412; x_wconf 89' lang='lat' dir='ltr'><strong>corpus</strong></span> <span class='ocrx_word' id='word_1_126' title='bbox 2123 2324 2459 2402; x_wconf 87' lang='lat' dir='ltr'><strong>adhaesu‚</strong></span> 
     </span>
     <span class='ocr_line' id='line_1_18' title="bbox 580 2439 2553 2528; baseline 0.002 -25"><span class='ocrx_word' id='word_1_127' title='bbox 580 2462 704 2505; x_wconf 88' lang='lat' dir='ltr'><strong>nec</strong></span> <span class='ocrx_word' id='word_1_128' title='bbox 732 2440 953 2505; x_wconf 86' lang='lat' dir='ltr'><strong>facere</strong></span> <span class='ocrx_word' id='word_1_129' title='bbox 984 2451 1060 2506; x_wconf 90' lang='lat' dir='ltr'><strong>ut</strong></span> <span class='ocrx_word' id='word_1_130' title='bbox 1087 2449 1372 2528; x_wconf 88' lang='lat' dir='ltr'><strong>possent</strong></span> <span class='ocrx_word' id='word_1_131' title='bbox 1401 2442 1757 2528; x_wconf 88' lang='lat' dir='ltr'><strong>quicquam</strong></span> <span class='ocrx_word' id='word_1_132' title='bbox 1783 2462 1910 2504; x_wconf 90' lang='lat' dir='ltr'><strong>nec</strong></span> <span class='ocrx_word' id='word_1_133' title='bbox 1941 2439 2182 2505; x_wconf 87' lang='lat' dir='ltr'><strong>cedere</strong></span> <span class='ocrx_word' id='word_1_134' title='bbox 2214 2463 2553 2528; x_wconf 91' lang='lat' dir='ltr'><strong>quoquam</strong></span> 
     </span>
     <span class='ocr_line' id='line_1_19' title="bbox 583 2554 2317 2642; baseline 0.002 -25"><span class='ocrx_word' id='word_1_135' title='bbox 583 2577 707 2618; x_wconf 93' lang='lat' dir='ltr'><strong>nec</strong></span> <span class='ocrx_word' id='word_1_136' title='bbox 736 2557 948 2620; x_wconf 86' lang='lat' dir='ltr'><strong>vitare</strong></span> <span class='ocrx_word' id='word_1_137' title='bbox 975 2557 1221 2620; x_wconf 88' lang='lat' dir='ltr'><strong>malum</strong></span> <span class='ocrx_word' id='word_1_138' title='bbox 1248 2578 1375 2621; x_wconf 91' lang='lat' dir='ltr'><strong>nec</strong></span> <span class='ocrx_word' id='word_1_139' title='bbox 1404 2577 1667 2620; x_wconf 90' lang='lat' dir='ltr'><strong>sumere</strong></span> <span class='ocrx_word' id='word_1_140' title='bbox 1698 2554 1887 2642; x_wconf 92' lang='lat' dir='ltr'><strong>quod</strong></span> <span class='ocrx_word' id='word_1_141' title='bbox 1911 2556 2093 2622; x_wconf 86' lang='lat' dir='ltr'><strong>foret</strong></span> <span class='ocrx_word' id='word_1_142' title='bbox 2118 2579 2283 2622; x_wconf 91' lang='lat' dir='ltr'><strong>usus</strong></span> <span class='ocrx_word' id='word_1_143' title='bbox 2303 2607 2317 2620; x_wconf 90' lang='lat'><strong>.</strong></span> 
     </span>
     <span class='ocr_line' id='line_1_20' title="bbox 427 2671 2488 2759; baseline 0.003 -29"><span class='ocrx_word' id='word_1_144' title='bbox 427 2686 526 2730; x_wconf 83' lang='grc'><strong>845</strong></span> <span class='ocrx_word' id='word_1_145' title='bbox 583 2677 808 2734; x_wconf 85' lang='lat' dir='ltr'><strong>cetera</strong></span> <span class='ocrx_word' id='word_1_146' title='bbox 838 2671 924 2734; x_wconf 89' lang='lat' dir='ltr'><strong>de</strong></span> <span class='ocrx_word' id='word_1_147' title='bbox 953 2693 1199 2757; x_wconf 87' lang='lat' dir='ltr'><strong>genere</strong></span> <span class='ocrx_word' id='word_1_148' title='bbox 1228 2671 1361 2735; x_wconf 90' lang='lat' dir='ltr'><strong>hoc</strong></span> <span class='ocrx_word' id='word_1_149' title='bbox 1389 2679 1693 2736; x_wconf 89' lang='lat' dir='ltr'><strong>monstra</strong></span> <span class='ocrx_word' id='word_1_150' title='bbox 1721 2692 1800 2734; x_wconf 86' lang='lat' dir='ltr'><strong>ac</strong></span> <span class='ocrx_word' id='word_1_151' title='bbox 1826 2678 2147 2759; x_wconf 88' lang='lat' dir='ltr'><strong>portenta</strong></span> <span class='ocrx_word' id='word_1_152' title='bbox 2177 2673 2454 2737; x_wconf 88' lang='lat' dir='ltr'><strong>creabat</strong></span> <span class='ocrx_word' id='word_1_153' title='bbox 2472 2723 2488 2748; x_wconf 91' lang='lat'>,</span> 
     </span>
     <span class='ocr_line' id='line_1_21' title="bbox 583 2786 2375 2872; baseline 0.002 -24"><span class='ocrx_word' id='word_1_154' title='bbox 583 2807 668 2849; x_wconf 90' lang='lat' dir='ltr'><strong>ne</strong></span> <span class='ocrx_word' id='word_1_155' title='bbox 701 2787 1016 2872; x_wconf 87' lang='lat' dir='ltr'><strong>quiquam</strong></span> <span class='ocrx_word' id='word_1_156' title='bbox 1033 2836 1049 2862; x_wconf 91' lang='lat'>‚</span> <span class='ocrx_word' id='word_1_157' title='bbox 1074 2786 1385 2872; x_wconf 88' lang='lat' dir='ltr'><strong>quoniam</strong></span> <span class='ocrx_word' id='word_1_158' title='bbox 1414 2793 1655 2851; x_wconf 85' lang='lat' dir='ltr'><strong>natura</strong></span> <span class='ocrx_word' id='word_1_159' title='bbox 1683 2786 2046 2851; x_wconf 86' lang='lat' dir='ltr'><strong>absterruit</strong></span> <span class='ocrx_word' id='word_1_160' title='bbox 2074 2795 2341 2851; x_wconf 88' lang='lat' dir='ltr'><strong>auctum</strong></span> <span class='ocrx_word' id='word_1_161' title='bbox 2359 2836 2375 2862; x_wconf 91' lang='lat'>‚</span> 
     </span>
     <span class='ocr_line' id='line_1_22' title="bbox 582 2899 2182 2992; baseline 0.001 -29"><span class='ocrx_word' id='word_1_162' title='bbox 582 2922 706 2964; x_wconf 90' lang='lat' dir='ltr'><strong>nec</strong></span> <span class='ocrx_word' id='word_1_163' title='bbox 734 2909 1016 2992; x_wconf 87' lang='lat' dir='ltr'><strong>potuere</strong></span> <span class='ocrx_word' id='word_1_164' title='bbox 1048 2902 1344 2988; x_wconf 89' lang='lat' dir='ltr'><strong>cupitum</strong></span> <span class='ocrx_word' id='word_1_165' title='bbox 1374 2902 1615 2966; x_wconf 89' lang='lat' dir='ltr'><strong>aetatis</strong></span> <span class='ocrx_word' id='word_1_166' title='bbox 1642 2908 1921 2986; x_wconf 87' lang='lat' dir='ltr'><strong>tangere</strong></span> <span class='ocrx_word' id='word_1_167' title='bbox 1949 2899 2182 2965; x_wconf 88' lang='lat' dir='ltr'><strong>florem</strong></span> 
     </span>
     <span class='ocr_line' id='line_1_23' title="bbox 580 3015 2280 3104; baseline 0.001 -25"><span class='ocrx_word' id='word_1_168' title='bbox 580 3039 706 3081; x_wconf 90' lang='lat' dir='ltr'><strong>nec</strong></span> <span class='ocrx_word' id='word_1_169' title='bbox 734 3016 1031 3104; x_wconf 90' lang='lat' dir='ltr'><strong>reperire</strong></span> <span class='ocrx_word' id='word_1_170' title='bbox 1058 3016 1277 3080; x_wconf 93' lang='lat' dir='ltr'><strong>cibum</strong></span> <span class='ocrx_word' id='word_1_171' title='bbox 1303 3037 1429 3079; x_wconf 92' lang='lat' dir='ltr'><strong>nec</strong></span> <span class='ocrx_word' id='word_1_172' title='bbox 1457 3015 1641 3102; x_wconf 90' lang='lat' dir='ltr'><strong>iungi</strong></span> <span class='ocrx_word' id='word_1_173' title='bbox 1666 3038 1791 3103; x_wconf 93' lang='lat' dir='ltr'><strong>per</strong></span> <span class='ocrx_word' id='word_1_174' title='bbox 1820 3015 2107 3080; x_wconf 91' lang='lat' dir='ltr'><strong>Veneris</strong></span> <span class='ocrx_word' id='word_1_175' title='bbox 2134 3037 2247 3080; x_wconf 91' lang='lat' dir='ltr'><strong>res</strong></span> <span class='ocrx_word' id='word_1_176' title='bbox 2266 3067 2280 3079; x_wconf 96' lang='lat'><strong><em>.</em></strong></span> 
     </span>
     <span class='ocr_line' id='line_1_24' title="bbox 582 3130 2303 3207; baseline 0 -12"><span class='ocrx_word' id='word_1_177' title='bbox 582 3133 791 3198; x_wconf 88' lang='lat' dir='ltr'><strong>multa</strong></span> <span class='ocrx_word' id='word_1_178' title='bbox 817 3131 1121 3197; x_wconf 86' lang='lat' dir='ltr'><strong>videmus</strong></span> <span class='ocrx_word' id='word_1_179' title='bbox 1153 3131 1325 3195; x_wconf 91' lang='lat' dir='ltr'><strong>enim</strong></span> <span class='ocrx_word' id='word_1_180' title='bbox 1353 3130 1557 3195; x_wconf 90' lang='lat' dir='ltr'><strong>rebus</strong></span> <span class='ocrx_word' id='word_1_181' title='bbox 1588 3152 1990 3195; x_wconf 89' lang='lat' dir='ltr'><strong>concurrere</strong></span> <span class='ocrx_word' id='word_1_182' title='bbox 2021 3130 2269 3195; x_wconf 91' lang='lat' dir='ltr'><strong>debere</strong></span> <span class='ocrx_word' id='word_1_183' title='bbox 2287 3181 2303 3207; x_wconf 84' lang='lat'>‚</span> 
     </span>
     <span class='ocr_line' id='line_1_25' title="bbox 428 3244 2116 3336; baseline 0.003 -29"><span class='ocrx_word' id='word_1_184' title='bbox 428 3263 527 3310; x_wconf 69' lang='lat'><strong>850</strong></span> <span class='ocrx_word' id='word_1_185' title='bbox 580 3255 658 3311; x_wconf 93' lang='lat' dir='ltr'><strong>ut</strong></span> <span class='ocrx_word' id='word_1_186' title='bbox 685 3246 1129 3336; x_wconf 87' lang='lat' dir='ltr'><strong>propagando</strong></span> <span class='ocrx_word' id='word_1_187' title='bbox 1157 3246 1424 3333; x_wconf 87' lang='lat' dir='ltr'><strong>possint</strong></span> <span class='ocrx_word' id='word_1_188' title='bbox 1454 3244 1831 3332; x_wconf 88' lang='lat' dir='ltr'><strong>procudere</strong></span> <span class='ocrx_word' id='word_1_189' title='bbox 1861 3247 2116 3324; x_wconf 84' lang='lat' dir='ltr'><strong>saecla3</strong></span> 
     </span>
     <span class='ocr_line' id='line_1_26' title="bbox 582 3360 2429 3449; baseline 0.001 -24"><span class='ocrx_word' id='word_1_190' title='bbox 582 3362 831 3447; x_wconf 86' lang='lat' dir='ltr'><strong>pabula</strong></span> <span class='ocrx_word' id='word_1_191' title='bbox 856 3364 1140 3449; x_wconf 89' lang='lat' dir='ltr'><strong>primum</strong></span> <span class='ocrx_word' id='word_1_192' title='bbox 1167 3368 1244 3425; x_wconf 87' lang='lat' dir='ltr'><strong>ut</strong></span> <span class='ocrx_word' id='word_1_193' title='bbox 1274 3361 1410 3425; x_wconf 90' lang='lat' dir='ltr'><strong>sint</strong></span> <span class='ocrx_word' id='word_1_194' title='bbox 1426 3410 1441 3437; x_wconf 93' lang='lat'>‚</span> <span class='ocrx_word' id='word_1_195' title='bbox 1466 3361 1783 3447; x_wconf 86' lang='lat' dir='ltr'><strong>genitalia</strong></span> <span class='ocrx_word' id='word_1_196' title='bbox 1813 3360 2058 3425; x_wconf 91' lang='lat' dir='ltr'><strong>deinde</strong></span> <span class='ocrx_word' id='word_1_197' title='bbox 2086 3383 2211 3448; x_wconf 92' lang='lat' dir='ltr'><strong>per</strong></span> <span class='ocrx_word' id='word_1_198' title='bbox 2241 3369 2429 3427; x_wconf 82' lang='lat' dir='ltr'><strong>artus</strong></span> 
     </span>
     <span class='ocr_line' id='line_1_27' title="bbox 587 3477 2274 3563; baseline 0.001 -24"><span class='ocrx_word' id='word_1_199' title='bbox 587 3477 837 3540; x_wconf 88' lang='lat' dir='ltr'><strong>semina</strong></span> <span class='ocrx_word' id='word_1_200' title='bbox 868 3497 1002 3563; x_wconf 90' lang='lat' dir='ltr'><strong>qua</strong></span> <span class='ocrx_word' id='word_1_201' title='bbox 1028 3477 1297 3562; x_wconf 87' lang='lat' dir='ltr'><strong>possint</strong></span> <span class='ocrx_word' id='word_1_202' title='bbox 1323 3477 1635 3541; x_wconf 87' lang='lat' dir='ltr'><strong>membris</strong></span> <span class='ocrx_word' id='word_1_203' title='bbox 1664 3497 1934 3541; x_wconf 82' lang='lat' dir='ltr'><strong>manare</strong></span> <span class='ocrx_word' id='word_1_204' title='bbox 1964 3477 2274 3553; x_wconf 88' lang='lat' dir='ltr'><strong>remissa,</strong></span> 
     </span>
     <span class='ocr_line' id='line_1_28' title="bbox 582 3590 2238 3678; baseline 0.001 -24"><span class='ocrx_word' id='word_1_205' title='bbox 582 3590 960 3678; x_wconf 88' lang='lat' dir='ltr'><strong>feminaque</strong></span> <span class='ocrx_word' id='word_1_206' title='bbox 990 3599 1066 3656; x_wconf 87' lang='lat' dir='ltr'><strong>ut</strong></span> <span class='ocrx_word' id='word_1_207' title='bbox 1092 3592 1385 3672; x_wconf 75' lang='lat' dir='ltr'><strong>maribus</strong></span> <span class='ocrx_word' id='word_1_208' title='bbox 1416 3591 1728 3678; x_wconf 91' lang='lat' dir='ltr'><strong>coniungi</strong></span> <span class='ocrx_word' id='word_1_209' title='bbox 1754 3592 1976 3678; x_wconf 90' lang='lat' dir='ltr'><strong>possit</strong></span> <span class='ocrx_word' id='word_1_210' title='bbox 2004 3613 2204 3656; x_wconf 85' lang='lat' dir='ltr'><strong>avere</strong></span> <span class='ocrx_word' id='word_1_211' title='bbox 2222 3641 2238 3667; x_wconf 91' lang='lat'>‚</span> 
     </span>
     <span class='ocr_line' id='line_1_29' title="bbox 583 3705 2242 3793; baseline -0.001 -23"><span class='ocrx_word' id='word_1_212' title='bbox 583 3715 944 3791; x_wconf 91' lang='lat' dir='ltr'><strong>mutuaque</strong></span> <span class='ocrx_word' id='word_1_213' title='bbox 973 3707 1314 3771; x_wconf 89' lang='lat' dir='ltr'><strong>insinuent</strong></span> <span class='ocrx_word' id='word_1_214' title='bbox 1340 3707 1516 3772; x_wconf 90' lang='lat' dir='ltr'><strong>inter</strong></span> <span class='ocrx_word' id='word_1_215' title='bbox 1550 3729 1623 3771; x_wconf 92' lang='lat' dir='ltr'><strong>se</strong></span> <span class='ocrx_word' id='word_1_216' title='bbox 1654 3705 1898 3793; x_wconf 79' lang='lat' dir='ltr'><strong>gaudia</strong></span> <span class='ocrx_word' id='word_1_217' title='bbox 1925 3715 2210 3793; x_wconf 89' lang='lat' dir='ltr'><strong>uterque</strong></span> <span class='ocrx_word' id='word_1_218' title='bbox 2229 3756 2242 3769; x_wconf 92' lang='lat'><strong>.</strong></span> 
     </span>
     <span class='ocr_line' id='line_1_30' title="bbox 430 3822 2613 3907; baseline 0.002 -24"><span class='ocrx_word' id='word_1_219' title='bbox 430 3838 528 3883; x_wconf 77' lang='lat'><strong>855</strong></span> <span class='ocrx_word' id='word_1_220' title='bbox 667 3822 1017 3907; x_wconf 86' lang='lat' dir='ltr'><strong>Multaque</strong></span> <span class='ocrx_word' id='word_1_221' title='bbox 1047 3829 1189 3886; x_wconf 88' lang='lat' dir='ltr'><strong>tum</strong></span> <span class='ocrx_word' id='word_1_222' title='bbox 1214 3822 1546 3886; x_wconf 90' lang='lat' dir='ltr'><strong>interiisse</strong></span> <span class='ocrx_word' id='word_1_223' title='bbox 1576 3823 1982 3887; x_wconf 88' lang='lat' dir='ltr'><strong>animantum</strong></span> <span class='ocrx_word' id='word_1_224' title='bbox 2011 3822 2235 3886; x_wconf 87' lang='lat' dir='ltr'><strong>saecla</strong></span> <span class='ocrx_word' id='word_1_225' title='bbox 2262 3831 2613 3887; x_wconf 88' lang='lat' dir='ltr'><strong>necessest</strong></span> 
     </span>
     <span class='ocr_line' id='line_1_31' title="bbox 585 3936 2243 4025; baseline 0 -25"><span class='ocrx_word' id='word_1_226' title='bbox 585 3958 710 4001; x_wconf 92' lang='lat' dir='ltr'><strong>nec</strong></span> <span class='ocrx_word' id='word_1_227' title='bbox 738 3938 1043 4024; x_wconf 88' lang='lat' dir='ltr'><strong>potuisse</strong></span> <span class='ocrx_word' id='word_1_228' title='bbox 1072 3936 1516 4024; x_wconf 86' lang='lat' dir='ltr'><strong>propagando</strong></span> <span class='ocrx_word' id='word_1_229' title='bbox 1545 3937 1922 4024; x_wconf 91' lang='lat' dir='ltr'><strong>procudere</strong></span> <span class='ocrx_word' id='word_1_230' title='bbox 1954 3938 2210 4025; x_wconf 91' lang='lat' dir='ltr'><strong>prolem</strong></span> <span class='ocrx_word' id='word_1_231' title='bbox 2229 3986 2243 4001; x_wconf 90' lang='lat'><strong>.</strong></span> 
     </span>
    </p>
   </div>
   <div class='ocr_carea' id='block_1_3' title="bbox 590 4166 2809 4492">
    <p class='ocr_par' dir='ltr' id='par_1_3' title="bbox 590 4166 2809 4492">
     <span class='ocr_line' id='line_1_32' title="bbox 590 4166 2809 4239; baseline 0.001 -22"><span class='ocrx_word' id='word_1_232' title='bbox 590 4171 687 4218; x_wconf 76' lang='lat'><strong>833</strong></span> <span class='ocrx_word' id='word_1_233' title='bbox 725 4168 917 4219; x_wconf 84' lang='lat' dir='ltr'><strong>crescit</strong></span> <span class='ocrx_word' id='word_1_234' title='bbox 962 4169 982 4238; x_wconf 83' lang='grc' dir='ltr'><strong>ΙΙ</strong></span> <span class='ocrx_word' id='word_1_235' title='bbox 1032 4185 1062 4221; x_wconf 91' lang='lat' dir='ltr'><strong>c</strong></span> <span class='ocrx_word' id='word_1_236' title='bbox 1096 4176 1366 4223; x_wconf 71' lang='lat' dir='ltr'><strong>omissum.</strong></span> <span class='ocrx_word' id='word_1_237' title='bbox 1414 4171 1433 4238; x_wconf 87' lang='grc' dir='ltr'><strong>ΙΙ</strong></span> <span class='ocrx_word' id='word_1_238' title='bbox 1482 4174 1582 4221; x_wconf 84' lang='grc'><strong>836</strong></span> <span class='ocrx_word' id='word_1_239' title='bbox 1619 4169 1794 4239; x_wconf 85' lang='lat' dir='ltr'><strong>potuit</strong></span> <span class='ocrx_word' id='word_1_240' title='bbox 1841 4169 1861 4238; x_wconf 91' lang='grc' dir='ltr'><strong>ΙΙ</strong></span> <span class='ocrx_word' id='word_1_241' title='bbox 1911 4174 2009 4221; x_wconf 83' lang='grc'><strong>838</strong></span> <span class='ocrx_word' id='word_1_242' title='bbox 2047 4167 2175 4221; x_wconf 77' lang='lat' dir='ltr'><strong>facit</strong></span> <span class='ocrx_word' id='word_1_243' title='bbox 2221 4168 2243 4237; x_wconf 89' lang='grc' dir='ltr'><strong>ΙΙ</strong></span> <span class='ocrx_word' id='word_1_244' title='bbox 2296 4172 2395 4220; x_wconf 84' lang='grc'><strong>839</strong></span> <span class='ocrx_word' id='word_1_245' title='bbox 2433 4166 2809 4239; x_wconf 83' lang='lat' dir='ltr'><strong>Androgynem</strong></span> 
     </span>
     <span class='ocr_line' id='line_1_33' title="bbox 593 4249 2809 4324; baseline 0 -23"><span class='ocrx_word' id='word_1_246' title='bbox 593 4250 733 4303; x_wconf 84' lang='lat' dir='ltr'><strong>inter</strong></span> <span class='ocrx_word' id='word_1_247' title='bbox 767 4259 915 4303; x_wconf 80' lang='lat' dir='ltr'><strong>utras</strong></span> <span class='ocrx_word' id='word_1_248' title='bbox 950 4269 1048 4305; x_wconf 86' lang='lat' dir='ltr'><strong>nec</strong></span> <span class='ocrx_word' id='word_1_249' title='bbox 1084 4259 1362 4321; x_wconf 81' lang='lat' dir='ltr'><strong>utramque</strong></span> <span class='ocrx_word' id='word_1_250' title='bbox 1396 4260 1678 4324; x_wconf 83' lang='lat' dir='ltr'><strong>utrumque</strong></span> <span class='ocrx_word' id='word_1_251' title='bbox 1723 4254 1744 4323; x_wconf 88' lang='grc' dir='ltr'><strong>ΙΙ</strong></span> <span class='ocrx_word' id='word_1_252' title='bbox 1790 4259 1886 4306; x_wconf 87' lang='grc'><strong>841</strong></span> <span class='ocrx_word' id='word_1_253' title='bbox 1928 4252 2102 4306; x_wconf 81' lang='lat' dir='ltr'><strong>Multa</strong></span> <span class='ocrx_word' id='word_1_254' title='bbox 2150 4253 2171 4321; x_wconf 90' lang='grc' dir='ltr'><strong>ΙΙ</strong></span> <span class='ocrx_word' id='word_1_255' title='bbox 2208 4258 2307 4305; x_wconf 78' lang='grc'><strong>844</strong></span> <span class='ocrx_word' id='word_1_256' title='bbox 2345 4249 2492 4304; x_wconf 84' lang='lat' dir='ltr'><strong>volet</strong></span> <span class='ocrx_word' id='word_1_257' title='bbox 2529 4253 2551 4321; x_wconf 88' lang='grc' dir='ltr'><strong>ΙΙ</strong></span> <span class='ocrx_word' id='word_1_258' title='bbox 2588 4257 2686 4304; x_wconf 82' lang='grc'><strong>846</strong></span> <span class='ocrx_word' id='word_1_259' title='bbox 2721 4250 2809 4302; x_wconf 77' lang='lat' dir='ltr'><strong>ab·</strong></span> 
     </span>
     <span class='ocr_line' id='line_1_34' title="bbox 590 4334 2808 4408; baseline -0.001 -21"><span class='ocrx_word' id='word_1_260' title='bbox 590 4335 788 4388; x_wconf 74' lang='lat' dir='ltr'><strong>set-ruit</strong></span> <span class='ocrx_word' id='word_1_261' title='bbox 838 4335 858 4404; x_wconf 86' lang='grc' dir='ltr'><strong>ΙΙ</strong></span> <span class='ocrx_word' id='word_1_262' title='bbox 907 4341 1006 4390; x_wconf 83' lang='grc'><strong>850</strong></span> <span class='ocrx_word' id='word_1_263' title='bbox 1042 4334 1360 4407; x_wconf 84' lang='lat' dir='ltr'><strong>proeludere</strong></span> <span class='ocrx_word' id='word_1_264' title='bbox 1411 4337 1430 4404; x_wconf 76' lang='grc' dir='ltr'>Η</span> <span class='ocrx_word' id='word_1_265' title='bbox 1479 4344 1576 4389; x_wconf 87' lang='lat'><strong>851</strong></span> <span class='ocrx_word' id='word_1_266' title='bbox 1615 4338 1851 4408; x_wconf 83' lang='lat' dir='ltr'><strong>primunt</strong></span> <span class='ocrx_word' id='word_1_267' title='bbox 1888 4338 1909 4405; x_wconf 83' lang='grc' dir='ltr'><strong>ΙΙ</strong></span> <span class='ocrx_word' id='word_1_268' title='bbox 1947 4342 2043 4388; x_wconf 82' lang='lat'><strong>852</strong></span> <span class='ocrx_word' id='word_1_269' title='bbox 2081 4337 2264 4406; x_wconf 88' lang='lat' dir='ltr'><strong>possis</strong></span> <span class='ocrx_word' id='word_1_270' title='bbox 2297 4336 2319 4405; x_wconf 92' lang='grc' dir='ltr'><strong>ΙΙ</strong></span> <span class='ocrx_word' id='word_1_271' title='bbox 2359 4336 2627 4390; x_wconf 83' lang='lat' dir='ltr'><strong>remissis.</strong></span> <span class='ocrx_word' id='word_1_272' title='bbox 2662 4335 2683 4403; x_wconf 90' lang='grc' dir='ltr'><strong>ΙΙ</strong></span> <span class='ocrx_word' id='word_1_273' title='bbox 2718 4338 2808 4387; x_wconf 83' lang='grc'><strong>853</strong></span> 
     </span>
     <span class='ocr_line' id='line_1_35' title="bbox 590 4419 2138 4492; baseline 0.003 -22"><span class='ocrx_word' id='word_1_274' title='bbox 590 4419 785 4473; x_wconf 84' lang='lat' dir='ltr'><strong>marius</strong></span> <span class='ocrx_word' id='word_1_275' title='bbox 823 4421 843 4488; x_wconf 85' lang='grc' dir='ltr'><strong>ΙΙ</strong></span> <span class='ocrx_word' id='word_1_276' title='bbox 880 4421 1059 4491; x_wconf 87' lang='lat' dir='ltr'><strong>possis</strong></span> <span class='ocrx_word' id='word_1_277' title='bbox 1096 4420 1318 4475; x_wconf 80' lang='lat' dir='ltr'><strong>habere.</strong></span> <span class='ocrx_word' id='word_1_278' title='bbox 1356 4422 1376 4490; x_wconf 91' lang='grc' dir='ltr'><strong>ΙΙ</strong></span> <span class='ocrx_word' id='word_1_279' title='bbox 1414 4429 1513 4475; x_wconf 82' lang='grc'><strong>854</strong></span> <span class='ocrx_word' id='word_1_280' title='bbox 1551 4420 1742 4476; x_wconf 83' lang='lat' dir='ltr'><strong>Mutua</strong></span> <span class='ocrx_word' id='word_1_281' title='bbox 1777 4422 1865 4492; x_wconf 85' lang='lat' dir='ltr'><strong>qui</strong></span> <span class='ocrx_word' id='word_1_282' title='bbox 1901 4430 2138 4475; x_wconf 81' lang='lat' dir='ltr'><strong>metuent</strong></span> 
     </span>
    </p>
   </div>
  </div>
 </body>
</html>
