3042 5192
1259 455 1360 524 VI
2281 463 2422 534 245

227 650 333 694 nec
356 627 610 714 requies
641 637 784 692 erat
810 627 946 693 ulla
972 628 1159 694 mali:
1183 627 1452 695 defessa
1478 630 1792 697 iacebant

104 759 194 808 117⁹
227 764 509 830 corpora.
530 743 875 808 mussabat
901 744 1109 808 tacito
1138 742 1470 811 medicina
1496 746 1738 812 timore
1754 796 1770 824 ‚
1818 720 1827 728 .

228 859 443 944 quippe
467 859 765 944 patentia
794 878 944 922 cum
972 857 1222 923 totiens
1251 880 1331 923 ac
1358 861 1596 926 nuntia
1620 862 1858 927 mortis

226 973 435 1038 lumina
458 980 804 1038 versarent
830 972 1179 1038 oculorum
1210 957 1514 1060 expertia
1542 997 1779 1040 somno
1796 1026 1810 1040 .

225 1088 523 1174 multaque
551 1095 905 1175 praeterea
931 1089 1166 1154 mortis
1193 1094 1336 1152 tum
1368 1088 1562 1175 signa
1589 1089 1952 1167 dabantur,

228 1203 580 1289 perturbata
607 1203 804 1267 animi
831 1225 1019 1268 mens
1046 1204 1116 1267 in
1142 1224 1403 1268 merore
1430 1212 1748 1291 metuque
1766 1254 1782 1282 ‚

226 1318 388 1382 triste
414 1318 829 1404 supercilium
846 1366 863 1395 ‚
884 1317 1180 1384 furiosus
1207 1318 1436 1383 voltus
1467 1326 1537 1384 et
1562 1341 1719 1385 acer
1736 1369 1752 1397 ,

106 1449 195 1494 1185
228 1432 509 1498 sollicitae
534 1454 745 1521 porro
774 1433 1148 1519 plenaeque
1178 1433 1538 1498 sonoribus
1568 1454 1764 1500 aures
1782 1483 1799 1512 ‚

227 1547 425 1612 creber
450 1548 723 1634 spiritus
752 1555 870 1612 aut
894 1548 1131 1633 ingens
1159 1567 1450 1633 raroque
1481 1556 1758 1614 coortus
1777 1597 1793 1625 ,

225 1660 586 1747 sudorisque
612 1660 897 1726 madens
925 1682 1050 1748 per
1079 1662 1322 1727 collum
1350 1662 1747 1751 splendidus
1774 1685 1967 1728 umor
1985 1713 2000 1740 ‚

225 1778 416 1841 tenvia
440 1784 639 1865 sputa
665 1777 918 1842 minuta
934 1825 951 1853 ‚
974 1777 1155 1842 croci
1185 1784 1500 1843 contacta
1530 1779 1759 1844 colore

224 1890 494 1977 salsaque
510 1940 527 1968 ‚
546 1912 675 1978 per
701 1891 933 1958 fauces
962 1913 1201 1958 raucas
1228 1892 1347 1957 vix
1372 1892 1556 1958 edita
1581 1893 1755 1959 tussi
1772 1942 1787 1958 .

104 2018 193 2065 1190
224 2004 281 2067 in
302 2006 581 2071 manibus
608 2027 776 2071 vero
805 2008 996 2072 nervi
1022 2006 1296 2073 trahere
1327 2014 1396 2072 et
1422 2014 1710 2073 tremere
1740 2019 1929 2074 artus

224 2138 257 2181 a
276 2118 671 2208 pedibusque
698 2122 1071 2186 minutatim
1099 2120 1463 2187 succedere
1490 2122 1703 2210 frigus

223 2254 339 2297 non
362 2233 738 2303 dubitabat:
760 2237 919 2301 item
946 2235 1038 2300 ad
1066 2257 1450 2323 supremum
1481 2236 1771 2323 denique
1799 2245 2064 2324 tempus

224 2369 590 2434 conpressae
618 2373 822 2416 nares
841 2400 857 2428 ,
876 2351 1025 2416 nasi
1051 2351 1365 2438 primoris
1395 2371 1675 2416 acumen

220 2468 389 2528 tenve
403 2514 420 2540 ‚
440 2467 659 2532 cavati
688 2466 861 2531 oculi
879 2515 896 2543 ‚
918 2486 1087 2532 cava
1112 2474 1421 2554 tempora
1436 2515 1453 2543 ‚
1473 2464 1721 2553 frigida
1746 2466 1938 2553 pellis

97 2589 189 2637 1195
221 2575 487 2665 duraque
503 2630 519 2657 ‚
539 2580 1016 2647 inhorrescens
1042 2582 1281 2647 rictum
1299 2629 1316 2658 ,
1335 2580 1528 2646 frons
1554 2588 1744 2647 tenta
1768 2582 2069 2648 tumebat
2086 2633 2100 2647 .

216 2711 322 2756 nec
347 2694 532 2760 nimio
560 2695 766 2782 rigidi
794 2703 955 2782 post
981 2703 1170 2761 artus
1197 2703 1415 2764 morte
1441 2697 1759 2762 iacebant
1775 2744 1789 2761 .

218 2815 564 2895 octavoque
598 2809 740 2875 fere
769 2810 1084 2876 candenti
1111 2809 1355 2876 lumine
1383 2810 1547 2875 solis

216 2929 317 2986 aut
340 2923 525 2989 etiam
550 2945 739 2990 nona
763 2924 1144 3003 reddebant
1169 2923 1481 3012 lampade
1508 2924 1715 2989 vitam
1734 2973 1748 2987 .

217 3055 467 3120 quorum
495 3040 710 3127 siquis
736 3041 850 3105 vix
878 3041 1125 3105 vitarat
1148 3040 1388 3104 fimera
1412 3038 1534 3105 leti
1550 3087 1567 3115 ‚

92 3162 183 3210 1200
216 3150 518 3221 ulceribus
544 3155 787 3221 taetris
817 3163 887 3220 et
911 3155 1103 3243 nigra
1127 3154 1434 3241 proluvie
1462 3153 1597 3218 alvi

128 3261 139 3270 ’
214 3270 521 3350 posterius
548 3279 778 3336 tamen
803 3267 987 3334 hunc
1014 3269 1208 3335 tabes
1235 3270 1577 3355 letumque
1605 3267 1921 3333 manebat
1938 3317 1954 3344 ‚

216 3388 317 3446 aut
342 3385 531 3450 etiam
558 3386 808 3450 multus
839 3385 1078 3471 capitis
1109 3405 1257 3449 cum
1285 3405 1489 3471 saepe
1519 3382 1757 3448 dolore

216 3508 551 3586 corruptus
584 3501 855 3587 sanguis
885 3499 1172 3587 expletis
1198 3500 1472 3565 naribus
1499 3499 1675 3563 ibat:

215 3608 330 3676 huc
353 3613 640 3680 hominis
670 3622 855 3680 totae
883 3615 1062 3680 vires
1094 3636 1475 3701 corpusque
1502 3613 1755 3679 fluebat
1773 3663 1787 3677 .

93 3735 183 3783 1205
218 3728 597 3811 profluvium
625 3751 833 3816 porro
866 3731 981 3816 qui
1008 3730 1209 3794 taetri
1238 3728 1579 3816 sanguinis
1609 3749 1764 3793 acre

214 3842 444 3910 exierat
461 3893 478 3922 ‚
498 3852 725 3910 tamen
750 3845 820 3908 in
861 3866 1111 3909 nervos
1136 3844 1294 3908 huic
1319 3844 1596 3909 morbus
1626 3851 1695 3908 et
1722 3850 1911 3908 artus

218 4182 328 4230 1177
372 4182 505 4234 mari
553 4181 575 4250 ΙΙ
632 4188 760 4237 1180
808 4182 1050 4237 ardentia
1082 4184 1312 4238 morbis.
1362 4182 1383 4254 ΙΙ
1434 4187 1568 4235 1186
1617 4182 1862 4253 spiritum
1911 4179 1933 4251 ΙΙ
1985 4185 2113 4234 1187
2150 4196 2356 4233 1111111111.
2409 4179 2429 4249 ΙΙ

220 4266 335 4316 1189
380 4282 547 4318 rauca
597 4263 618 4337 ΙΙ
671 4273 845 4320 tusse.
898 4264 920 4338 ΙΙ
978 4273 1109 4320 1192
1157 4284 1422 4321 suremum
1485 4264 1506 4334 ΙΙ
1569 4273 1770 4336 temps.
1824 4263 1846 4336 ΙΙ
1902 4268 2032 4317 1195
2082 4262 2430 4315 inhoretiacct

212 4356 399 4400 rectum
435 4351 459 4418 u
496 4350 701 4406 mebat.
749 4348 773 4420 11
822 4356 951 4404 1196
987 4350 1157 4423 rigida
1203 4352 1224 4422 u
1274 4357 1405 4404 1198
1443 4349 1551 4404 Avi
1589 4350 1612 4420 n
1650 4355 1782 4404 1199
1819 4356 1879 4403 ut
1914 4354 1998 4403 est
2033 4346 2054 4418 n
2096 4352 2225 4400 1200
2263 4345 2426 4398 Vice-

212 4427 351 4485 ribus
387 4431 409 4500 ΙΙ
452 4439 580 4488 1205
617 4433 702 4487 cul
736 4436 926 4488 taetris
