3042 5192
625 450 765 516 384
1680 446 1780 512 Vl

618 645 721 685 MA
741 646 777 685 Β
820 646 859 685 τ
878 643 1323 687 Eurus'rAs.
1368 620 1720 706 Oblongus
1753 619 2067 697 Flamme,
2100 619 2283 704 apud
2311 619 2598 685 Nonium
2626 625 2816 708 9495.

624 721 695 784 17
730 719 1081 784 Flammea.
1130 718 1238 781 hic
1268 719 1600 782 Antonius
1630 718 1824 782 Marii
1868 725 1938 780 et
1964 716 2294 781 Marullus
2331 721 2626 807 permire·
2646 724 2818 785 media

616 822 690 882 de
739 819 966 904 ylande
998 866 1010 879 .
1070 816 1227 880 Pius
1258 864 1274 890 ,
1330 816 1439 879 vel
1477 816 1704 900 potius
1749 824 1866 879 aut
1907 814 2310 879 Hermolaus
2351 817 2684 882 Barbarus
2723 834 2818 883 aut

618 916 1027 1001 Pomponius
1058 914 1309 977 Laetus
1340 922 1456 976 aut
1482 913 1836 997 Philippus
1867 911 2241 976 Beroaldus
2271 913 2460 997 (Pius
2491 918 2654 979 enim
2683 921 2814 981 aad·

615 1037 801 1102 quam
823 1014 1129 1076 lectionem
1155 1011 1572 1093 testificatur)
1591 1059 1606 1083 ,
1630 1032 1775 1075 cum
1803 1032 1838 1073 c
1853 1032 1891 1071 L
1907 1032 2006 1072 An
2023 1033 2060 1072 Ε
2087 1011 2515 1076 scribendum
2537 1014 2815 1079 vidisset.

617 1122 838 1176 tamen
868 1110 1263 1175 sententiam
1295 1116 1363 1171 et
1392 1107 1715 1171 orationis
1746 1105 2026 1171 formam
2054 1129 2192 1172 non
2223 1113 2530 1197 percepit
2548 1161 2562 1174 .
2591 1113 2692 1176 hic
2717 1114 2815 1197 igi-

616 1220 728 1273 tur
758 1208 944 1294 quod
984 1208 1271 1282 fecerat,
1298 1206 1511 1269 media
1533 1207 1607 1268 de
1636 1206 1809 1269 clade
1825 1253 1844 1283 ‚
1881 1228 2029 1270 cum
2059 1204 2131 1268 id
2161 1206 2540 1294 Naugerius
2570 1232 2814 1297 expres·

617 1308 816 1371 sisset
845 1355 859 1380 ‚
900 1305 1260 1369 Lambinus
1304 1304 1492 1367 libris
1536 1303 1675 1366 suis
1715 1324 1851 1365 non
1880 1304 2201 1389 inspectis
2229 1304 2486 1371 frustra
2514 1310 2814 1396 explicare

618 1414 899 1470 conatus
943 1412 1047 1468 est
1077 1453 1092 1479 ,
1138 1402 1443 1466 Gifanius
1483 1410 1551 1465 et
1579 1401 1819 1465 Daniel
1845 1401 2098 1465 Pareus
2139 1410 2478 1488 tamquam
2509 1410 2813 1493 apertissi-

617 1526 792 1568 mum
820 1504 1266 1568 transierunt.
1298 1500 1519 1564 Fabro
1553 1508 1621 1563 et
1648 1500 1955 1563 Bentleio
1985 1510 2222 1584 parata
2249 1504 2446 1567 venia
2475 1516 2613 1577 est,
2655 1505 2812 1591 quod

616 1604 785 1668 alter
822 1622 1184 1687 numquam
1227 1601 1395 1664 alter
1432 1597 1731 1662 nondum
1778 1598 2046 1683 cognita
2072 1607 2304 1662 vetere
2347 1605 2674 1689 scriptura
2697 1627 2812 1667 non

618 1701 781 1765 satis
820 1721 979 1764 vere
1016 1705 1432 1785 temptarunt
1470 1699 1578 1761 dia
1601 1686 1681 1760 'de
1710 1696 1882 1761 clade
1913 1703 1981 1759 et
2011 1696 2314 1761 Enceladi
2351 1701 2428 1763 de
2458 1703 2660 1765 clade.-
2691 1701 2812 1766 Sal-

615 1800 862 1864 masius
892 1807 1111 1862 autem
1155 1797 1408 1882 pariter
1437 1817 1516 1859 ac
1548 1804 1744 1861 vetus
1773 1794 1881 1859 ille
1911 1793 2121 1857 Italus
2149 1799 2458 1881 peccavit
2487 1847 2503 1873 ,
2559 1822 2698 1863 cum
2729 1801 2809 1863 in·

618 1898 954 1985 eptissime
983 1897 1143 1960 fecit
1168 1896 1371 1959 media
1400 1919 1432 1957 e
1458 1919 1529 1958 re
1558 1896 1732 1959 clade
1760 1905 1966 1959 coorta
1985 1944 1998 1957 .
2029 1894 2303 1958 Isaacus
2335 1893 2624 1962 Vossius
2652 1919 2809 1984 egre·

615 1998 719 2082 gie
763 2004 830 2060 et
869 1995 939 2059 in
977 1994 1244 2058 homine
1284 1991 1508 2056 iudicii
1548 1994 1712 2057 alias
1752 1992 2239 2078 perversissimi
2266 1992 2468 2057 valde
2509 1995 2808 2060 laudanda

616 2094 1033 2179 simplicitate
1062 2115 1254 2179 neque
1282 2093 1441 2154 enim
1472 2113 1628 2153 man
1646 2113 1867 2155 1oclu
1899 2092 2103 2155 clade.
2134 2090 2206 2154 id
2234 2093 2610 2178 probarunt
2637 2095 2807 2159 Nico-

614 2195 761 2258 laus
784 2192 1102 2256 Heinsius
1133 2188 1221 2254 ad
1244 2187 1467 2253 Ovidii
1495 2190 1931 2274 metamorph.
1950 2212 2037 2265 iv,
2054 2188 2176 2253 536
2198 2238 2214 2263 ,
2241 2189 2622 2258 Richardus
2635 2193 2806 2257 Bent-

615 2291 781 2354 leius
799 2339 817 2365 ‚
845 2299 1203 2377 postquam
1228 2287 1548 2373 cognovit
1576 2285 1757 2371 (vide
1787 2286 2100 2351 editionis
2129 2288 2565 2375 Glasguensis
2593 2300 2806 2355 tomum

616 2411 687 2451 1v
716 2411 780 2473 p.
798 2388 946 2471 454)
966 2436 981 2463 ,
1014 2386 1354 2474 Gilbertus
1386 2382 1843 2449 Wakefieldus
1871 2385 1982 2449 hic
2011 2385 2279 2470 quidem
2307 2390 2574 2453 veritati
2602 2411 2806 2454 conce·

616 2485 821 2549 dens:
853 2492 1089 2548 contra
1116 2484 1492 2547 reiecerunt
1522 2482 1882 2552 Creechius
1902 2532 1917 2559 ,
1957 2483 2499 2572 Havercampus,
2536 2488 2807 2551 Eichsta·

616 2582 764 2647 dius
794 2631 810 2656 ‚
867 2579 1224 2667 splendida
1263 2581 1518 2645 scilicet
1558 2580 1825 2665 ingenui
1863 2581 2089 2646 iudicii
2132 2586 2467 2673 exempla:
2521 2585 2807 2669 Forbiger

612 2678 776 2743 illud
801 2673 1029 2763 ‘quem
1059 2699 1329 2742 sensum
1357 2677 1674 2741 idoneum
1715 2681 2101 2765 praeberet’
2131 2703 2281 2745 sese
2310 2685 2688 2770 perspicere
2713 2705 2805 2746 ne·

612 2777 826 2863 gavit,
855 2775 1140 2840 lectores
1164 2785 1386 2840 autem
1409 2798 1533 2840 suo
1563 2775 1807 2841 iudicio
1834 2779 1932 2842 uti
1961 2780 2184 2843 iussit.
2215 2781 2375 2844 mihi
2405 2781 2670 2846 dubium
2695 2804 2804 2845 non

614 2886 720 2940 est
743 2874 901 2960 quin
934 2895 1081 2937 eum
1112 2896 1343 2938 omnes
1364 2874 1580 2939 Pareo
1612 2875 2001 2941 simillimum
2032 2877 2322 2943 habituri
2349 2882 2518 2945 sint.
2551 2890 2804 2945 ceterum

595 2974 896 3064 flammae
922 2983 1234 3058 tempestas
1263 2994 1434 3059 quae
1465 2974 1554 3037 sit
1580 2995 1719 3037 non
1761 2974 2109 3062 intellego:
2153 2986 2338 3042 recte
2381 2980 2804 3065 probaverunt

614 3071 999 3135 niumm
1027 3070 1343 3135 Heinsius
1374 3081 1443 3135 et
1470 3070 1929 3138 VVakefieldus
1951 3124 1966 3138 .

776 3169 916 3233 648.
949 3184 1603 3234 nsssrlc'lnnnum.
1648 3170 1967 3257 Impressi
1995 3195 2618 3239 msmcinunuu.
2647 3173 2804 3238 simili

612 3265 815 3331 modo
846 3265 1193 3332 Vitruvius
1223 3269 1587 3354 dispiciendi
1613 3269 1822 3333 verbo
1852 3293 2016 3335 usus
2061 3279 2165 3336 est
2201 3273 2269 3336 in
2308 3274 2558 3350 1x‚4‚5,
2597 3296 2804 3339 earnm·

613 3389 729 3451 que
759 3367 961 3451 capita
988 3368 1143 3430 inter
1169 3391 1233 3431 se
1259 3368 1642 3453 dispicientia
1668 3380 1812 3432 sunt
1835 3371 2128 3435 collocata
2148 3420 2161 3434 .

777 3464 916 3527 651.
950 3488 995 3527 M
1014 3488 1485 3529 umen-:snm
1504 3516 1517 3530 .
1562 3465 1767 3551 Apud
1796 3466 2084 3533 Nonium
2123 3492 2188 3555 p.
2207 3470 2342 3545 136,
2365 3470 2441 3534 14
2469 3472 2804 3543 multesima,

615 3561 860 3625 omisso
899 3564 1005 3625 εἰι.
1050 3588 1124 3626 ae
1163 3563 1405 3628 litteris
1444 3565 1754 3628 librarius
1797 3565 2151 3654 archetypi
2193 3590 2355 3632 usus
2397 3577 2504 3632 est
2544 3568 2628 3633 ad
2663 3565 2802 3631 indi·

613 3657 898 3723 candum
939 3660 1119 3724 illum
1163 3670 1466 3747 apertum
1510 3688 1543 3726 e
1586 3662 1847 3726 litterae
1891 3686 2128 3729 sonum
2169 3665 2256 3730 de
2302 3690 2438 3752 quo
2483 3666 2618 3731 dixi
2643 3664 2720 3730 ad
2745 3664 2802 3727 li·

611 3760 805 3823 brum
836 3759 1073 3833 v‚1229
1091 3807 1105 3831 ‚
1153 3782 1366 3846 eoque
1397 3762 1546 3826 Itali
1575 3762 1779 3826 hodie
1807 3770 2088 3828 utuntur
2121 3765 2193 3828 in
2219 3768 2536 3830 ventesimo
2565 3774 2632 3828 et
2657 3772 2802 3827 cete·

613 3858 704 3920 ris
730 3857 870 3920 eius
893 3853 1099 3921 modi.
1123 3858 1276 3923 huic
1302 3882 1469 3924 sono
1496 3861 1932 3948 exprimendo
1958 3872 2186 3950 aptum
2212 3872 2315 3927 est
2339 3865 2598 3949 signum
2614 3911 2628 3933 ‚
2651 3858 2801 3947 quod

610 3956 834 4019 multis
872 3956 1155 4040 placuit,
1197 3956 1282 4037 ce,
1326 3958 1565 4022 litteris
1596 3961 2039 4046 complicatis.
2087 3960 2534 4025 Terentianus
2565 3961 2802 4025 Maurus

610 4075 675 4138 p.
695 4053 858 4117 2393
888 4053 1051 4118 2394
1094 4077 1231 4118 non
1276 4056 1714 4143 reprehendit
1763 4080 1879 4123 eos
1924 4061 2038 4143 qui
2068 4083 2194 4123 coeu
2236 4059 2346 4122 vel
2376 4060 2668 4144 AEupohfl
2703 4076 2800 4142 per

613 4151 1085 4237 diphthongon
1116 4152 1448 4230 dicerent,
1480 4153 1603 4218 sed
1633 4157 1748 4241 qui
1774 4157 2001 4243 priore
2031 4157 2246 4222 vocali
2273 4155 2610 4243 producta
2639 4153 2799 4241 diph-

609 4249 916 4336 thongon
941 4250 1339 4316 diducerent
1355 4300 1372 4327 ,
1400 4259 1476 4316 ut
1495 4254 1811 4318 A-uruncz‘
1832 4262 1899 4319 ct
1922 4278 2080 4319 coe-u
2102 4264 2422 4319 sonarent
2443 4264 2518 4318 ut
2539 4252 2798 4319 Archela-

608 4370 681 4409 us
723 4357 791 4410 et
829 4350 1198 4432 Aristoe-us5
1253 4370 1651 4434 quamquam
1693 4351 2192 4439 productiorem
2244 4375 2480 4417 sonum
2528 4348 2796 4418 concedit

612 4445 852 4528 auspici
896 4455 964 4509 et
1004 4471 1158 4512 auro
1204 4456 1273 4511 et
1303 4447 1563 4511 Graeco
1595 4449 1845 4533 αῩριοΝ,
1894 4451 2081 4516 cuius
2112 4450 2522 4529 differentiae
2566 4468 2797 4515 causam
