3042 5192
588 468 723 536 100
832 437 849 450 “
1661 467 1757 536 1n

660 642 753 706 Et
782 640 1093 727 quoniam
1124 648 1274 704 toto
1305 641 1627 705 sentimus
1656 661 1947 727 corpore
1976 643 2200 707 inesse

430 774 528 820 635
581 756 849 821 vitalem
879 777 1150 821 sensum
1180 763 1250 819 et
1278 763 1494 820 totum
1526 776 1675 821 esse
1705 757 1983 821 animale
2011 757 2315 822 videmus
2334 807 2351 831 ‚

585 871 640 935 si
671 871 893 936 subito
923 869 1212 934 medium
1243 869 1441 934 celeri
1468 869 1876 957 praeciderit
1901 872 2040 935 ictu

582 986 685 1050 vis
715 985 939 1070 aliqua
956 1034 972 1062 ‚
992 995 1071 1049 ut
1100 1006 1363 1049 sorsum
1391 995 1655 1072 partem
1684 993 1995 1051 secernat
2020 994 2377 1072 utramque
2398 1037 2413 1056 ,

583 1099 938 1186 dispertita
964 1098 1204 1186 procul
1232 1097 1437 1163 dubio
1471 1120 1745 1185 quoque
1772 1101 1875 1165 vis
1905 1101 2145 1165 animai

585 1222 654 1278 et
684 1214 967 1279 discissa
996 1214 1191 1277 simul
1218 1235 1367 1278 cum
1397 1236 1686 1301 corpore
1719 1213 2096 1280 dissicietur
2116 1263 2130 1279 .

425 1346 524 1394 640
579 1338 650 1394 at
681 1327 867 1414 quod
896 1327 1226 1393 scinditur
1254 1337 1322 1393 et
1349 1330 1564 1416 partis
1596 1328 1886 1394 discedit
1911 1330 1980 1394 in
2009 1331 2180 1395 ullas
2199 1381 2215 1406 ‚

578 1445 831 1509 scilicet
848 1493 863 1519 ‚
885 1452 1226 1507 aeternam
1255 1444 1380 1508 sibi
1408 1452 1717 1509 naturam
1746 1445 1981 1510 abnuit
2009 1466 2159 1510 esse
2178 1494 2194 1508 .

579 1559 920 1623 falciferos
948 1566 1320 1623 memorant
1349 1580 1585 1622 currus
1615 1558 1965 1623 abscidere
1991 1560 2288 1624 membra

577 1693 780 1759 saepe
808 1674 905 1738 ita
934 1672 1020 1736 de
1050 1674 1272 1738 subito
1301 1674 1637 1760 permixta
1665 1672 1873 1737 caede
1903 1675 2183 1739 calentis
2202 1724 2217 1750 ‚

575 1798 652 1853 ut
677 1795 962 1852 tremere
990 1789 1059 1851 in
1088 1795 1271 1852 terra
1296 1787 1610 1852 videatur
1639 1790 1725 1852 ab
1755 1789 2037 1854 artubus
2065 1788 2140 1853 id
2170 1789 2356 1875 quod

423 1921 520 1967 645
579 1902 829 1967 decidit
856 1904 1189 1967 abscisum
1208 1951 1224 1980 ‚
1251 1924 1400 1966 cum
1428 1924 1617 1967 mens
1646 1911 1868 1967 tamen
1898 1911 2103 1988 atque
2129 1902 2416 1968 hominis
2444 1905 2548 1968 vis

575 2019 941 2083 mobilitate
969 2018 1123 2081 mali
1151 2040 1290 2082 non
1322 2018 1470 2103 quit
1498 2019 1750 2082 sentire
1779 2017 2116 2082 dolorem:

579 2143 648 2199 et
675 2133 881 2198 semel
906 2134 975 2196 in
1003 2153 1269 2219 pugnae
1300 2131 1527 2196 studio
1559 2131 1749 2217 quod
1778 2131 2007 2197 dedita
2035 2154 2222 2196 mens
2253 2141 2358 2198 est
2375 2182 2390 2208 ,

575 2269 861 2335 corpore
890 2248 1152 2333 reliqiio
1182 2268 1480 2333 pugnam
1510 2246 1889 2331 caedesque
1918 2248 2237 2333 petessit‚

573 2385 696 2427 nec
727 2371 914 2427 tenet
942 2362 1250 2427 amissam
1277 2362 1535 2426 laevam
1565 2383 1714 2426 cum
1744 2362 2031 2447 tegmine
2062 2383 2265 2449 saepe

423 2495 521 2541 650
576 2479 752 2542 inter
782 2499 995 2563 equos
1026 2478 1346 2542 abstraxe
1372 2485 1564 2542 rotas
1592 2476 1936 2561 falcesque
1962 2497 2246 2562 rapaces
2264 2526 2280 2552 ‚

569 2613 695 2656 nec
725 2590 1047 2656 cecidisse
1079 2591 1246 2656 alius
1279 2591 1585 2657 dextram
1605 2641 1621 2668 ‚
1644 2614 1796 2656 cum
1825 2590 2089 2656 scandit
2128 2600 2197 2656 et
2222 2592 2464 2657 instat.

573 2706 730 2771 inde
761 2706 927 2771 alius
957 2714 1241 2771 conatur
1271 2705 1591 2793 adempto
1623 2727 1899 2792 surgere
1929 2727 2124 2770 crure
2144 2755 2160 2783 ‚

571 2843 720 2885 cum
750 2820 999 2908 digitos
1029 2822 1240 2908 agitat
1265 2830 1551 2909 propter
1580 2819 2019 2886 moribundus
2047 2821 2230 2885 humi
2259 2843 2381 2907 pes
2402 2871 2416 2884 .

573 2944 641 3001 et
670 2944 874 3024 caput
902 2937 1234 3001 abscisum
1264 2935 1483 3001 calido
1513 2937 1918 3021 viventeque
1949 2943 2193 3000 trunco

416 3069 514 3115 655
571 3060 799 3118 servat
825 3051 1009 3115 humi
1038 3051 1294 3116 voltum
1323 3051 1594 3116 vitalem
1625 3051 1997 3135 oculosque
2025 3052 2320 3138 patentis
2339 3102 2355 3127 ‚

569 3167 788 3232 donec
815 3167 1130 3255 reliquias
1159 3168 1398 3231 animai
1426 3165 1726 3230 reddidit
1756 3187 1987 3230 omnes
2006 3214 2022 3228 .

568 3283 727 3369 quin
758 3283 953 3346 etiam
982 3281 1102 3346 tibi
1133 3282 1223 3356 si,
1244 3281 1471 3366 lingua
1498 3280 1808 3345 vibrante
1826 3327 1841 3355 ,
1863 3280 2133 3344 micanti

567 3403 945 3484 serpentem
976 3394 1224 3472 cauda,
1248 3417 1284 3458 c
1313 3415 1603 3480 procero
1635 3414 1926 3479 corpore
1954 3394 2287 3481 utrimque
2305 3445 2321 3471 ‚

563 3512 651 3575 sit
677 3509 934 3575 libitum
961 3512 1031 3573 in
1058 3508 1302 3573 multas
1332 3508 1544 3594 partis
1576 3505 1906 3571 discidere
1934 3507 2116 3572 ferro
2137 3559 2153 3585 ,

408 3642 507 3688 660
564 3624 784 3689 omnia
811 3625 938 3688 iam
969 3644 1231 3689 sorsum
1262 3644 1496 3686 cernes
1527 3623 1753 3688 ancisa
1781 3624 2037 3688 recenti

562 3739 838 3804 volnere
868 3739 1109 3803 tortari
1141 3746 1210 3802 et
1238 3746 1485 3803 terram
1514 3759 1965 3826 conspargere
1994 3739 2156 3803 tabo
2174 3788 2190 3815 ‚

559 3856 772 3941 ipsam
803 3874 1010 3937 seque
1038 3861 1223 3918 retro
1254 3862 1515 3940 partem
1543 3861 1776 3941 petere
1807 3876 1924 3918 ore
1951 3853 2245 3941 priorem
2263 3901 2279 3928 ‚

560 3969 854 4034 volneris
883 3967 1146 4033 ardenti
1173 3978 1251 4035 ut
1277 3992 1506 4035 morsu
1533 3975 1795 4057 premat
1822 3969 1957 4033 icta
1985 3967 2286 4033 dolorem
2306 4018 2320 4032 .

565 4283 662 4330 644
701 4275 767 4327 ad
803 4276 1021 4330 artubus
1059 4275 1080 4349 ΙΙ
1117 4282 1214 4330 645
1252 4278 1452 4332 Dicidit
1488 4276 1508 4348 Η
1548 4281 1645 4328 647
1683 4273 1839 4328 simul
1886 4275 1907 4344 ΙΙ
1944 4280 2044 4327 650
2079 4282 2200 4326 rote
2242 4272 2262 4343 ΙΙ
2303 4280 2398 4327 651
2440 4275 2595 4329 istat.
2636 4277 2656 4348 ΙΙ
2693 4282 2789 4329 657

562 4360 812 4413 minanti.
873 4358 893 4430 ΙΙ
953 4367 1051 4414 658
1090 4361 1368 4432 Serpentis
1394 4360 1563 4414 caude
1585 4374 1814 4429 procero
1874 4357 1894 4426 ΙΙ
1954 4364 2264 4428 utrumque.
2326 4357 2348 4431 ΙΙ
2408 4363 2506 4411 662
2531 4368 2743 4413 rei-etro
2772 4361 2790 4429 ΙΙ

559 4449 656 4496 663
694 4443 908 4498 dolore.
