3042 5192
666 458 810 526 218
1731 458 1829 526 VI

508 650 603 695 375
662 653 786 695 nec
814 633 1118 695 mirumst
1136 679 1151 705 ,
1171 630 1241 693 in
1271 650 1351 693 eo
1382 631 1441 693 si
1469 637 1771 715 tempore
1801 632 2084 717 plurima
2110 631 2278 696 fiunt

660 747 934 812 fulmina
963 751 1464 831 tempestasque
1496 745 1707 808 cietur
1735 744 2007 811 turbida
2036 748 2223 811 caelo
2243 796 2258 822 ,

660 862 931 949 ancipiti
963 860 1277 945 quoniam
1304 859 1482 922 bello
1512 860 1825 924 turbatur
1854 862 2190 946 utrimque
2209 911 2226 937 ‚

660 978 817 1040 hinc
847 975 1122 1039 flammis
1140 1023 1155 1048 ‚
1177 973 1356 1038 illinc
1382 974 1603 1038 ventis
1622 1022 1638 1048 ‚
1661 995 2027 1060 umoreque
2055 977 2266 1041 mixto
2287 1029 2300 1042 .

744 1091 897 1155 Hoc
928 1097 1033 1153 est
1058 1088 1320 1174 igniferi
1348 1096 1655 1153 naturam
1681 1089 1970 1154 fulminis
1999 1091 2212 1176 ipsam

506 1225 603 1270 380
658 1206 1044 1293 perspicere
1075 1212 1143 1268 et
1171 1224 1306 1288 qua
1333 1204 1401 1267 vi
1428 1203 1634 1267 faciat
1661 1226 1803 1269 rem
1834 1227 2168 1291 quamque
2197 1206 2424 1271 videre
2444 1257 2459 1274 ,

660 1343 799 1385 non
827 1319 1190 1406 Tyrrhena
1215 1326 1399 1383 retro
1428 1320 1813 1383 volventem
1842 1321 2136 1385 carmina
2163 1321 2410 1386 frustra

659 1434 904 1499 indicia
935 1434 1237 1498 occultae
1269 1432 1493 1497 divum
1520 1435 1913 1520 perquirere
1941 1437 2181 1500 mentis
2198 1485 2216 1512 ‚

661 1548 841 1613 unde
870 1548 1105 1612 volans
1136 1548 1307 1633 ignis
1336 1549 1722 1634 pervenerit
1749 1557 1865 1613 aut
1891 1550 1960 1612 in
1989 1557 2208 1614 utram
2237 1572 2310 1614 se

661 1664 938 1727 verterit
964 1663 1120 1726 hinc
1150 1663 1393 1748 partim
1411 1711 1426 1736 ‚
1452 1684 1587 1747 quo
1617 1672 1820 1749 pacto
1852 1686 1974 1750 per
2003 1665 2156 1730 loca
2184 1673 2420 1752 saepta

506 1797 602 1842 385
656 1779 1006 1842 insinuarit
1023 1827 1038 1854 ‚
1063 1785 1129 1841 et
1158 1776 1314 1840 hinc
1344 1775 1725 1842 dominatus
1753 1786 1832 1844 ut
1862 1778 2174 1844 extulerit
2203 1802 2276 1845 se
2294 1830 2309 1856 ,

662 1892 907 1978 quidve
936 1913 1180 1956 nocere
1213 1900 1418 1976 queat
1447 1891 1534 1956 de
1565 1894 1750 1957 caelo
1781 1892 2069 1958 fuhninis
2098 1895 2304 1960 ictus.

661 2006 848 2093 quod
878 2008 933 2071 si
961 2007 1261 2094 Iuppiter
1291 2015 1495 2092 atque
1530 2008 1638 2071 alii
1666 2007 1991 2094 fulgentia
2020 2008 2156 2073 divi

660 2122 946 2187 terrifico
979 2122 1287 2207 quatiunt
1316 2124 1541 2187 sonitu
1572 2124 1886 2188 caelestia
1913 2124 2163 2209 templa

656 2247 725 2303 et
750 2239 998 2302 iaciunt
1024 2238 1244 2322 ignem
1276 2258 1409 2321 quo
1441 2238 1750 2322 cuiquest
1779 2259 2063 2323 cumque
2091 2239 2407 2327 voluptas
2425 2290 2440 2312 ‚

505 2371 602 2416 390
659 2376 778 2417 cur
808 2354 1051 2438 quibus
1079 2353 1419 2416 incautum
1449 2353 1669 2416 scelus
1699 2354 2069 2420 aversabile
2101 2363 2450 2439 cumquest

656 2490 793 2531 non
821 2467 1074 2531 faciunt
1102 2467 1217 2529 icti
1244 2466 1540 2531 flammas
1570 2474 1649 2531 ut
1674 2466 1956 2554 fulguris
1984 2468 2218 2533 halent

656 2590 933 2668 pectore
962 2581 1219 2667 perfixo
1239 2630 1254 2656 ,
1280 2581 1611 2646 documen
1639 2583 2033 2648 mortalibus
2063 2604 2217 2647 acre
2236 2633 2252 2659 ,

662 2706 730 2762 et
758 2698 981 2782 potius
1011 2696 1192 2761 nulla
1220 2696 1345 2762 sibi
1372 2699 1553 2781 turpi
1585 2699 1893 2762 conscius
1921 2699 1992 2762 in
2019 2720 2094 2761 re

657 2812 949 2876 volvitur
976 2813 1045 2875 in
1075 2812 1350 2876 flammis
1378 2813 1692 2876 innoxius
1719 2813 1921 2896 inque
1952 2812 2219 2898 peditur

504 2944 600 2990 395
658 2927 922 2992 turbine
952 2928 1223 2992 caelesti
1252 2927 1474 2991 subito
1507 2934 1863 3012 correptus
1895 2935 1963 2991 et
1990 2928 2126 3014 igni
2143 2927 2175 2990 Ρ

658 3065 776 3106 cur
807 3043 1002 3106 etiam
1030 3043 1180 3107 loca
1209 3042 1357 3107 sola
1383 3049 1627 3129 petunt
1653 3040 2040 3128 frustraque
2066 3043 2428 3107 laborant?

656 3181 741 3223 an
768 3167 909 3223 tum
941 3158 1255 3223 bracchia
1284 3170 1738 3222 consuescunt
1764 3157 2164 3244 firmantque
2193 3158 2485 3223 lacertos
2503 3159 2535 3222 Ρ

656 3276 724 3336 in
753 3281 1069 3359 terraque
1099 3274 1308 3358 patris
1341 3295 1459 3336 cur
1487 3274 1696 3337 telum
1723 3274 2189 3359 perpetiuntur

658 3388 943 3472 optundi
960 3389 992 3450 Ρ
1016 3410 1133 3452 cur
1160 3388 1305 3474 ipse
1337 3389 1492 3451 sinit
1510 3437 1526 3463 ‚
1551 3408 1768 3473 neque
1798 3389 2016 3472 parcit
2041 3388 2112 3451 in
2140 3387 2358 3452 hostis
2375 3388 2408 3450 Ρ

505 3521 601 3566 400
658 3501 947 3588 denique
980 3525 1097 3567 cur
1124 3524 1485 3588 numquam
1515 3503 1702 3567 caelo
1731 3503 1889 3566 iacit
1918 3501 2216 3588 undique
2245 3525 2417 3591 puro

660 3618 958 3705 Iuppiter
985 3619 1054 3681 in
1081 3626 1298 3683 terras
1326 3617 1574 3681 fulmen
1605 3618 2000 3703 sonitusque
2030 3617 2429 3704 profundit?

657 3756 741 3798 an
773 3732 963 3796 simul
993 3754 1071 3797 ac
1100 3733 1314 3798 nubes
1344 3755 1732 3797 successere
1751 3782 1766 3808 ‚
1786 3734 1933 3818 ipse
1962 3734 2030 3796 in
2062 3755 2175 3797 eas
2209 3742 2346 3798 tum

657 3846 1042 3923 descendit,
1066 3869 1283 3935 prope
1312 3856 1390 3912 ut
1416 3848 1574 3911 hinc
1606 3849 1719 3912 teli
1749 3847 2147 3912 determinet
2172 3849 2348 3913 ictus
2365 3849 2398 3910 Ρ

659 3965 725 4026 in
754 3985 934 4027 mare
968 3985 1101 4048 qua
1128 3985 1335 4049 porro
1365 3963 1567 4027 mittit
1595 3964 1853 4027 ratione
1872 3963 1904 4025 Ρ
1929 3963 2090 4049 quid
2118 3962 2337 4027 undas

666 4279 762 4325 375
801 4289 896 4324 eos
932 4280 1174 4342 tempore
1220 4275 1241 4340 ιι
1293 4278 1391 4325 376
1429 4273 1509 4324 eie
1558 4275 1578 4341 Η
1627 4278 1724 4326 377
1763 4273 1922 4327 bellio
1976 4277 1995 4342 ιι
2045 4280 2142 4326 382
2181 4274 2373 4326 menti.
2412 4274 2431 4340 ιι
2470 4278 2567 4326 383
2605 4279 2818 4326 utmne.
2851 4265 2864 4324 ¹!

667 4362 765 4409 384
802 4356 885 4408 hic
936 4355 956 4422 ΙΙ
1010 4361 1106 4406 385
1147 4354 1389 4409 eatulerit
1424 4357 1443 4423 ΙΙ
1490 4362 1591 4407 386
1628 4355 1874 4410 fiilmines
1914 4357 1934 4424 ΙΙ
1972 4364 2069 4411 389
2107 4376 2211 4429 quo
2249 4359 2458 4428 inquest
2501 4359 2521 4424 ΙΙ
2557 4357 2817 4409 voluntas.
2849 4349 2864 4390 Η

666 4447 761 4493 393
801 4441 1017 4494 concius
1057 4439 1077 4504 ΙΙ
1117 4446 1209 4491 401
1254 4439 1580 4510 Iuppiterras
1618 4441 1638 4506 11
1679 4447 1774 4493 402
1814 4441 1866 4493 in
1903 4458 1993 4493 aes
