3042 5192
1290 478 1417 547 1111
2324 485 2452 553 141

95 673 173 719 79³
217 664 551 719 nocturno
580 653 810 716 facere
838 659 917 716 ut
943 651 1215 738 possint
1241 652 1310 715 in
1338 660 1640 739 tempore
1669 651 1868 718 ludos
1887 703 1901 716 .

222 792 303 834 an
332 768 550 855 magis
580 764 746 832 illud
776 766 904 830 erit
929 786 1162 829 verum
1179 765 1212 828 Ρ
1236 767 1392 852 quia
1420 775 1724 855 tempore
1751 768 1821 832 in
1847 790 1983 833 uno

96 903 173 948 796
220 895 531 973 tempora
558 881 768 947 multa
795 880 1010 945 latent
1027 929 1042 956 ,
1063 880 1236 944 ratio
1269 903 1440 967 quae
1471 886 1799 970 comperit
1826 905 1976 948 esse
1994 934 2010 960 ‚

220 1007 592 1088 propterea
616 996 695 1061 fit
719 996 818 1060 uti
850 995 1090 1081 quovis
1116 996 1187 1058 in
1216 1003 1520 1085 tempore
1551 1018 1859 1084 quaeque

221 1121 453 1202 presto
483 1112 624 1176 sint
653 1110 1006 1175 simulacra
1032 1110 1199 1175 locis
1225 1110 1295 1175 in
1325 1112 1613 1198 quisque
1640 1122 1881 1200 parata
1899 1163 1913 1177 .

95 1246 174 1293 802
223 1237 288 1293 et
316 1228 478 1314 quia
506 1221 735 1291 tenvia
763 1234 953 1303 sunt,
974 1225 1102 1290 nisi
1132 1246 1207 1290 se
1237 1225 1590 1291 contendit
1607 1277 1622 1303 ‚
1645 1236 1840 1293 acute

220 1363 497 1408 cernere
527 1362 663 1405 non
691 1340 879 1428 potis
911 1348 1019 1405 est
1048 1340 1338 1404 animus:
1361 1340 1648 1427 proinde
1678 1344 1899 1407 omnia
1928 1366 2100 1431 quae
2130 1355 2291 1410 sunt

220 1467 577 1547 praeterea
602 1463 926 1543 pereunt,
947 1456 1075 1518 nisi
1107 1452 1164 1519 si
1197 1475 1368 1540 quae
1399 1453 1488 1517 ad
1519 1457 1768 1544 seipse
1796 1460 2061 1545 paravit
2080 1509 2093 1523 .

95 1589 172 1634 805
219 1573 365 1660 ipse
394 1578 599 1660 parat
627 1590 777 1635 sese
805 1591 1011 1657 porro
1029 1617 1045 1645 ‚
1069 1576 1432 1656 speratque
1460 1568 1758 1634 futurum

215 1694 293 1751 ut
319 1685 556 1750 videat
583 1682 770 1770 quod
799 1685 1233 1770 consequitur
1260 1705 1403 1747 rem
1434 1705 1800 1771 quamque:
1826 1687 1903 1752 fit
1933 1709 2092 1775 ergo
2114 1739 2127 1752 .

226 1822 450 1865 nonne
477 1799 672 1864 vides
703 1799 939 1864 oculos
972 1799 1168 1863 etiam
1185 1847 1202 1874 ‚
1226 1821 1375 1862 cum
1402 1801 1630 1864 tenvia
1660 1795 2022 1886 qu'ae'sunt

92 1932 175 1979 800
228 1937 501 1980 cernere
532 1920 933 2004 coeperunt,
956 1911 1366 1984 contendere
1397 1937 1469 1978 se
1499 1923 1704 2001 atque
1731 1938 1974 2003 parare
1992 1967 2008 1994 ‚

222 2052 344 2094 nec
375 2031 521 2095 sine
552 2052 634 2095 eo
662 2029 804 2094 fieri
832 2050 1039 2116 posse
1069 2036 1145 2093 ut
1174 2050 1524 2093 cernamus
1555 2037 1752 2094 acute
1770 2030 1803 2093 P

226 2154 546 2211 ettamen
572 2148 642 2209 in
669 2145 872 2209 rebus
903 2165 1174 2230 quoque
1203 2144 1455 2231 apertis
1485 2167 1771 2210 noscere
1800 2148 2028 2234 possis
2047 2197 2062 2223 ‚

228 2262 282 2326 si
306 2283 451 2326 non
480 2260 800 2325 advertas
830 2260 1148 2335 animum,
1169 2258 1459 2346 proinde
1490 2281 1642 2324 esse
1673 2262 1865 2346 quasi
1896 2263 2075 2326 omni

222 2387 525 2465 tempore
557 2382 885 2440 semotum
910 2374 1113 2437 fuerit
1139 2374 1473 2460 longeque
1502 2383 1830 2440 remotum
1849 2425 1864 2439 .

224 2513 338 2555 cur
364 2492 572 2578 igitur
598 2491 900 2554 mirumst
919 2537 935 2564 ‚
957 2488 1213 2552 animus
1245 2488 1302 2552 si
1330 2496 1556 2553 cetera
1583 2489 1809 2577 perdit

94 2623 175 2667 815
224 2616 490 2694 praeter
520 2627 719 2691 quam
751 2604 992 2691 quibus
1023 2611 1128 2667 est
1154 2603 1224 2666 in
1251 2604 1455 2668 rebus
1489 2603 1759 2669 deditus
1788 2606 1934 2691 ipse
1952 2607 1985 2669 Ρ

227 2720 470 2785 deinde
500 2719 938 2807 adopinamur
969 2717 1056 2782 de
1086 2718 1290 2804 signis
1320 2721 1607 2784 maxima
1632 2720 1861 2804 parvis
1879 2769 1896 2797 ‚

223 2857 299 2900 ac
325 2858 455 2900 nos
484 2837 553 2899 in
578 2832 885 2899 fraudem
910 2833 1246 2898 induimus
1271 2832 1718 2898 frustraminis
1745 2836 1932 2920 ipsi.]

302 2950 411 3015 Fit
442 2972 717 3037 quoque
743 2957 822 3014 ut
848 2950 1022 3013 inter
1054 2946 1212 3012 dum
1237 2969 1376 3011 non
1406 2947 1876 3036 suppeditetur
1900 2950 2119 3036 imago

228 3065 523 3131 eiusdem
553 3065 818 3152 generis
835 3114 851 3142 ‚
876 3063 1000 3128 sed
1029 3063 1272 3128 femina
1301 3083 1474 3148 quae
1502 3062 1629 3127 fuit
1658 3071 1812 3128 ante
1835 3114 1851 3140 ‚

94 3195 176 3242 820
224 3181 288 3244 in
314 3182 624 3246 manibus
650 3181 753 3244 vir
780 3180 881 3244 uti
905 3178 1128 3243 factus
1157 3177 1468 3244 videatur
1497 3176 1741 3243 adesse
1759 3227 1775 3254 ,

223 3305 337 3360 aut
364 3297 493 3361 alia
521 3318 607 3360 ex
635 3296 764 3359 alia
788 3294 996 3359 facies
1027 3301 1350 3379 aetasque
1381 3301 1704 3379 sequatur
1725 3342 1739 3356 .

94 3425 177 3471 828
226 3411 409 3496 quod
434 3432 524 3474 ne
551 3411 863 3475 miremur
892 3431 1100 3495 sopor
1128 3417 1331 3495 atque
1364 3410 1610 3474 oblivia
1640 3418 1879 3474 curant
1898 3459 1911 3473 .

94 3539 177 3586 822
304 3524 518 3611 [mud
547 3526 617 3590 in
645 3524 749 3590 his
777 3525 1008 3589 vitium
1033 3533 1378 3591 vementer
1406 3526 1589 3591 rebu’
1618 3533 1966 3590 necessest

227 3641 514 3728 effugere
532 3691 549 3718 ‚
574 3662 865 3705 errorem
892 3641 1241 3727 vitareque
1269 3647 1806 3725 praemetuenter
1824 3689 1840 3716 ‚

224 3756 469 3822 lumina
494 3778 583 3821 ne
610 3756 822 3821 facias
852 3756 1199 3821 oculorum
1230 3756 1411 3819 clara
1441 3764 1701 3832 creata,

96 3885 175 3932 825
226 3874 617 3960 prospicere
646 3883 723 3937 ut
749 3892 1103 3959 possemus
1121 3920 1137 3949 ‚
1162 3880 1231 3936 et
1257 3879 1334 3936 ut
1361 3872 1668 3958 proferre
1699 3892 2018 3957 queamus

230 4104 635 4113 —.———--.—.-—

234 4216 330 4262 789
356 4211 437 4262 sin
474 4213 494 4278 ζι
536 4210 687 4265 locos
724 4211 746 4279 ΙΙ
784 4217 1265 4266 799-8012774
1289 4218 1384 4265 771
1414 4219 1542 4265 772.
1582 4213 1602 4282 Η
1640 4218 1738 4265 802
1774 4213 2007 4283 nisique
2043 4213 2064 4282 Η
2099 4217 2198 4265 804
2233 4212 2280 4264 si
2303 4221 2458 4267 omis-

228 4314 363 4347 sum.
401 4295 422 4363 ΙΙ
462 4311 529 4347 ex
567 4296 589 4364 ΙΙ
625 4300 724 4348 805
762 4294 1017 4349 suturam.
1055 4296 1076 4366 ΙΙ
1113 4301 1445 4351 8082804.
1484 4298 1505 4368 ΙΙ
1543 4304 1637 4350 811
1678 4314 1873 4350 nocere
1911 4298 1932 4366 ΙΙ
1977 4302 2075 4348 815
2113 4296 2402 4349 Praeterea
2440 4298 2462 4364 Η

227 4384 327 4430 818
362 4396 461 4432 nos
499 4379 521 4447 ΙΙ
559 4384 660 4432 820
697 4379 879 4432 virtuti
929 4379 949 4448 ΙΙ
997 4386 1095 4434 822
1131 4381 1215 4436 his
1254 4383 1412 4437 rebus
1451 4383 1635 4437 vitium
1670 4382 2008 4436 vehementer
2041 4382 2241 4435 inesse.
2290 4381 2312 4448 ΙΙ
2360 4385 2457 4432 822

229 4459 497 4532 ultan-eque
532 4461 556 4531 ΙΙ
593 4467 691 4515 825
728 4465 1001 4534 possimus
1037 4464 1059 4531 ΙΙ
1096 4466 1206 4519 via.
