3042 5192
568 472 663 539 94
1632 470 1728 539 ΠΙ

564 645 721 711 inde
749 644 863 707 ubi
892 643 1189 708 robustis
1218 642 1517 708 adolevit
1543 645 1797 710 viribus
1825 652 2013 710 aetas
2030 693 2046 720 ‚

411 780 510 826 450
566 759 911 826 consilium
943 779 1214 844 quoque
1243 758 1455 823 maius
1487 767 1557 823 et
1584 760 1845 824 auctior
1875 768 1982 824 est
2010 760 2206 825 animi
2234 762 2367 826 vis:

564 883 724 963 post
750 875 863 939 ubi
891 874 1021 937 iam
1048 871 1287 937 validis
1319 882 1708 958 quassatum
1740 883 1847 940 est
1872 875 2128 941 viribus
2157 878 2302 940 aevi

570 1012 818 1078 corpus
851 997 919 1054 et
949 988 1209 1053 obtusis
1241 986 1636 1054 ceciderunt
1662 991 1917 1056 viribus
1948 999 2135 1055 artus
2153 1040 2169 1067 ‚

512 1195 516 1200 p
566 1104 900 1171 claudicat
926 1103 1260 1190 ingenium
1278 1152 1294 1179 ‚
1319 1101 1564 1168 delirat
1591 1104 1818 1190 lingua
1833 1155 1849 1182 ,
1872 1105 2055 1170 labat
2077 1127 2265 1171 mens
2285 1155 2300 1183 ,

565 1221 786 1285 omnia
814 1219 1131 1284 deficiunt
1160 1225 1366 1304 atque
1394 1240 1531 1283 uno
1560 1226 1868 1306 tempore
1900 1220 2178 1286 desunt.

411 1355 509 1400 455
565 1357 726 1422 ergo
760 1333 1040 1398 dissolui
1071 1355 1341 1419 quoque
1372 1334 1688 1399 convenit
1717 1357 1978 1400 omnem
2007 1337 2243 1401 animai

566 1458 874 1515 naturam
894 1498 909 1525 ‚
933 1469 1057 1513 ceu
1082 1447 1303 1513 fumus
1320 1498 1336 1525 ‚
1356 1450 1427 1513 in
1454 1449 1628 1515 altas
1660 1452 1833 1516 aeris
1863 1472 2098 1528 auras3

569 1562 1117 1652 quandoquidem
1146 1565 1327 1650 gigni
1354 1565 1610 1651 pariter
1637 1566 2024 1652 pariterque
2050 1564 2354 1632 videmus

569 1701 873 1747 crescere
904 1687 973 1744 et
990 1728 1005 1756 ,
1027 1687 1105 1743 ut
1133 1677 1333 1742 docui
1350 1728 1366 1755 ,
1389 1680 1585 1746 simul
1612 1701 1780 1745 aevo
1811 1680 1991 1746 fessa
2017 1681 2238 1747 fatisci
2255 1732 2270 1745 .

650 1795 806 1859 Huc
836 1793 1098 1859 accedit
1126 1793 1227 1858 uti
1254 1793 1602 1861 videamus
1621 1845 1636 1872 ‚
1661 1817 1909 1882 corpus
1936 1805 2012 1861 ut
2038 1797 2257 1883 ipsum

412 1929 511 1975 460
565 1911 906 1997 suscipere
934 1910 1215 1974 inmanis
1244 1910 1520 1996 morbos
1552 1909 1928 1998 durumque
1959 1910 2258 1976 dolorem
2277 1960 2293 1987 ‚

571 2027 667 2091 sic
697 2025 984 2090 animum
1011 2046 1207 2089 curas
1237 2025 1411 2091 acris
1439 2025 1827 2113 luctumque
1855 2034 2270 2112 metumque3

569 2162 777 2229 quare
806 2140 1197 2226 participem
1226 2141 1344 2206 leti
1375 2164 1646 2228 quoque
1678 2142 1992 2207 convenit
2021 2162 2170 2207 esse
2189 2190 2202 2205 .

570 2257 731 2342 quin
761 2256 957 2320 etiam
984 2255 1238 2320 morbis
1265 2256 1334 2320 in
1365 2257 1672 2343 corporis
1702 2257 1892 2321 avius
1923 2264 2105 2322 errat

569 2392 772 2458 saepe
801 2371 1090 2434 animus:
1116 2368 1439 2435 dementit
1468 2372 1641 2436 enim
1670 2371 2017 2457 deliraque
2044 2370 2224 2434 fatur
2242 2419 2257 2445 ‚

414 2503 512 2549 465
567 2487 743 2550 inter
774 2484 1065 2571 dumque
1095 2485 1283 2570 gravi
1310 2485 1622 2573 lethargo
1650 2486 1868 2551 fertur
1893 2487 1963 2550 in
1991 2485 2196 2550 altum

568 2608 1045 2688 aeternumque
1076 2621 1390 2685 soporem
1420 2602 1631 2666 oculis
1659 2609 1960 2686 nutuque
1991 2599 2288 2676 cadenti3

567 2712 749 2778 unde
775 2735 997 2799 neque
1028 2712 1302 2778 exaudit
1325 2736 1533 2780 voces
1563 2737 1690 2779 nec
1716 2736 1999 2780 noscere
2030 2715 2255 2779 voltus

565 2830 827 2895 illorum
854 2829 1036 2914 potis
1067 2836 1172 2892 est
1189 2877 1204 2900 ,
1227 2827 1316 2892 ad
1343 2830 1551 2894 vitam
1581 2832 1696 2916 qui
1724 2837 2124 2897 revocantes

569 2946 817 3009 circum
845 2951 1031 3009 stant
1056 2943 1343 3010 lacrimis
1370 2953 1683 3010 rorantes
1715 2967 1836 3009 ora
1864 2965 2205 3030 genasque
2224 2993 2238 3007 .

414 3077 512 3125 470
570 3082 780 3148 quare
810 3060 1098 3124 animum
1129 3081 1400 3145 quoque
1432 3060 1712 3126 dissolui
1737 3060 1993 3124 fateare
2020 3066 2399 3130 necessest,

570 3173 1115 3261 quandoquidem
1144 3182 1505 3260 penetrant
1532 3176 1601 3239 in
1632 3197 1781 3240 eum
1811 3175 2122 3260 contagia
2147 3173 2396 3238 morbi:

565 3311 720 3353 nam
751 3288 946 3354 dolor
976 3310 1055 3352 ac
1084 3289 1359 3353 morbus
1386 3289 1503 3352 leti
1530 3289 1895 3353 fabricator
1923 3296 2311 3374 uterquest3

568 3404 925 3467 multorum
956 3403 1157 3466 exitio
1187 3400 1500 3487 perdocti
1533 3401 1717 3486 quod
1747 3422 1975 3466 sumus
2004 3409 2160 3466 ante
2180 3452 2193 3465 .

416 3535 515 3581 476
572 3515 860 3602 denique
892 3538 1011 3579 cor
1029 3565 1044 3590 ‚
1065 3514 1402 3579 hominem
1434 3537 1584 3579 cum
1611 3515 1747 3580 vini
1775 3516 1878 3579 vis
1904 3518 2287 3601 penetravit

570 3632 742 3696 acris
774 3639 842 3694 et
868 3632 937 3695 in
963 3650 1173 3695 venas
1204 3628 1515 3696 discessit
1547 3629 1796 3696 diditus
1826 3630 2067 3708 ardor,

570 3747 1002 3831 consequitur
1026 3745 1327 3831 gravitas
1355 3747 1800 3812 membrorum
1819 3797 1834 3824 ‚
1857 3746 2385 3834 praepediuntur

573 3882 771 3925 crura
797 3861 1132 3925 vacillanti
1151 3910 1167 3936 ‚
1190 3859 1519 3927 tardescit
1544 3862 1769 3948 lingua
1786 3912 1800 3938 ‚
1824 3862 2051 3928 madet
2077 3882 2264 3925 mens
2282 3908 2297 3934 ‚

416 3991 515 4037 480
568 3984 735 4041 nant
764 3976 936 4041 oculi
954 4026 969 4052 ,
995 3976 1243 4040 clamor
1279 3977 1609 4063 singultus
1641 3977 1854 4063 iurgia
1882 3976 2203 4062 gliscunt,

575 4195 865 4203 ———.-
908 4194 977 4200 ...ψ-

577 4292 677 4339 449
722 4287 958 4341 rubustis
1009 4289 1030 4358 ΙΙ
1077 4295 1176 4341 450
1214 4295 1400 4340 auctor
1445 4285 1465 4358 ΙΙ
1516 4293 1615 4338 453
1654 4285 1795 4338 labat
1829 4293 2096 4338 omissum.
2148 4284 2167 4353 ΙΙ
2212 4286 2313 4333 456
2350 4281 2487 4333 acris
2539 4281 2558 4351 ΙΙ
2610 4285 2711 4332 458
2749 4286 2804 4331 ut

576 4378 844 4424 maiacum.
870 4371 893 4446 fl
917 4371 1102 4425 saetis.
1128 4371 1147 4441 ΙΙ
1176 4377 1274 4424 462
1299 4369 1610 4441 particidem
1636 4368 1656 4437 ΙΙ
1685 4375 1784 4421 470
1810 4367 1977 4420 fatere
2014 4368 2033 4437 Η
2071 4371 2169 4419 472
2195 4364 2353 4434 polor
2389 4365 2410 4435 ΙΙ
2447 4368 2756 4415 474=510.
2784 4362 2804 4431 ΙΙ

579 4460 676 4506 475
716 4453 789 4507 Et
812 4456 1013 4525 pariter
1050 4463 1280 4508 mentem
1316 4454 1494 4507 sanari
1533 4469 1730 4521 corpus
1767 4451 1933 4503 inani.
1974 4450 1993 4518 ΙΙ
2031 4454 2130 4500 479
2169 4446 2465 4500 raciliaanti
