3042 5192
88 1119 162 1166 430

88 1692 165 1737 435

88 1922 167 1966 440

94 2497 173 2542 445

94 2609 171 2655 437

94 2953 176 2998 446

100 3413 184 3458 ⁴50

102 3985 185 4029 255

1313 466 1382 532 V

209 664 382 730 quae
412 663 709 728 cumque
737 642 913 706 inter
941 661 1015 704 se
1043 647 1329 726 possent
1358 660 1723 725 congressa
1751 663 1980 707 creare
1998 692 2020 719 ,

210 767 582 844 propterea
610 757 689 821 fit
716 757 816 821 uti
842 776 1153 842 magnum
1182 754 1455 840 volgata
1481 775 1606 840 per
1635 776 1872 820 aevom

211 894 406 937 omne
436 894 658 959 genus
689 879 923 936 coetus
952 878 1025 934 et
1050 877 1273 934 motus
1304 869 1720 954 experiundo

212 986 492 1053 tandem
522 987 931 1052 conveniant
959 1006 1039 1050 ea
1070 1006 1242 1071 quae
1271 992 1603 1049 convecta
1627 994 1905 1071 repente

212 1123 607 1189 magnarum
634 1122 858 1166 rerum
884 1099 1055 1163 fiunt
1084 1097 1364 1163 exordia
1393 1120 1687 1185 semper,

214 1219 419 1283 terrai
446 1217 652 1281 maris
684 1223 755 1280 et
782 1215 946 1280 caeli
974 1214 1375 1300 generisque
1403 1216 1810 1281 animantum
1829 1266 1844 1280 .

296 1332 431 1396 Hic
458 1351 683 1417 neque
712 1338 855 1395 tum
884 1329 1045 1394 solis
1071 1336 1229 1393 rota
1257 1330 1441 1393 cerni
1466 1330 1712 1394 lumine
1741 1331 1930 1417 largo

215 1446 576 1511 altivolans
602 1451 877 1531 poterat
902 1465 1028 1507 nec
1055 1445 1279 1530 magni
1308 1442 1532 1510 sidera
1556 1444 1789 1509 mundi

216 1583 341 1625 nec
368 1582 555 1624 mare
583 1581 711 1623 nec
740 1558 996 1623 caelum
1023 1579 1150 1622 nec
1182 1557 1471 1644 denique
1500 1566 1687 1624 terra
1713 1582 1935 1646 neque
1963 1567 2078 1626 aer

220 1698 344 1740 nec
375 1675 606 1740 similis
636 1674 890 1739 nostris
918 1674 1124 1739 rebus
1152 1694 1262 1737 res
1291 1673 1428 1738 ulla
1454 1673 1670 1739 videri
1688 1724 1704 1751 ‚

219 1788 343 1854 sed
370 1811 552 1854 nova
578 1797 947 1876 tempestas
978 1786 1308 1874 quaedam
1335 1788 1681 1875 molesque
1710 1798 1946 1855 coorta

219 1926 415 1968 omne
446 1926 658 1991 genus
690 1903 775 1968 de
803 1904 1144 1990 principiis
1162 1951 1178 1979 ‚
1203 1902 1544 1968 discordia
1574 1926 1858 1990 quorum

219 2020 573 2083 intervalla
599 2020 745 2083 vias
775 2040 1073 2084 conexus
1103 2016 1411 2104 pondera
1437 2019 1675 2106 plagas
1737 2025 1743 2032 '

223 2155 592 2198 concursus
621 2141 842 2198 motus
871 2133 1190 2198 turbabat
1216 2133 1475 2218 proelia
1501 2134 1788 2199 miscens
1808 2183 1824 2210 ‚

222 2258 506 2335 propter
538 2247 871 2312 dissimilis
898 2247 1150 2312 formas
1178 2248 1534 2333 variasque
1561 2249 1813 2334 figuras

225 2362 411 2450 quod
438 2386 579 2428 non
607 2365 828 2429 omnia
857 2363 952 2426 sic
979 2368 1301 2448 poterant
1329 2363 1690 2427 coniuncta
1720 2385 1987 2429 manere

223 2501 345 2544 nec
372 2488 600 2544 motus
627 2479 802 2543 inter
830 2498 979 2543 sese
1011 2476 1174 2541 dare
1204 2478 1666 2542 convenientis
1686 2528 1700 2543 .

223 2593 543 2680 diffugere
570 2592 728 2657 inde
754 2593 887 2658 loci
914 2599 1146 2678 partes
1176 2613 1462 2678 coepere
1481 2642 1496 2665 ‚
1526 2613 1859 2679 paresque

226 2730 371 2772 cum
397 2709 676 2794 paribus
702 2708 885 2794 iungi
912 2729 1025 2772 res
1057 2714 1126 2771 et
1155 2704 1534 2771 discludere
1563 2707 1882 2772 mundum

226 2824 649 2908 membraque
680 2821 978 2887 dividere
1008 2829 1079 2886 et
1103 2842 1380 2907 magnas
1411 2821 1769 2908 disponere
1799 2831 2029 2909 partes
2046 2874 2063 2898 ‚

224 2937 351 3002 hoc
381 2946 486 3003 est
503 2986 519 3014 ‚
543 2959 583 3001 a
610 2938 809 3002 terris
837 2938 1045 3003 altum
1074 2958 1428 3002 secernere
1458 2937 1713 3001 caelum
1731 2986 1747 3014 ‚

231 3061 295 3116 et
323 3074 588 3117 sorsum
615 3074 798 3116 mare
827 3052 927 3116 uti
955 3059 1220 3116 secreto
1249 3073 1482 3116 umore
1510 3060 1811 3140 pateret,

232 3189 499 3232 seorsus
527 3168 687 3231 item
715 3167 867 3253 puri
897 3167 1274 3252 secretique
1303 3167 1599 3232 aetheris
1626 3169 1848 3254 ignes.

311 3283 575 3369 Quippe
606 3282 851 3346 etenim
878 3282 1164 3368 primum
1190 3282 1401 3346 terrai
1430 3303 1722 3369 corpora
1752 3304 2060 3368 quaeque
2079 3333 2094 3359 ‚

232 3405 589 3482 propterea
620 3396 808 3484 quod
834 3405 1028 3462 erant
1052 3398 1282 3482 gravia
1313 3404 1381 3460 et
1407 3397 1733 3483 perplexa
1749 3446 1765 3474 ,
1789 3398 2060 3463 coibant

233 3512 295 3574 in
322 3511 544 3576 medio
574 3519 781 3596 atque
809 3512 974 3576 imas
1003 3512 1359 3597 capiebant
1385 3513 1608 3575 omnia
1636 3512 1869 3590 sedes3
1984 3506 1989 3510 ’

234 3648 397 3711 quae
430 3634 689 3712 quanto
719 3627 929 3712 magis
955 3627 1132 3691 inter
1162 3649 1236 3692 se
1264 3627 1591 3714 perplexa
1620 3628 1891 3693 coibant
1907 3675 1923 3703 ‚

235 3748 361 3804 tam
388 3742 601 3828 magis
634 3762 1029 3827 expressere
1059 3761 1139 3805 ea
1168 3763 1342 3827 quae
1370 3763 1553 3806 mare
1584 3741 1808 3807 sidera
1838 3742 2044 3807 solem

233 3855 586 3943 lunamque
618 3855 960 3922 efficerent
989 3865 1059 3922 et
1085 3857 1307 3944 magni
1335 3857 1599 3921 moenia
1625 3856 1890 3921 mundi:

236 3972 449 4035 omnia
478 3972 651 4035 enim
682 3972 892 4057 magis
919 3971 1090 4036 haec
1121 3994 1158 4036 e
1185 3971 1446 4036 levibus
1475 3980 1680 4058 atque
1709 3970 2020 4037 rutundis

2321 472 2450 541 171

240 4279 676 4348 {2801nnigenus
700 4279 1120 4345 {1429conventa
1144 4279 1164 4346 ΙΙ
1190 4279 1469 4333 43041ιιιιιιῒ,
1499 4279 1520 4348 ΙΙ
1551 4295 1736 4349 saepe.
1774 4280 1794 4348 ΙΙ
1824 4285 1920 4331 431
1939 4277 2144 4331 Terrae
2172 4281 2192 4347 ΙΙ
2223 4285 2319 4332 433
2337 4279 2466 4334 Alte

242 4360 419 4416 volans
449 4365 471 4430 Η
506 4369 609 4415 440
636 4362 969 4432 Omnigenus
996 4379 1026 4414 e
1060 4363 1082 4430 ΙΙ
1120 4369 1213 4414 441
1245 4363 1327 4415 via
1353 4364 1374 4430 ΙΙ
1399 4368 1496 4416 437
1526 4360 1686 4415 indue
1711 4361 1732 4429 ΙΙ
1758 4366 1856 4414 439
1881 4378 2072 4431 magna
2097 4361 2119 4430 ΙΙ
2144 4368 2240 4414 447
2267 4379 2420 4416 umor
2445 4362 2465 4424 ΙΙ

244 4450 334 4497 449
358 4455 530 4498 terrac
