3042 5192
452 1014 548 1060 590

453 1584 549 1630 595

451 2155 549 2201 600

450 2725 548 2771 605

451 3300 550 3346 610

454 3873 551 3918 615

606 479 696 547 22
1699 476 1732 542 I

605 652 767 739 quid
796 674 1001 739 porro
1031 657 1403 737 nequeant,
1427 648 1754 713 sancitum
1786 646 2331 733 quandoquidem
2363 657 2587 723 extat,

603 789 728 832 nec
759 774 1204 832 commutatur
1233 765 1587 850 quicquam
1607 812 1622 837 ‚
1668 763 1828 848 quin
1860 763 2082 826 omnia
2111 772 2423 829 constent

604 904 820 967 usque
851 880 1022 944 adeo
1043 930 1059 957 ‚
1097 880 1321 943 variae
1350 877 1661 942 volucres
1694 878 1866 941 utin
1897 875 2136 941 ordine
2169 886 2451 943 cunetae

604 996 969 1061 ostendant
996 994 1288 1059 maculas
1317 993 1646 1078 generalis
1676 1012 1963 1078 corpore
1992 992 2212 1058 inesse
2232 1042 2247 1067 ‚

604 1111 985 1175 imnutabili’
1016 1110 1331 1173 materiae
1363 1129 1639 1192 quoque
1669 1129 1917 1193 corpus
1947 1106 2197 1171 habere

613 1224 864 1289 debent
881 1274 896 1300 ‚
920 1224 987 1287 ni
1015 1225 1282 1287 mirum:
1304 1243 1459 1286 nam
1488 1223 1546 1287 si
1575 1220 1941 1308 primordia
1967 1243 2189 1285 rerum

605 1340 995 1403 commutari
1023 1338 1247 1423 aliqua
1274 1345 1558 1423 possent
1585 1337 1847 1401 ratione
1875 1337 2131 1400 revicta
2147 1384 2166 1413 ‚

604 1453 930 1517 incertum
963 1473 1232 1538 quoque
1261 1452 1391 1513 iam
1420 1458 1690 1514 constet
1720 1450 1884 1536 quid
1914 1452 2130 1536 possit
2159 1452 2314 1515 oriri
2334 1501 2350 1523 ‚

607 1566 769 1652 quid
798 1574 1124 1651 nequeat,
1144 1564 1332 1629 finita
1361 1571 1670 1649 potestas
1700 1563 1992 1649 (lenique
2024 1566 2264 1649 cuique

607 1703 741 1767 qua
768 1702 922 1745 nam
951 1680 1038 1745 sit
1071 1680 1328 1743 ratione
1360 1685 1566 1763 atque
1595 1679 1728 1743 alte
1757 1678 2080 1743 terminus
2108 1678 2396 1743 haerens
2416 1730 2431 1754 ‚

604 1816 729 1858 nec
758 1795 1004 1859 totiens
1031 1802 1314 1880 possent
1340 1793 1706 1879 generatim
1736 1794 1958 1858 saecla
1985 1793 2237 1858 referre

605 1918 909 1973 naturam
938 1930 1160 1991 mores
1188 1908 1433 1972 victum
1462 1917 1826 1994 motusque
1856 1917 2210 1996 parentum
2229 1959 2243 1973 .

688 2023 861 2086 Tum
890 2045 1095 2109 porro
1129 2024 1284 2108 quia
1310 2043 1464 2086 nam
1495 2032 1600 2087 est
1630 2031 1998 2088 extremum
2028 2024 2349 2109 quodque
2378 2046 2693 2089 cacumen

602 2138 907 2224 corporis
934 2138 1130 2201 ullius
1148 2186 1165 2213 ‚
1189 2136 1377 2223 quod
1405 2138 1623 2202 nostri
1653 2160 1927 2203 cernere
1959 2160 2197 2204 sensus

605 2251 732 2316 iam
760 2250 1154 2338 nequeunt?
1172 2249 1279 2327 id,
1301 2252 1370 2315 ni
1398 2252 1635 2316 mirum
1652 2301 1668 2328 ‚
1691 2253 1834 2317 sine
1861 2254 2168 2339 partibus
2199 2262 2387 2319 extat

607 2376 675 2431 et
700 2368 966 2431 minima
994 2373 1262 2431 constat
1289 2376 1534 2431 natura
1550 2416 1566 2444 ‚
1589 2389 1715 2431 nec
1743 2367 1872 2433 fuit
1899 2390 2217 2454 umquam

604 2502 727 2566 per
756 2503 828 2545 se
859 2490 1191 2546 secretum
1218 2502 1439 2566 neque
1468 2488 1630 2567 post
1657 2481 1786 2545 hac
1817 2503 1963 2546 esse
1992 2482 2242 2546 valebit
2259 2533 2273 2557 ‚

603 2596 876 2660 alterius
906 2596 1289 2682 quoniamst
1315 2596 1534 2682 ipsum
1561 2616 1724 2681 pars
1742 2644 1759 2668 ‚
1781 2595 2127 2682 primaque
2159 2605 2227 2661 et
2252 2619 2388 2661 una

602 2708 757 2773 inde
788 2710 954 2774 aliae
983 2719 1186 2796 atque
1216 2711 1381 2775 aliae
1410 2711 1653 2800 similes
1685 2732 1770 2774 ex
1801 2708 2039 2774 ordine
2067 2719 2297 2796 partes

607 2825 866 2910 agmine
898 2823 1243 2890 condenso
1274 2832 1584 2889 naturam
1613 2826 1918 2911 corporis
1949 2825 2255 2911 explent3

608 2960 781 3023 quae
811 2940 1123 3026 quoniam
1152 2961 1277 3027 per
1305 2961 1379 3004 se
1408 2946 1757 3024 nequeunt
1786 2947 2099 3005 constare
2117 2989 2132 3015 ‚
2155 2949 2501 3005 necessest

606 3053 887 3118 haerere
914 3054 1095 3119 unde
1126 3062 1380 3140 queant
1406 3054 1591 3118 nulla
1616 3055 1878 3119 ratione
1906 3054 2134 3119 revelli
2153 3104 2168 3118 .

607 3176 765 3233 sunt
790 3169 991 3256 igitur
1022 3168 1240 3234 solida
1266 3169 1634 3256 primordia
1662 3170 2084 3256 simplicitate
2102 3219 2118 3243 ‚

608 3304 778 3377 quae
808 3284 1088 3349 minimis
1118 3286 1365 3370 stipata
1394 3284 1760 3349 cohaerent
1786 3285 2093 3367 partibus
2123 3292 2268 3348 arte
2288 3333 2304 3357 ‚

608 3418 747 3460 non
779 3418 863 3460 ex
891 3398 1177 3461 ullorum
1208 3405 1548 3461 conventu
1579 3396 1965 3471 conciliata,

610 3509 734 3574 sed
760 3513 970 3598 magis
1000 3519 1275 3576 aeterna
1301 3510 1624 3596 pollentia
1652 3510 2067 3596 simplicitate
2088 3560 2104 3585 ‚

605 3624 785 3688 unde
813 3648 1034 3712 neque
1062 3627 1257 3690 avelli
1287 3626 1643 3711 quicquam
1669 3646 1891 3711 neque
1922 3625 2210 3690 deminui
2237 3628 2365 3691 iam

609 3739 924 3805 concedit
950 3748 1192 3805 natura
1218 3761 1575 3805 reservans
1606 3741 1856 3804 semina
1882 3743 2088 3806 rebus
2107 3790 2120 3804 .

610 3863 963 3941 praeterea
987 3856 1116 3920 nisi
1144 3855 1269 3920 erit
1296 3855 1629 3919 minimum
1648 3904 1663 3932 ‚
1685 3857 2079 3941 parvissima
2110 3877 2419 3942 quaeque

610 3992 898 4056 corpora
927 3972 1334 4036 constabunt
1363 3993 1447 4034 ex
1476 3972 1781 4056 partibus
1808 3970 2115 4049 infinitis3

613 4085 861 4171 quippe
890 4086 1003 4150 ubi
1035 4084 1343 4151 dimidiae
1372 4087 1586 4173 partis
1613 4108 1774 4173 pars
1804 4109 2066 4174 semper
2095 4087 2372 4151 habebit

618 4350 719 4395 588
752 4345 1034 4398 comitatur
1071 4346 1090 4414 ΙΙ
1130 4356 1408 4400 constant.
1447 4347 1468 4415 ΙΙ
1505 4354 1600 4399 591
1632 4346 1973 4400 Inmutabiles
2010 4350 2031 4418 ΙΙ
2070 4353 2168 4399 599
2195 4347 2439 4418 quoniam
2465 4348 2486 4415 ΙΙ
2524 4354 2623 4400 600
2651 4348 2791 4401 illius
2819 4346 2837 4413 ΙΙ

616 4431 715 4478 606
753 4426 956 4498 explet.
995 4427 1015 4495 ΙΙ
1054 4435 1153 4481 608
1192 4429 1297 4482 ulla
1331 4430 1352 4495 11
1392 4436 1484 4482 611
1528 4430 1737 4484 illorum
1774 4433 1795 4498 ΙΙ
1835 4437 1930 4483 613
1971 4442 2103 4484 tam.
