3042 5192
1299 478 1395 547 ΠΙ
2321 486 2450 554 111

82 675 158 720 985
202 676 325 719 nec
356 651 559 739 quod
591 652 720 717 sub
748 670 995 736 magno
1028 627 1414 715 scrutentur
1442 657 1721 736 pectore
1752 653 2104 740 quicquam

204 777 615 857 perpetuam
642 773 937 830 aetatem
964 771 1254 850 possunt
1280 766 1574 852 reperire
1602 766 1913 853 profecto
1934 819 1947 832 .

208 906 407 971 quam
435 883 611 947 libet
636 880 903 945 immani
929 879 1238 966 proiectu
1266 881 1571 967 corporis
1602 889 1857 960 exstet,

209 1000 323 1085 qui
351 1020 497 1063 non
526 997 676 1062 sola
702 1015 947 1059 novem
977 992 1299 1081 dispessis
1326 995 1558 1080 iugera
1583 998 1894 1062 meinbris

208 1114 521 1200 optineat
538 1161 555 1189 ,
578 1110 706 1175 sed
736 1110 853 1196 qui
878 1109 1082 1173 terrai
1108 1109 1320 1173 totius
1350 1110 1582 1174 orbem
1601 1159 1617 1186 ,

77 1247 158 1292 000
205 1250 345 1292 non
373 1235 603 1291 tamen
631 1232 977 1289 aeternum
1004 1223 1257 1311 poterit
1282 1222 1584 1311 perferre
1615 1222 1917 1290 dolorem

204 1364 333 1407 nec
362 1341 697 1428 praebere
727 1339 945 1403 cibum
974 1337 1249 1424 proprio
1281 1336 1368 1400 de
1398 1359 1687 1424 corpore
1714 1361 2012 1426 semper.

209 1456 336 1522 sed
358 1455 611 1543 Tityos
639 1454 836 1518 nobis
862 1452 974 1517 hic
1003 1461 1108 1517 est
1124 1501 1141 1529 ,
1164 1453 1234 1516 in
1266 1473 1493 1517 amore
1520 1453 1847 1519 iacentem

209 1593 413 1658 quem
438 1569 755 1633 volucres
784 1568 1082 1633 lacerant
1111 1580 1316 1653 atque
1348 1574 1542 1631 exest
1569 1570 1809 1634 anxius
1837 1590 2050 1656 angor

209 1699 329 1749 aut
356 1685 489 1748 alia
519 1684 756 1770 quavis
787 1681 1103 1747 scindunt
1131 1680 1508 1769 cuppedine
1539 1704 1738 1747 curae
1757 1732 1772 1747 .

76 1818 160 1862 095
213 1798 552 1886 Sisyphus
580 1799 650 1862 in
678 1799 821 1862 vita
850 1818 1119 1883 quoque
1147 1797 1346 1863 nobis
1375 1804 1532 1861 ante
1563 1798 1796 1863 oculos
1826 1808 1932 1864 est
1948 1850 1963 1876 ‚

214 1914 331 2000 qui
357 1922 592 1999 petere
623 1934 664 1976 a
689 1912 944 2000 populo
972 1911 1194 1977 fasces
1223 1932 1595 1998 saevasque
1626 1934 1898 1978 secures

212 2029 505 2104 imbibit,
529 2035 597 2092 et
627 2049 890 2114 semper
915 2027 1135 2092 victus
1163 2027 1509 2112 tristisque
1537 2027 1795 2093 recedit
1813 2079 1826 2092 .

210 2164 367 2207 nam
392 2153 630 2229 petere
658 2143 1003 2229 imperium
1022 2191 1037 2218 ,
1063 2140 1250 2227 quod
1276 2141 1543 2206 inanest
1569 2164 1696 2206 nec
1723 2142 1926 2208 datur
1953 2167 2259 2231 umquam
2282 2197 2297 2218 ‚

213 2267 416 2344 atque
443 2259 516 2322 in
547 2280 629 2322 eo
659 2279 925 2344 semper
955 2256 1194 2321 durum
1223 2255 1502 2320 sufferre
1532 2257 1828 2322 laborem
1846 2308 1863 2336 ,

54 2389 159 2436 1000
214 2374 349 2437 hoc
380 2379 489 2436 est
517 2370 805 2436 adverso
833 2372 1176 2436 nixantem
1202 2369 1480 2436 trudere
1508 2379 1736 2436 monte

215 2509 450 2552 saxum
468 2536 485 2562 ‚
510 2485 698 2572 quod
723 2494 949 2551 tamen
977 2508 1013 2550 e
1041 2507 1298 2550 summo
1324 2486 1458 2549 iam
1486 2487 1737 2551 vertice
1765 2510 1993 2552 rusum

214 2603 507 2666 volvitur
536 2609 605 2665 et
631 2601 813 2687 plani
841 2602 1084 2687 raptim
1109 2602 1282 2688 petit
1310 2622 1609 2687 aequora
1638 2604 1880 2689 campi.

218 2715 463 2780 deinde
492 2716 691 2780 animi
716 2717 1047 2803 ingratam
1075 2724 1383 2781 naturam
1409 2738 1690 2802 pascere
1719 2739 1984 2805 semper
2002 2768 2017 2794 ,

216 2841 420 2917 atque
450 2832 721 2916 explere
747 2832 946 2897 bonis
974 2833 1177 2896 rebus
1220 2831 1601 2917 satiareque
1639 2854 2000 2918 numquam
2018 2884 2033 2910 ‚

50 2961 156 3007 1005
218 2944 404 3032 quod
429 2944 686 3011 faciunt
710 2947 908 3011 nobis
937 2967 1263 3011 annorum
1292 2953 1597 3032 tempora
1622 2947 1871 3011 victum
1888 2997 1904 3024 ‚

215 3083 358 3124 cum
388 3060 678 3126 redeunt
693 3110 709 3138 ‚
731 3061 1045 3147 fetusque
1073 3060 1299 3125 ferunt
1324 3061 1685 3147 variosque
1710 3062 1980 3149 lepores
1998 3110 2014 3138 ‚

216 3197 337 3239 nec
364 3183 589 3240 tamen
619 3177 961 3262 explemur
988 3176 1151 3241 vitai
1176 3176 1507 3242 fructibus
1531 3198 1850 3271 'umquam
1868 3225 1884 3253 ‚

216 3290 348 3354 hoc
364 3340 381 3367 ,
403 3298 479 3355 ut
507 3291 749 3376 opinor
766 3341 783 3369 ‚
803 3290 877 3355 id
906 3298 1010 3356 est
1026 3340 1043 3368 ‚
1069 3312 1237 3356 aevo
1258 3291 1551 3357 florente
1579 3292 1838 3378 puellas

221 3404 402 3491 quod
428 3413 802 3470 memorant
827 3406 1090 3471 laticem
1118 3414 1467 3492 pertusum
1498 3427 1863 3493 congerere
1890 3407 1959 3469 in
1986 3428 2107 3471 vas
2126 3457 2140 3482 ‚

48 3533 154 3581 1010
217 3519 394 3605 quod
424 3528 649 3585 tamen
679 3521 935 3606 expleri
962 3521 1146 3585 nulla
1170 3521 1433 3585 ratione
1460 3529 1775 3608 potestur
1793 3572 1807 3585 .

214 3633 544 3699 Cerberus
574 3641 643 3699 et
668 3634 880 3699 fiiriae
906 3635 1037 3699 iam
1064 3656 1231 3700 vero
1250 3686 1266 3711 ‚
1291 3643 1360 3701 et
1384 3637 1553 3701 lucis
1586 3659 1835 3724 egenus

210 3746 536 3813 Tartarus
563 3748 935 3815 horriferos
965 3757 1277 3815 eructans
1305 3750 1610 3816 faucibus
1639 3759 1864 3817 aestus
1884 3802 1900 3829 ‚

214 3863 367 3947 quid
383 3864 417 3928 Ρ
438 3885 664 3950 neque
693 3871 855 3929 sunt
880 3886 1163 3951 usquam
1188 3887 1315 3930 nec
1341 3874 1636 3952 possunt
1664 3888 1812 3931 esse
1840 3867 2184 3955 profecto:

212 3977 326 4042 sed
351 3988 574 4045 metus
600 3980 671 4043 in
697 3980 838 4044 vita
865 4001 1234 4066 poenarum
1262 4003 1388 4067 pro
1417 3982 1590 4046 male
1617 3982 1813 4047 factis

219 4286 310 4335 985
345 4282 471 4352 quid
510 4286 531 4352 ΙΙ
571 4289 672 4336 988
709 4283 971 4356 dispersis
1009 4288 1030 4357 ΙΙ
1067 4291 1166 4340 992
1193 4305 1250 4341 es
1287 4286 1309 4355 ΙΙ
1345 4293 1443 4341 994
1470 4288 1763 4360 curpedine
1800 4290 1821 4358 ΙΙ
1858 4294 1955 4343 997
1996 4290 2241 4360 tristique
2278 4290 2298 4360 ΙΙ
2336 4296 2436 4343 999

214 4364 435 4420 laborem
455 4368 711 4421 sufferre.
748 4369 770 4438 ΙΙ
799 4376 924 4423 1001
964 4389 995 4424 e
1017 4379 1283 4426 omissum.
1322 4372 1343 4441 ΙΙ
1382 4378 1511 4425 1005
1538 4374 1761 4426 circum.
1797 4375 1818 4444 ΙΙ
1859 4379 1989 4426 1009
2013 4391 2210 4445 cogere
2245 4375 2266 4442 ΙΙ
2306 4381 2438 4427 1010

217 4447 313 4500 ulla
348 4451 369 4516 ΙΙ
410 4457 536 4504 1011
576 4450 739 4504 funae
775 4453 797 4522 ΙΙ
834 4460 1110 4525 aegestas.
1148 4457 1171 4523 ΙΙ
1210 4460 1338 4508 1013
1378 4454 1481 4520 Qui
1518 4456 1540 4524 ΙΙ
1586 4462 1712 4509 1014
1749 4473 2034 4526 paenarum
