3042 5192
595 481 684 549 32
1685 476 1715 544 Ι

593 656 763 719 scire
792 653 945 717 licet
972 672 1107 715 non
1140 672 1288 715 esse
1319 653 1386 714 in
1415 652 1620 716 rebus
1648 672 1761 714 res
1791 652 1886 715 ita
1915 652 2160 715 mixtas
2179 700 2194 724 ‚

436 788 533 833 895
589 790 817 834 verum
850 768 1099 831 semina
1128 766 1534 831 multimodis
1561 767 1836 830 inmixta
1866 767 2075 831 latere

590 886 941 948 multarum
971 903 1189 946 rerum
1219 880 1285 945 in
1315 881 1517 946 rebus
1548 882 1919 946 communia
1949 880 2231 946 debent.

667 995 779 1064 ‘At
807 1019 1009 1083 saepe
1035 998 1103 1061 in
1132 997 1385 1082 magnis
1412 996 1490 1060 fit
1515 997 1868 1060 montibus'
1897 997 2120 1081 inquis
2144 990 2239 1059 ‘ut
2268 997 2419 1060 altis

591 1114 942 1180 arboribus
970 1113 1188 1176 vicina
1216 1112 1557 1175 cacumina
1588 1133 1840 1175 summa
1869 1119 2172 1175 terantur

589 1233 765 1295 inter
795 1251 868 1293 se
887 1278 902 1302 ‚
930 1225 1169 1291 validis
1197 1226 1418 1289 facere
1447 1225 1519 1290 id
1551 1227 1944 1312 cogentibus
1974 1227 2218 1290 austris
2237 1276 2252 1297 ‚

436 1367 536 1411 900
592 1347 809 1409 donec
838 1342 1119 1408 flammai
1148 1340 1479 1405 fulserunt
1506 1340 1672 1405 flore
1703 1351 1939 1406 coorto
1961 1344 1992 1406 ,⁴

593 1461 845 1524 scilicet
862 1507 878 1532 ‚
902 1464 970 1521 et
998 1478 1135 1521 non
1168 1464 1272 1520 est
1299 1456 1492 1541 lignis
1523 1465 1746 1519 tamen
1775 1457 2012 1520 insitus
2042 1457 2212 1543 ignis
2232 1506 2246 1529 ,

592 1595 824 1639 verum
855 1572 1105 1636 semina
1135 1577 1291 1634 sunt
1320 1568 1585 1633 ardoris
1613 1570 1820 1634 multa
1838 1620 1852 1645 ‚
1877 1570 2162 1634 terendo

595 1710 767 1775 quae
798 1708 947 1751 cum
977 1684 1358 1750 confluxere
1377 1734 1392 1757 ‚
1416 1693 1648 1748 creant
1674 1684 1978 1749 incendia
2010 1687 2228 1750 silvis:

593 1803 783 1891 quod
813 1803 869 1866 si
898 1802 1077 1866 facta
1106 1799 1283 1864 foret
1314 1800 1496 1864 silvis
1527 1790 1930 1865 abscondita
1958 1800 2212 1866 flamma
2237 1851 2250 1871 ,

439 1940 538 1985 905
595 1942 732 1985 non
763 1926 1046 2004 possent
1072 1916 1276 1978 ullum
1308 1922 1570 2000 tempus
1601 1915 1877 1980 celarier
1905 1917 2095 2001 ignes
2113 1966 2128 1989 ‚

595 2034 1002 2098 conficerent
1030 2030 1230 2116 volgo
1264 2030 1466 2094 silvas
1485 2080 1501 2104 ‚
1524 2030 1802 2095 arbusta
1834 2042 2238 2095 cremarent.

593 2153 807 2215 iamne
837 2146 1027 2211 vides
1055 2147 1255 2231 igitur
1273 2195 1287 2219 ‚
1311 2146 1513 2231 paulo
1548 2145 1734 2231 quod
1764 2145 2048 2211 diximus
2078 2156 2232 2211 ante
2251 2196 2266 2215 ,
2346 2200 2354 2209 .

594 2263 936 2353 permagni
964 2261 1216 2326 referre
1247 2259 1481 2324 eadem
1510 2259 1876 2346 primordia
1906 2282 2108 2348 saepe

596 2404 745 2447 cum
776 2379 1017 2464 quibus
1048 2384 1117 2438 et
1148 2375 1327 2459 quali
1356 2376 1664 2461 positura
1690 2376 2158 2441 contineantur

441 2516 541 2562 910
600 2507 667 2561 et
698 2516 871 2580 quos
900 2493 1072 2556 inter
1102 2512 1176 2553 se
1210 2489 1373 2554 dent
1401 2498 1625 2553 motus
1656 2490 2118 2574 accipiantque
2138 2538 2152 2561 ,

595 2619 799 2696 atque
830 2606 1062 2672 eadem
1092 2605 1294 2690 paulo
1324 2605 1499 2668 inter
1531 2624 1604 2667 se
1635 2611 1889 2668 mutata
1916 2625 2147 2667 creare

592 2729 783 2813 ignes
815 2733 883 2787 et
908 2720 1207 2807 lignum?
1233 2740 1368 2804 quo
1400 2725 1603 2804 pacto
1634 2718 1843 2781 verba
1873 2738 2147 2802 quoque
2174 2719 2323 2803 ipsa

592 2844 766 2906 inter
797 2860 869 2903 se
900 2836 1101 2923 paulo
1132 2833 1403 2898 mutatis
1433 2840 1592 2897 sunt
1621 2833 1960 2897 elementis
1979 2882 1993 2907 ‚

596 2978 742 3021 cum
771 2955 952 3040 ligna
981 2968 1188 3034 atque
1219 2949 1409 3035 ignes
1440 2932 1754 3012 distincta
1784 2969 1952 3012 voce
1981 2955 2323 3012 notemus.

438 3092 537 3138 915
596 3072 884 3157 denique
911 3069 1041 3133 iam
1072 3085 1244 3151 quae
1275 3084 1561 3149 cumque
1589 3064 1659 3126 in
1686 3064 1891 3128 rebus
1921 3063 2138 3127 cernis
2169 3061 2420 3148 apertis

594 3189 649 3254 si
676 3187 815 3251 fieri
845 3207 982 3249 non
1013 3202 1217 3269 posse
1247 3190 1447 3265 putas
1465 3227 1481 3255 ‚
1505 3180 1666 3264 quin
1694 3180 1992 3243 materiai

595 3321 883 3387 corpora
913 3295 1233 3363 consimili
1263 3301 1505 3357 natura
1534 3292 1842 3377 praedita
1868 3293 2080 3377 fingas
2100 3339 2115 3365 ‚

594 3417 723 3480 hac
751 3415 1010 3478 ratione
1039 3410 1158 3474 tibi
1181 3414 1468 3493 pereunt
1496 3404 1863 3489 primordia
1891 3426 2145 3468 rerum:

593 3529 711 3593 fiet
735 3528 836 3592 uti
862 3527 1001 3590 risu
1032 3521 1314 3588 tremulo
1346 3539 1676 3584 concussa
1707 3519 2105 3582 cachinnent

439 3661 538 3707 920
594 3652 662 3707 et
689 3640 973 3706 lacrimis
1005 3638 1200 3703 salsis
1231 3642 1574 3699 umectent
1603 3654 1725 3698 ora
1753 3654 2132 3719 genasque.

673 3756 871 3821 Nunc
901 3775 1023 3840 age
1043 3803 1057 3828 ‚
1082 3749 1266 3836 quod
1299 3770 1501 3834 super
1531 3755 1635 3812 est
1654 3768 1998 3843 cognosce
2029 3756 2097 3812 et
2126 3749 2366 3812 clarius
2396 3747 2583 3811 audi.

595 3893 721 3936 nec
750 3892 855 3934 me
886 3869 1082 3934 animi
1110 3865 1279 3930 fallit
1308 3884 1507 3948 quam
1538 3863 1673 3927 sint
1701 3864 2022 3927 obscura:
2049 3862 2172 3927 sed
2206 3863 2343 3927 acri

592 3985 929 4072 percussit
954 3983 1195 4069 thyrso
1226 3978 1443 4043 laudis
1474 4000 1632 4065 spes
1662 3999 1902 4064 magna
1931 3999 2145 4041 meum
2176 3999 2295 4041 cor

595 4112 663 4165 et
692 4100 882 4165 simul
907 4096 1187 4160 incussit
1216 4114 1483 4158 suavem
1513 4093 1601 4156 mi
1629 4095 1697 4157 in
1728 4102 1964 4180 pectus
1994 4112 2284 4157 amorem

601 4381 701 4427 900
725 4374 965 4426 flammae
1002 4377 1022 4442 Η
1062 4378 1161 4424 906
1188 4371 1489 4424 Conficeret
1530 4371 1548 4438 ΙΙ
1598 4376 1697 4421 909
1724 4371 2128 4438 contingantur.
2166 4369 2185 4435 Η
2237 4372 2335 4419 912
2365 4382 2393 4418 e
2432 4366 2452 4431 Η
2489 4371 2590 4415 918
2618 4364 2766 4417 Haec
2805 4366 2823 4431 ΙΙ

600 4464 699 4511 919
722 4456 949 4511 taemulo
