3042 5192
1306 468 1371 536 11
2360 472 2447 540 57

89 663 164 710 505
213 651 279 708 et
304 662 561 730 cycnea
588 640 769 706 mele
798 639 1254 727 Phoebeaque
1284 639 1570 707 daedala
1596 640 1868 706 chordis

216 757 501 823 carmina
530 755 869 821 consimili
893 755 1156 820 ratione
1187 777 1515 844 oppressa
1543 756 1848 822 silerent:

214 893 499 958 namque
531 870 683 935 aliis
712 868 901 935 aliud
925 871 1381 956 praestantius
1411 879 1806 936 exoreretur
1826 921 1840 935 .

220 986 459 1052 cedere
486 985 654 1049 item
680 991 870 1049 retro
897 991 1181 1071 possent
1206 984 1276 1048 in
1305 982 1677 1050 deteriores

219 1102 437 1166 omnia
465 1100 568 1164 sic
597 1099 816 1186 partis
833 1146 851 1175 ‚
870 1105 951 1163 ut
977 1096 1261 1162 diximus
1288 1099 1358 1163 in
1386 1099 1714 1164 melioris:

90 1233 169 1280 510
215 1236 504 1301 namque
535 1213 684 1279 aliis
712 1212 896 1278 aliud
922 1220 1106 1278 retro
1139 1232 1409 1299 quoque
1437 1192 1720 1278 taetrius
1750 1222 1932 1280 esset

219 1329 497 1394 naribus
529 1327 804 1392 auribus
834 1334 1039 1412 atque
1068 1326 1278 1391 oculis
1307 1328 1579 1428 orisque
1608 1328 1833 1413 sapori
1852 1376 1867 1389 .

224 1465 395 1530 quae
428 1442 749 1528 quoniam
776 1462 915 1505 non
944 1450 1101 1506 sunt
1117 1489 1135 1517 ,
1157 1440 1284 1505 sed
1309 1442 1513 1506 rebus
1541 1440 1812 1506 reddita
1839 1451 2026 1508 certa

220 1558 371 1623 finis
399 1557 743 1642 utrimque
771 1564 958 1622 tenet
985 1577 1305 1621 summam
1323 1604 1340 1632 ‚
1360 1555 1618 1621 fateare
1646 1565 1991 1622 necessest

224 1672 573 1737 materiem
604 1691 875 1756 quoque
902 1669 1105 1735 finitis
1136 1668 1402 1735 differre
1428 1670 1658 1756 figuris
1676 1719 1690 1733 .

95 1804 179 1850 ⁵15
229 1785 519 1872 denique
548 1785 637 1850 ab
665 1784 928 1872 ignibus
959 1783 1049 1849 ad
1075 1783 1335 1871 gelidas
1362 1784 1490 1848 iter
1520 1806 1736 1870 usque
1765 1786 2040 1872 pruinas

230 1901 562 1966 finitumst
589 1908 910 1986 retroque
938 1900 1088 1986 pari
1115 1900 1377 1964 ratione
1404 1908 1847 1964 remensumst
1865 1950 1879 1964 .

230 2015 431 2079 ambit
462 2015 639 2079 enim
668 2014 852 2079 calor
879 2036 959 2079 ac
985 2013 1197 2100 frigus
1214 2062 1230 2090 ,
1251 2013 1583 2100 mediique
1613 2022 1885 2100 tepores

230 2132 694 2215 intel-utraque
720 2129 943 2194 iacent
972 2127 1322 2215 explentes
1350 2127 1584 2193 ordine
1614 2150 1961 2194 summam:

232 2265 388 2331 ergo
417 2244 611 2310 finita
638 2242 894 2309 distant
918 2244 1178 2308 ratione
1209 2251 1470 2320 creata,

98 2375 183 2421 520
228 2359 501 2446 ancipiti
529 2359 843 2445 quoniam
870 2359 1168 2423 mucroni
1194 2358 1528 2444 utrimque
1555 2365 1877 2424 notantur
1893 2409 1909 2435 ‚

232 2474 387 2539 hinc
413 2473 696 2538 flammis
723 2473 901 2538 illinc
928 2471 1164 2559 rigidis
1190 2472 1438 2539 infesta
1463 2473 1719 2560 pruinis
1737 2523 1751 2537 .

317 2586 569 2674 [Quod
599 2588 909 2674 quoniam
938 2586 1170 2664 docui,
1189 2609 1468 2675 pergam
1497 2595 1853 2654 conectere
1881 2610 2022 2654 rem
2053 2612 2224 2675 quae

245 2725 326 2768 ex
347 2703 487 2768 hoc
515 2710 680 2788 apta
704 2700 903 2766 fidem
934 2701 1170 2779 ducat,
1190 2702 1558 2789 primordia
1585 2725 1809 2769 rerum
1826 2752 1843 2781 ‚

239 2818 412 2883 inter
441 2839 517 2882 se
547 2816 739 2881 simili
770 2838 944 2902 quae
973 2826 1131 2881 sunt
1155 2816 1460 2904 perfecta
1484 2818 1732 2905 figura,

100 2947 189 2994 525
238 2932 495 2996 infinita
520 2931 741 2996 cluere
765 2981 778 2995 .
804 2932 1045 2997 etenim
1075 2931 1392 2998 distantia
1421 2955 1572 2997 cum
1600 2934 1689 2998 sit

242 3046 601 3111 formarum
624 3046 843 3123 finita,
864 3067 1142 3111 necesse
1172 3056 1277 3112 est
1305 3070 1478 3134 quae
1508 3048 1752 3113 similes
1782 3047 1918 3112 sint

245 3183 394 3227 esse
420 3161 711 3227 infinitas
728 3210 745 3239 ‚
768 3169 886 3227 aut
914 3183 1232 3226 summam
1257 3164 1558 3228 materiai

244 3277 492 3341 finitam
520 3284 834 3342 constare
853 3325 869 3351 ‚
889 3274 962 3340 id
993 3276 1180 3362 quod
1207 3299 1345 3342 non
1375 3300 1524 3343 esse
1552 3277 1836 3365 probavi
1854 3277 1910 3361 .]

322 3391 645 3457 Protinus
675 3389 1027 3471 ostendam
1057 3394 1459 3479 corpuscula
1484 3393 1782 3459 materiai

106 3521 197 3569 5³0
252 3526 330 3570 ex
354 3507 620 3570 infinito
650 3527 968 3571 summam
995 3527 1216 3571 rerum
1243 3529 1458 3593 usque
1489 3515 1721 3573 tenere
1740 3557 1756 3583 ‚

246 3619 541 3707 undique
569 3622 836 3709 protelo
865 3622 1211 3709 plagarum
1239 3623 1628 3688 continuato
1648 3674 1662 3687 .

249 3757 397 3800 nam
427 3735 620 3823 quod
644 3757 800 3802 rara
826 3736 1017 3802 vides
1044 3738 1255 3825 magis
1285 3759 1435 3802 esse
1464 3738 1770 3803 animalia
1801 3737 2129 3825 quaedam
2148 3787 2163 3811 ,

250 3849 734 3937 fecundamque
761 3852 978 3917 minus
1005 3859 1311 3917 naturam
1341 3854 1561 3919 cernis
1589 3855 1658 3918 in
1685 3854 1813 3919 illis
1831 3903 1848 3930 ‚

254 3975 321 4031 at
344 3968 620 4054 regione
648 3968 939 4053 locoque
967 3967 1097 4032 alio
1125 3968 1458 4053 terrisque
1485 3969 1761 4036 remotis

262 4280 353 4326 512
388 4274 487 4328 sed
509 4283 782 4330 omium.
823 4277 845 4348 ΙΙ
881 4283 979 4329 514
1016 4278 1232 4332 infinitis
1270 4278 1290 4349 ΙΙ
1329 4285 1425 4330 515
1451 4278 1745 4347 hiemisque
1780 4277 1801 4349 ΙΙ
1837 4282 1935 4330 517
1974 4276 2162 4330 Omnis
2200 4275 2221 4346 ΙΙ
2258 4281 2357 4327 518
2389 4274 2477 4327 In-

263 4366 339 4409 ter
370 4366 623 4429 utrasque
658 4354 683 4426 ΙΙ
722 4363 820 4413 520
844 4360 1039 4432 Ancipi
1076 4361 1098 4432 ΙΙ
1135 4367 1231 4414 521
1266 4362 1377 4415 Hin
1402 4361 1646 4431 flammps
1683 4358 1704 4429 ΙΙ
1742 4360 1942 4416 infessa
1974 4357 1997 4429 ΙΙ
2034 4366 2134 4413 529
2159 4358 2421 4415 Versibus
2458 4357 2479 4425 ΙΙ

263 4445 352 4493 533
386 4443 556 4513 magis
