3042 5192
1326 469 1385 537 11
2376 475 2464 542 47

226 645 315 708 sic
341 629 545 729 igitu'r
577 641 847 707 debent
876 641 1173 706 flammae
1207 662 1479 726 quoque
1508 663 1713 729 posse
1738 664 1863 730 per
1891 665 2087 708 auras

226 736 391 823 acris
420 779 797 845 expressae
828 779 1093 822 sursum
1121 753 1485 822 succedere
1502 807 1518 833 ‚
1545 779 1945 844 quamquam

99 894 175 938 205
225 873 527 962 pondera
544 922 560 948 ‚
585 881 917 959 quantum
948 880 1053 937 est
1078 873 1148 936 in
1177 895 1251 937 se
1268 920 1285 945 ‚
1310 871 1626 936 deorsum
1656 871 1903 938 ducere
1933 883 2265 962 pugnent.

227 999 734 1073 nocturnasque
763 988 949 1053 faces
979 987 1177 1063 caeli,
1200 986 1479 1051 sublime
1507 987 1798 1053 volantis
1815 1038 1831 1063 ‚

227 1125 448 1168 nonne
476 1102 672 1167 vides
700 1104 946 1189 longos
972 1102 1379 1167 flammarum
1412 1101 1660 1167 ducere
1687 1111 1945 1168 tractus

228 1219 293 1282 in
322 1240 494 1304 quas
526 1239 813 1304 cumque
848 1216 1038 1282 dedit
1065 1219 1279 1305 partis
1308 1224 1553 1281 natura
1579 1225 1870 1282 meatum
1887 1218 1919 1280 P

227 1356 365 1397 non
395 1331 644 1397 cadere
671 1333 741 1396 in
772 1341 1020 1399 terram
1049 1332 1277 1397 stellas
1308 1340 1376 1396 et
1404 1331 1630 1397 sidera
1658 1333 1874 1398 cernis
1890 1334 1924 1395 Ρ

92 1466 175 1511 210
222 1449 330 1512 sol
358 1449 558 1512 etiam
590 1454 847 1512 summ'o
879 1446 964 1511 de
989 1447 1241 1512 vertice
1271 1445 1559 1534 dissipat
1587 1448 1800 1511 omnis

224 1562 541 1627 ardorem
569 1563 637 1627 in
664 1563 879 1651 partis
911 1571 978 1626 et
1003 1563 1245 1629 lumine
1276 1562 1571 1626 conserit
1597 1582 1793 1627 arva:

224 1680 295 1741 in
322 1687 542 1742 terras
570 1678 774 1763 igitur
804 1698 1075 1763 quoque
1106 1677 1266 1742 solis
1293 1677 1594 1763 vergitur
1624 1676 1830 1741 ardor
1848 1726 1862 1740 .

230 1804 797 1878 transversosque
824 1793 1053 1858 volare
1086 1814 1208 1880 per
1233 1793 1462 1857 imbris
1489 1790 1765 1856 fulmina
1793 1792 2009 1856 cernis
2028 1841 2043 1867 ‚

230 1930 403 1973 nunc
432 1908 591 1971 hinc
619 1930 798 1971 nunc
826 1906 1007 1971 illinc
1036 1906 1308 1994 abrupti
1335 1907 1626 1972 nubibus
1654 1907 1844 1992 ignes

94 2042 180 2086 215
233 2030 670 2087 concursant:
695 2021 878 2087 cadit
903 2023 972 2086 in
998 2032 1216 2087 terras
1246 2022 1348 2086 vis
1376 2021 1680 2086 flammea
1705 2022 1907 2107 volgo
1929 2071 1942 2084 .

308 2135 483 2202 lllud
510 2137 583 2201 in
608 2136 715 2200 his
744 2159 1016 2223 quoque
1046 2145 1113 2201 te
1142 2136 1345 2202 rebus
1376 2159 1788 2224 cognoscere
1818 2158 2090 2201 avemus
2110 2187 2125 2211 ‚

230 2273 521 2341 corpora
548 2272 699 2315 cum
731 2251 1044 2317 deorsum
1071 2259 1327 2317 rectum
1356 2274 1479 2340 per
1506 2253 1704 2317 inane
1733 2252 2037 2318 feruntur
2054 2301 2070 2327 ‚

226 2367 643 2456 ponderibus
670 2367 962 2455 propriis
990 2368 1247 2432 incerto
1276 2375 1582 2454 tempore
1612 2368 1818 2432 ferme

226 2484 636 2567 incertisque
664 2481 796 2545 loci
825 2484 1057 2570 spatiis
1088 2482 1415 2547 decellere
1442 2483 1711 2570 paulum
1732 2533 1747 2558 ‚

92 2616 180 2660 22⁰
233 2608 487 2663 tantum
519 2596 711 2685 quod
736 2619 999 2662 momen
1027 2606 1352 2663 mutatum
1382 2596 1604 2663 dicere
1632 2599 1856 2686 possis
1876 2648 1889 2661 .

232 2712 413 2799 quod
440 2714 573 2777 nisi
604 2712 937 2777 declinare
970 2712 1267 2779 solerent
1284 2763 1299 2789 ,
1324 2715 1550 2778 omnia
1579 2713 1893 2778 deorsum
1912 2763 1927 2789 ‚

229 2829 455 2892 imbris
484 2829 585 2892 uti
614 2835 846 2914 guttae
864 2876 881 2903 ‚
904 2826 1228 2893 caderent
1254 2850 1376 2916 per
1402 2829 1598 2893 inane
1627 2827 2032 2916 profundum
2052 2878 2068 2901 ‚

228 2963 357 3005 nec
383 2942 566 3007 foret
593 2942 889 3008 offensus
918 2951 1118 3008 natus
1146 2965 1271 3008 nec
1300 2944 1499 3031 plaga
1529 2952 1756 3009 creata

230 3057 612 3145 principiis:
633 3059 727 3125 ita
753 3059 849 3123 nil
876 3079 1189 3144 umquam
1216 3066 1459 3123 natura
1488 3066 1788 3124 creasset
1806 3107 1820 3121 .

90 3188 177 3234 225
313 3172 519 3253 Quod
548 3173 606 3237 si
633 3173 813 3238 forte
843 3173 1081 3258 aliquis
1111 3171 1327 3239 credit
1354 3174 1665 3260 graviora
1690 3181 1965 3262 potesse

231 3310 521 3376 corpora
538 3338 554 3361 ‚
578 3311 714 3374 quo
743 3288 939 3354 citius
966 3296 1225 3353 rectum
1252 3310 1375 3376 per
1402 3291 1598 3354 inane
1627 3289 1933 3354 feruntur
1952 3338 1966 3361 ,

228 3403 520 3467 incidere
552 3425 637 3467 ex
666 3425 912 3492 supero
944 3403 1303 3468 levioribus
1322 3451 1337 3479 ‚
1359 3412 1565 3489 atque
1594 3406 1689 3469 ita
1715 3405 1968 3492 plagas·

226 3520 505 3605 gignere
525 3567 541 3593 ‚
566 3540 740 3603 quae
768 3519 1034 3606 possint
1058 3520 1366 3605 genitalis
1395 3519 1683 3585 reddere
1709 3529 1932 3585 motus
1951 3569 1967 3594 ‚

222 3635 411 3697 avius
442 3655 485 3697 a
513 3654 677 3697 vera
703 3634 900 3719 longe
928 3635 1193 3699 ratione
1229 3634 1489 3700 recedit
1507 3683 1520 3698 .
1569 3664 1590 3673 ‘

91 3761 175 3807 230
222 3769 375 3811 nam
404 3770 535 3836 per
565 3769 779 3833 aquas
810 3769 981 3833 quae
1012 3770 1296 3835 cumque
1327 3749 1580 3815 cadunt
1609 3758 1814 3835 atque
1845 3755 2001 3813 aera
2028 3769 2250 3813 rarum
2271 3796 2285 3817 .

226 3861 395 3927 haec
425 3885 559 3951 pro
588 3862 1001 3950 ponderibus
1030 3885 1227 3930 casus
1258 3865 1552 3930 celerare
1579 3872 1926 3929 necessest

222 3988 597 4065 propterea
626 3980 783 4064 quia
812 4001 1062 4066 corpus
1091 4001 1306 4065 aquae
1337 3988 1711 4066 naturaque
1742 3980 1960 4044 tenvis

226 4288 323 4336 203
362 4300 583 4353 quoquc
607 4283 807 4338 debent
831 4284 1041 4339 flamme
1079 4287 1100 4356 ΙΙ
1138 4292 1234 4340 205
1261 4292 1513 4357 quantum
1540 4285 1680 4339 inest
1725 4286 1746 4355 ΙΙ
1793 4290 1891 4337 209
1916 4283 2162 4338 caderem
2188 4283 2240 4335 ἰιι
2265 4290 2406 4335 terra
2441 4284 2464 4352 n

226 4373 323 4419 210
360 4384 577 4421 summo
601 4376 869 4425 mensumn.
908 4369 930 4437 11
969 4375 1068 4423 218
1104 4371 1275 4425 firme.
1315 4368 1337 4438 ΙΙ
1373 4374 1473 4422 219
1510 4368 1645 4422 locis
1671 4370 1845 4439 spatio
1871 4367 2140 4439 depellere
2170 4368 2190 4435 Η
2227 4371 2324 4419 222
2357 4364 2463 4418 Im-

226 4449 352 4505 bres
388 4451 411 4517 ΙΙ
450 4457 550 4503 227
590 4451 741 4522 plag.
780 4452 800 4519 ΙΙ
839 4457 937 4506 229
974 4452 1149 4506 Aulus
