3042 5192
664 440 797 507 176
1718 437 1813 506 ΠΙ

658 635 808 677 cum
835 612 1021 677 varia
1047 618 1449 698 temptasset
1474 660 1489 688 ‚
1530 610 1966 675 Eichstadius
1999 624 2067 676 et
2094 612 2420 700 Forbiger
2451 663 2468 690 ‚
2500 637 2587 679 ne
2615 617 2735 682 sibi
2760 640 2850 682 us·

660 732 858 797 quam
883 709 1234 774 dissimiles
1258 717 1516 784 essent,
1543 708 1616 772 id
1640 717 2131 797 praeoptatunt
2156 712 2227 775 in
2253 735 2388 797 quo
2413 722 2595 779 esset
2613 725 2852 801 praeter

660 818 884 874 cetera
920 809 1084 872 vitia
1126 807 1562 872 soloecismus
1592 856 1608 883 ‚
1648 810 1885 872 videmu-
1912 809 2017 873 Ire
2057 812 2271 874 aniona
2299 836 2374 875 ac
2403 811 2759 899 (Forbiger
2784 827 2854 893 et,

661 915 998 992 tamquam
1040 906 1307 990 melius)
1348 917 1463 971 toto
1490 908 1643 971 solvi
1670 907 1744 969 de
1772 929 2026 991 corpore
2052 919 2310 972 mentem
2325 958 2343 987 ,
2377 909 2467 973 Et
2496 949 2565 956 —
2603 912 2852 997 langues·

659 1030 795 1070 cere
816 1044 885 1052 —-
907 1006 1126 1084 voltu-⁹,
1150 1004 1492 1091 Alolliaque
1523 1005 1819 1089 exsanyui
1840 1006 2059 1068 cadere
2079 1008 2289 1070 omnia
2311 1030 2567 1092 empore
2586 1010 2854 1073 nwmbra.

827 1103 965 1166 597.
998 1125 1034 1166 c
1053 1123 1157 1165 um
1196 1123 1552 1165 maium-:r
1571 1150 1585 1164 .
1615 1101 1719 1165 Ita
1749 1100 2156 1186 quadratus:
2190 1104 2525 1191 oblongus
2543 1107 2855 1191 periberet,

659 1200 784 1266 sed
809 1201 878 1264 in
906 1200 1105 1264 litura
1123 1247 1136 1261 .
1170 1206 1514 1263 corrector
1545 1197 1858 1285 quadrati
1895 1223 2195 1264 rmum-2
2212 1225 2365 1266 run
2398 1251 2415 1277 ‚
2471 1204 2703 1289 itaque
2739 1204 2856 1269 Ma·

658 1299 868 1363 rullus
887 1347 901 1361 .
934 1298 1111 1361 adibo
1137 1296 1391 1361 habent
1430 1297 1854 1361 membranae
1894 1298 1965 1361 in
1995 1322 2040 1375 1,
2058 1300 2134 1364 51
2157 1349 2175 1375 ‚
2207 1300 2586 1385 quadratus
2602 1304 2856 1389 proibere

660 1399 729 1461 in
758 1420 800 1473 1,
821 1395 943 1459 973
974 1444 989 1471 ,
1028 1396 1347 1458 distraicur
1387 1393 1564 1459 idem
1601 1395 1670 1459 in
1701 1418 1772 1470 11,
1786 1395 1908 1460 827
1942 1404 2011 1461 et
2037 1397 2106 1460 in
2133 1398 2366 1475 v1‚258
2395 1400 2587 1465 thr-ait
2614 1450 2629 1464 .
2663 1400 2859 1466 thmha't

662 1496 992 1579 oblongus
1020 1493 1089 1556 in
1116 1515 1207 1568 vl,
1224 1493 1374 1556 967.

828 1593 968 1657 609.
999 1615 1095 1656 ΕΤ
1124 1613 1425 1655 summa
1457 1614 1917 1657 succnnsns
1948 1616 2277 1659 rAucsss.
2311 1595 2424 1659 Sic
2454 1604 2741 1682 uterque
2766 1618 2853 1659 co·

663 1693 799 1756 dex
831 1740 845 1754 .
886 1692 957 1753 in
988 1687 1320 1775 quadrato
1365 1689 1615 1753 factum
1645 1712 1686 1753 a
1715 1700 2100 1756 correctore
2127 1716 2383 1778 supera-s
2410 1742 2431 1774 ,
2480 1695 2625 1758 sine
2654 1715 2854 1758 causa:

661 1792 756 1855 sic
802 1799 1024 1854 tamen
1069 1795 1138 1851 et
1163 1788 1314 1851 Itali
1357 1796 1425 1851 et
1452 1788 1815 1853 Lambinus
1845 1838 1861 1865 ‚
1905 1812 2102 1874 quem
2140 1812 2373 1855 omnes
2403 1814 2609 1857 caeco
2638 1794 2853 1881 impetu

662 1895 981 1954 secuntur
1000 1935 1014 1949 .
1046 1885 1201 1949 olim
1228 1885 1534 1971 impressi
1566 1894 1635 1950 et
1661 1886 1990 1952 Marullus
2016 1912 2273 1975 superas
2301 1892 2593 1956 accedere
2601 1893 2833 1980 fauces

828 1985 967 2050 612.
1016 2005 1224 2060 quon
1274 2006 1346 2047 sl
1395 2007 1917 2050 lunonrALEs
1962 2010 2281 2051 uosrRA
2329 2010 2590 2053 ross-r
2642 2012 2852 2053 usus.

667 2085 843 2151 Non
871 2106 1020 2147 nm
1050 2105 1135 2145 sn
1165 2104 1520 2145 uomens
1551 2104 1934 2147 n1ssoLV1
1965 2107 2692 2161 conqussnssnsrun.
2716 2088 2849 2151 Cor·

665 2193 966 2249 rectores
1009 2180 1451 2266 antiquissimi
1492 2189 1562 2245 et
1589 2180 1980 2246 Lactantius
2021 2183 2091 2246 in
2118 2205 2236 2258 vn,
2256 2184 2352 2260 12,
2367 2183 2449 2248 26
2481 2208 2852 2250 minoru-

663 2306 823 2347 ms.
847 2290 988 2345 tum
1012 2278 1551 2365 quadratusNon
1578 2290 1780 2343 tamen
1805 2281 2102 2360 moriens,
2130 2282 2282 2346 Non
2308 2293 2509 2346 tamen
2536 2285 2853 2348 moriem&

667 2385 735 2447 in
766 2381 1118 2445 Lactantio
1149 2379 1543 2464 impressum
1580 2400 1756 2443 anno
1792 2379 1985 2443 1471:
2030 2377 2250 2443 codex
2275 2379 2689 2445 Erfurtensis
2723 2379 2849 2444 anni

672 2480 834 2543 1468
877 2487 945 2542 et
991 2477 1193 2541 editio
1222 2475 1749 2541 Rostockcensis
1789 2477 1946 2540 anni
1990 2477 2150 2541 1476
2178 2478 2330 2542 Non
2365 2490 2493 2543 tam
2526 2504 2593 2543 se
2621 2481 2851 2544 moriem

666 2578 911 2641 dissolvi
938 2585 1318 2662 torqueretur
1344 2601 1368 2658 ;
1409 2575 1599 2661 quod
1627 2598 1746 2640 cur
1773 2597 1859 2640 ne
1887 2574 2048 2641 ferri
2079 2574 2349 2662 quidem
2372 2577 2594 2663 possit
2620 2576 2703 2641 ad
2725 2598 2849 2641 ver-

665 2696 811 2739 sum
845 2674 963 2738 198
994 2672 1222 2736 docui.

834 2771 975 2836 614.
1027 2791 1506 2846 vnsrmaqmz
1558 2794 2080 2848 RELINQUERE
2116 2823 2132 2850 ‚
2177 2795 2274 2838 ur
2325 2796 2623 2838 Anoms
2653 2824 2666 2837 .
2706 2773 2850 2837 Post

605 2920 616 2929 .
664 2871 834 2934 haec
863 2868 1190 2933 Marullus
1217 2866 1399 2932 hunc
1428 2889 1512 2932 ex
1541 2891 1663 2933 sua
1692 2870 1956 2935 officina
1983 2893 2250 2936 versum
2281 2870 2547 2936 addidit
2574 2921 2589 2947 ‚
2635 2872 2847 2937 Gaude-

662 2980 758 3033 νει
780 3017 797 3049 ,
828 2968 1175 3054 praelonga
1222 2989 1405 3031 senex
1445 2977 1554 3030 aut
1598 2991 1830 3033 cornua
1871 2994 2081 3034 cervus
2111 3020 2125 3034 .
2168 2969 2327 3035 hinc
2365 2970 2755 3035 recentiores
2788 2968 2844 3031 in

663 3067 995 3131 Lactantii
1043 3066 1414 3130 orationem
1456 3066 1660 3130 tacite
1703 3067 2122 3132 intruserunt
2171 3068 2487 3133 Gaudere!
2512 3118 2530 3143 ‚
2572 3066 2741 3153 quod
2769 3066 2841 3129 ibi

663 3188 884 3251 neque
927 3165 1081 3229 olim
1120 3165 1424 3251 impressi
1465 3164 1721 3229 habent
1758 3187 1977 3251 neque
2022 3186 2224 3230 manu
2265 3167 2499 3252 scripti
2536 3176 2670 3231 tres
2703 3185 2843 3250 quos

663 3264 927 3349 inspexi
960 3312 973 3325 .
1019 3262 1404 3326 Madvicum
1432 3263 1635 3326 miror
1653 3311 1668 3337 ‚
1715 3264 1828 3348 qui
1855 3264 1924 3327 in
1954 3265 2295 3349 opusculis
2322 3265 2655 3350 prioribus
2678 3260 2841 3349 12:312

662 3360 1157 3424 recentissimos
1187 3361 1480 3425 Lucretii
1515 3360 1810 3425 editores
1853 3361 1944 3425 ad
1983 3363 2463 3427 nominatin
2505 3364 2712 3448 any-uis
2734 3380 2837 3423 non

663 3456 1031 3521 attendisse
1057 3457 1239 3522 dicat
1253 3507 1267 3523 .
1291 3466 1475 3522 certe
1497 3459 1567 3522 in
1587 3459 1995 3523 nominativo
2018 3460 2201 3524 nulla
2224 3467 2330 3524 est
2351 3459 2657 3525 offensio,
2680 3478 2837 3523 versu

662 3556 786 3619 456
819 3556 990 3641 Eryo
1020 3557 1272 3620 dissolui
1300 3580 1540 3644 quoque
1569 3559 1841 3621 convenit
1866 3581 2100 3622 omnem
2135 3559 2369 3622 animai
2397 3559 2707 3623 N'aturam
2718 3606 2734 3639 ,
2758 3578 2835 3618 ceu

646 3655 910 3742 sumne,
951 3654 1017 3716 in
1060 3655 1217 3717 altas
1259 3657 1423 3718 aeris
1464 3678 1655 3718 aura-s·
1684 3703 1699 3718 .
1742 3676 1945 3719 versu
1979 3656 2096 3719 130
2126 3658 2415 3742 quoniam
2444 3667 2529 3720 est
2554 3657 2734 3721 mzimi
2755 3676 2834 3716 na·

661 3765 803 3818 tura
822 3763 1066 3838 reperta
1085 3755 1288 3839 Atque
1311 3754 1591 3831 animae,
1614 3755 1793 3839 quasi
1807 3777 1967 3839 pars
1993 3754 2283 3818 homnis.
2306 3775 2509 3819 versu
2534 3755 2655 3819 427
2672 3754 2833 3817 multo-

662 3875 778 3962 que
803 3851 1138 3915 minoribus
1167 3874 1291 3916 esse
1318 3852 1654 3938 Principale
1665 3851 1915 3937 factam
1943 3875 2131 3939 quam
2158 3853 2426 3939 liquidus
2452 3877 2632 3918 umor
2658 3850 2832 3938 09υωὶ

661 3949 730 4010 in
756 3969 843 4021 w,
858 3948 983 4011 699
1002 3950 1337 4015 maioribus
1358 3975 1485 4015 esse
1507 3961 1776 4014 creatum
1798 3950 2131 4036 Principiis
2159 3974 2345 4038 quam
2364 3974 2515 4015 vox.
2546 3951 2639 4015 sic
2665 3949 2715 4011 V
2720 3966 2835 4013 arro

662 4044 749 4108 (le
793 4045 1017 4131 lingua
1058 4046 1266 4111 latina
1305 4071 1460 4134 1xp.
1476 4048 1599 4111 526
1638 4058 1818 4134 atque
1854 4048 1921 4111 in
1958 4048 2118 4113 hisce
2161 4049 2434 4113 onmibus
2470 4047 2837 4113 similitudines

657 4168 783 4209 non
823 4155 1054 4209 tantum
1093 4147 1386 4210 sumimus
1426 4171 1466 4210 0
1486 4147 1754 4235 fiyura,
1797 4148 1904 4210 sed
1930 4148 2114 4210 etiam
2142 4148 2391 4211 aliunde
2420 4145 2837 4233 (Florentium

660 4244 906 4329 alinde)
932 4292 950 4325 ,
996 4255 1066 4308 ut
1099 4246 1166 4306 in
1208 4245 1378 4330 equi-s·
1419 4256 1586 4308 aetas
1614 4293 1632 4324 ,
1676 4256 1745 4308 ut
1772 4246 1839 4308 in
1868 4245 2057 4308 asinis
2084 4245 2294 4332 (quod
2315 4247 2542 4310 similes
2556 4252 2833 4330 pas-erm

652 4353 985 4426 yevzwzttw,
1017 4363 1144 4405 rer.
1168 4350 1331 4405 rust.
1365 4343 1592 4420 11‚6‚3:
1623 4354 1692 4407 ut
1715 4344 1836 4407 inis
1856 4340 2063 4428 Flor.)
2094 4345 2268 4407 cuius
2292 4345 2461 4409 modi
2471 4343 2709 4431 famant
2718 4334 2835 4424 pvl-

658 4441 746 4503 los
771 4488 789 4519 ,
835 4451 904 4505 ut
939 4441 1006 4504 in
1038 4441 1244 4526 pomis
1269 4465 1391 4528 quo
1419 4444 1541 4508 sin-t
1564 4466 1709 4510 suco
1740 4492 1754 4508 .
1795 4443 1973 4510 idem
2012 4466 2233 4510 rerum
2264 4446 2651 4511 rusticarum
2680 4432 2834 4513 11,st
