3042 5192
565 441 706 510 232
1634 441 1733 510 VI

559 616 901 701 multaque
928 622 1283 703 praeterea
1310 615 1701 702 languentia
1726 616 2026 681 membra
2054 639 2179 705 per
2208 627 2396 685 artus

560 732 835 814 solvunt
863 738 1067 816 atque
1097 730 1377 796 animam
1403 731 1814 797 labefactant
1842 731 2119 798 sedibus
2147 734 2330 800 intus
2351 786 2364 799 .

563 847 853 933 denique
884 847 942 910 si
971 845 1203 910 calidis
1236 848 1433 924 etiam
1463 855 1783 912 cunctare
1811 848 2106 913 lavabris

405 981 503 1028 800
556 963 817 1051 plenior
847 969 916 1026 et
942 962 1185 1026 laveris
1203 1011 1220 1039 ‚
1243 963 1411 1027 solio
1440 961 1764 1027 ferventis
1794 963 1994 1048 aquai

564 1099 761 1164 quam
788 1076 983 1142 facile
1008 1078 1080 1140 in
1105 1075 1327 1141 medio
1355 1077 1434 1142 fit
1460 1078 1559 1142 uti
1589 1076 1712 1142 des
1743 1099 1947 1166 saepe
1975 1080 2206 1142 ruinas
2225 1126 2242 1154 ,

404 1210 503 1257 793
561 1190 920 1258 concidere
952 1201 1019 1256 et
1048 1213 1348 1277 spumam
1379 1199 1456 1257 ut
1485 1194 1601 1278 qui
1628 1194 1866 1258 morbo
1895 1194 2166 1258 mittere
2197 1193 2449 1259 suevit!

405 1326 507 1372 802
564 1309 1063 1393 carbonumque
1092 1307 1315 1393 gravis
1344 1308 1447 1372 vis
1477 1315 1683 1391 atque
1714 1305 1889 1371 odor
1913 1307 2291 1373 insinuatur

563 1445 764 1510 quam
792 1422 986 1486 facile
1016 1422 1085 1486 in
1116 1422 1462 1487 cerebrum
1479 1471 1496 1499 ,
1517 1421 1646 1487 nisi
1676 1443 1918 1507 aquam
1945 1426 2409 1512 praecepimus
2440 1429 2635 1490 ante!

563 1547 636 1604 at
663 1561 814 1604 cum
841 1538 1138 1602 membra
1166 1536 1406 1602 domus
1435 1537 1744 1625 percepit
1769 1536 2094 1603 fervidior
2123 1539 2226 1604 vis
2245 1589 2261 1616 ‚

408 1671 505 1717 805
561 1662 701 1718 tum
730 1654 808 1719 fit
836 1653 1012 1719 odor
1038 1653 1164 1718 viri
1188 1653 1430 1739 plagae
1458 1653 1829 1718 mactabilis
1856 1653 2069 1718 instar
2086 1702 2101 1717 .

559 1790 784 1833 nonne
813 1768 1004 1834 vides
1035 1769 1232 1833 etiam
1261 1776 1443 1833 terra
1473 1789 1748 1854 quoque
1776 1769 2010 1856 sulpur
2038 1769 2109 1832 in
2135 1769 2284 1854 ipsa

565 1884 824 1969 gignier
854 1892 924 1948 et
949 1890 1172 1948 taetro
1203 1903 1646 1947 concrescere
1679 1881 1895 1947 odore
1924 1883 2259 1961 bitumen3

567 1997 856 2085 denique
884 1999 999 2065 ubi
1028 1999 1290 2085 argenti
1318 2019 1527 2062 venas
1558 1999 1838 2084 aurique
1869 2006 2190 2064 secuntur
2210 2048 2226 2075 ‚

563 2115 767 2178 terrai
795 2115 1062 2201 penitus
1093 2119 1475 2178 scrutantes
1506 2112 1738 2178 abdita
1766 2112 1948 2180 ferro
1967 2163 1983 2190 ‚

409 2245 507 2292 810
563 2230 778 2315 qualis
809 2230 1071 2316 expiret
1100 2227 1548 2316 Scaptensula
1576 2228 1809 2294 subter
1840 2227 2090 2295 odores
2109 2229 2142 2291 P

565 2342 812 2429 quidve
841 2345 992 2408 mali
1021 2344 1099 2409 fit
1125 2350 1203 2408 ut
1233 2343 1551 2407 exhalent
1579 2352 1817 2408 aurata
1842 2343 2143 2408 metalla!

568 2480 735 2543 quas
764 2459 1099 2523 hominum
1130 2457 1429 2523 reddunt
1454 2457 1661 2523 facies
1692 2459 2042 2545 qualisque
2072 2458 2367 2524 colores!

562 2595 788 2638 nonne
816 2573 1007 2639 vides
1036 2573 1318 2639 audisve
1345 2574 1570 2659 perire
1598 2575 1665 2638 in
1694 2581 1998 2660 tempore
2028 2595 2242 2661 parvo

569 2709 766 2773 quam
796 2689 1060 2754 soleant
1078 2738 1092 2765 ,
1117 2697 1187 2753 et
1217 2711 1415 2775 quam
1444 2690 1606 2753 vitai
1636 2690 1832 2775 copia
1862 2689 2041 2754 desit
2060 2738 2075 2763 ‚

412 2820 509 2867 815
569 2826 740 2889 quos
772 2826 975 2891 opere
1002 2805 1072 2868 in
1099 2804 1216 2869 tali
1247 2803 1521 2868 cohibet
1549 2805 1653 2868 vis
1681 2826 1925 2890 magna
1952 2805 2298 2870 necessis?

565 2919 695 2984 hos
724 2920 926 3007 igitur
956 2920 1152 2985 tellus
1184 2920 1398 2984 omnis
1431 2927 1785 2983 exaestuat
1812 2928 2041 2984 aestus

569 3036 961 3122 expiratque
989 3035 1175 3100 foras
1202 3036 1270 3099 in
1299 3042 1606 3123 apertum
1634 3042 2086 3120 promptaque
2118 3034 2282 3098 caeli
2301 3083 2314 3096 .

650 3150 762 3215 Sic
792 3172 871 3214 ea
900 3151 1172 3215 Averna
1199 3150 1350 3215 loca
1379 3150 1647 3215 alitibus
1678 3151 2093 3215 summittere
2122 3149 2373 3215 debent

566 3265 974 3331 mortiferam
1003 3267 1136 3330 vim
1153 3314 1169 3341 ,
1193 3264 1280 3329 de
1308 3273 1492 3330 terra
1522 3284 1697 3351 quae
1727 3265 1943 3351 surgit
1969 3266 2040 3329 in
2069 3286 2266 3329 auras
2285 3314 2300 3340 ,

411 3395 511 3441 820
565 3385 643 3442 ut
672 3381 960 3464 spatium
990 3381 1155 3445 caeli
1186 3379 1476 3466 quadam
1506 3379 1593 3444 de
1624 3387 1819 3466 parte
1847 3387 2171 3457 venenet3

572 3515 707 3579 quo
739 3495 931 3559 simul
959 3517 1040 3560 ac
1066 3495 1351 3582 primum
1376 3497 1618 3581 pennis
1649 3495 1878 3560 delata
1906 3496 1995 3559 sit
2024 3496 2163 3560 ales
2184 3545 2200 3572 ‚

570 3608 971 3695 impediatur
999 3610 1091 3674 ibi
1121 3631 1322 3675 caeco
1353 3618 1669 3698 correpta
1697 3632 1959 3675 veneno
1979 3660 1995 3687 ‚

568 3732 645 3788 ut
675 3723 877 3790 cadat
905 3747 941 3789 e
970 3726 1243 3812 regione
1270 3726 1402 3790 loci
1418 3774 1434 3802 ‚
1459 3748 1595 3811 qua
1622 3724 1867 3812 derigit
1893 3734 2123 3791 aestus
2142 3776 2156 3789 .

572 3861 706 3924 quo
739 3863 887 3905 cum
918 3841 1183 3906 conruit
1201 3891 1216 3917 ,
1237 3840 1346 3904 hic
1377 3840 1612 3905 eadem
1640 3843 1743 3905 vis
1771 3842 1946 3906 illius
1976 3849 2202 3906 aestus

578 4184 678 4233 798
712 4178 1030 4234 labefaciant
1082 4184 1102 4250 ΙΙ
1156 4186 1253 4234 799
1290 4189 1541 4235 cunctere
1592 4182 1615 4251 ΙΙ
1668 4187 1767 4235 800
1805 4175 2041 4235 effluet-is
2089 4182 2111 4251 ΙΙ
2158 4186 2253 4233 801
2295 4178 2365 4232 de
2407 4180 2430 4249 ΙΙ
2482 4183 2578 4231 793
2613 4185 2784 4247 pumos

580 4265 671 4334 qui
709 4265 729 4332 ΙΙ
766 4271 864 4318 803
902 4264 1168 4318 celebrum
1213 4265 1235 4334 ΙΙ
1283 4284 1418 4336 aqua
1452 4267 1473 4335 ΙΙ
1510 4272 1609 4319 804
1647 4265 1875 4319 domnus
1922 4267 1943 4333 ΙΙ
1981 4264 2274 4318 fervidaser
2310 4264 2334 4332 ΙΙ
2372 4269 2470 4317 805
2510 4262 2612 4315 vini
2645 4261 2666 4328 ΙΙ
2698 4262 2784 4310 806

582 4349 728 4420 ipse.
778 4349 800 4419 ΙΙ
836 4355 936 4402 808
971 4356 1195 4420 argento
1242 4350 1262 4418 ΙΙ
1310 4356 1405 4402 811
1447 4348 1689 4403 metulla.
1727 4348 1749 4418 ΙΙ
1785 4355 1883 4401 813
1913 4348 2097 4403 audire
2133 4347 2155 4415 ΙΙ
2191 4352 2290 4400 815
2317 4353 2611 4401 necessest.
2644 4345 2665 4412 ΙΙ
2697 4345 2785 4393 818

581 4441 634 4485 ct
669 4434 689 4500 ΙΙ
729 4432 897 4486 locam
936 4432 1130 4487 alitbus
1168 4432 1190 4501 ΙΙ
1227 4439 1325 4487 820
1361 4435 1563 4505 patium
1601 4431 1623 4498 ΙΙ
1660 4432 1888 4502 quodam
