3042 5192
1243 416 1374 535 ‘v
2314 473 2452 542 313

226 665 362 706 non
421 650 528 707 est
579 644 649 707 in
704 663 780 707 re
834 664 1031 728 quam
1078 644 1512 708 certissimam
1561 666 1710 709 esse
1756 650 1960 731 poeta
2005 644 2424 713 demonstrat
2442 698 2456 712 .

223 741 569 806 Bentleius
607 742 788 822 Quod
811 744 947 806 tulit
970 792 987 820 ,
1029 754 1099 805 at
1120 754 1382 828 nequeat
1405 769 1429 825 ‚-
1464 744 1581 807 ubi
1613 742 1935 829 Forbiger
1964 744 2257 831 superbo
2287 745 2457 810 iudi·

224 842 327 903 cio
368 836 542 904 “sine
584 843 830 904 causa’.
872 840 1004 905 hoc
1047 849 1435 926 contempto
1489 841 1924 906 formabimus
1967 841 2235 918 leniter,
2285 844 2465 922 Quod

222 961 427 1002 Pori:
457 961 589 1002 UTI
619 951 909 1026 nequeat,
928 941 1121 1025 possit
1147 941 1312 1026 quod
1335 963 1457 1003 non
1484 941 1620 1003 tescit
1647 951 1785 1003 ante
1803 989 1817 1002 .
1848 939 1946 1004 uti
1969 949 2264 1023 nequeat
2282 941 2459 1005 ferre

222 1035 416 1121 quod
444 1049 587 1122 pote
611 1063 636 1118 ,-
678 1037 819 1100 sine
849 1039 1060 1102 verbo
1101 1039 1526 1139 substantivo
1559 1087 1575 1114 ‚
1616 1048 1693 1102 ut
1720 1039 1785 1101 in
1819 1037 2100 1111 111,1079
2128 1040 2268 1103 Nee
2295 1041 2458 1104 devi-

219 1136 346 1198 tari
375 1136 572 1199 letam*
574 1147 751 1219 pote,
781 1137 930 1221 quin
957 1137 1240 1200 obeamus
1258 1185 1271 1199 .
1303 1136 1400 1199 ita
1424 1159 1609 1200 suave
1643 1136 1712 1199 in
1740 1135 1970 1221 primis
2000 1135 2148 1200 libri
2179 1138 2457 1203 secundi

219 1233 530 1297 versibus
550 1281 565 1307 ‚
591 1235 818 1296 miram
844 1234 914 1297 in
944 1257 1012 1310 ιι,
1030 1235 1110 1299 87
1134 1235 1258 1298 338
1285 1257 1348 1310 v,
1372 1234 1531 1298 1238
1560 1257 1647 1308 vr,
1673 1235 1790 1298 130
1808 1282 1825 1308 ‚
1854 1234 2107 1299 scilicet
2128 1234 2460 1302 adiectiva

218 1332 447 1395 neutri
475 1332 737 1416 generis
756 1380 770 1394 .

391 1429 533 1494 838.
580 1453 783 1493 iuna
829 1453 1072 1495 imcu-
1118 1452 1641 1506 MEMBRISQUE
1690 1452 2003 1506 coon‘ra
2038 1481 2051 1494 .
2106 1431 2457 1519 Oblongus

220 1527 437 1613 prima
465 1549 665 1591 manu
692 1529 975 1592 membris
999 1553 1236 1616 qaoque
1253 1576 1267 1590 .
1298 1529 1447 1592 Itali
1479 1538 1547 1593 et
1568 1528 1934 1593 Brixiensis
1962 1531 2127 1594 mira
2156 1553 2301 1596 rac
2318 1555 2395 1596 ιε
2414 1582 2428 1596 .

390 1617 532 1690 839.
582 1627 1161 1691 ANDROGYNEM
1215 1651 1459 1692 INTER
1510 1650 1770 1692 urnas
1824 1651 1975 1693 NEC
2019 1652 2457 1706 urnAMQUE

218 1747 654 1799 UTRUMQUE
699 1747 1085 1789 memorum
1115 1773 1129 1787 .
1179 1725 1531 1813 Oblongus
1578 1735 1647 1791 et
1682 1727 2018 1792 Antonius
2048 1728 2241 1792 Marii
2287 1731 2456 1812 (non

219 1823 378 1886 olim
420 1823 761 1909 impressi)
803 1847 913 1888 nec
940 1836 1264 1912 utramque
1289 1836 1358 1888 ut
1382 1836 1709 1911 atramque
1737 1871 1750 1886 .
1796 1823 2173 1909 quadratus
2210 1829 2424 1892 remoti
2442 1878 2455 1892 .

220 1921 307 1985 ab
348 1921 488 1984 hoc
517 1942 713 1984 versu
745 1922 1019 1985 arcendi
1049 1931 1208 1986 sunt
1237 1922 1443 1986 critici
1477 1971 1493 1997 ‚
1538 1922 1654 2006 qui
1682 1929 1926 2006 poetae
1957 1931 2167 1988 artem
2196 1925 2457 2011 vitupe-

218 2041 372 2083 rare
418 2040 616 2103 quam
661 2041 846 2084 suam
878 2020 1136 2084 discere
1166 2021 1544 2084 maluerunt
1573 2068 1586 2081 .
1618 2019 2041 2085 WVakefieldo
2068 2016 2205 2087 ‘res
2234 2046 2456 2088 mons·

220 2127 450 2183 trosas
481 2139 682 2181 versu
719 2126 1106 2182 monstroso
1136 2118 1424 2182 vividius
1457 2117 1802 2200 effingere’
1832 2119 2125 2183 voluisse
2154 2120 2456 2186 videtur:

219 2217 513 2281 Orellius
538 2211 832 2280 ‘versum
866 2238 900 2279 e
933 2217 1195 2280 Graeco
1237 2216 1425 2280 fonte
1468 2215 1652 2279 haud
1695 2215 1886 2279 nimis
1918 2216 2199 2281 feliciter
2229 2218 2456 2284 detor·

219 2318 389 2380 tum’
422 2325 689 2380 censet.
719 2317 947 2400 itaque
975 2315 1080 2390 hi,
1127 2338 1273 2379 cum
1303 2314 1631 2378 Marullus
1660 2323 1845 2377 recte
1874 2316 2457 2382 Anonocvnun

217 2416 606 2500 scripsisset
634 2462 650 2487 .,
689 2415 984 2501 probant
1026 2415 1437 2500 androfflstzem
1464 2461 1482 2493 ,
1530 2411 1716 2496 quod
1745 2413 2102 2476 barbarum
2134 2423 2270 2490 est,
2302 2416 2457 2500 quia

216 2516 436 2600 prima
479 2512 836 2576 declinatio
879 2514 1328 2576 accusativum
1373 2511 1611 2575 tertiae
1647 2513 1905 2597 respuit
1936 2562 1949 2576 .
1995 2522 2177 2577 certe
2206 2512 2339 2578 hoc
2371 2514 2456 2578 de

218 2611 643 2699 appellativis
684 2619 955 2675 constat
984 2659 997 2674 .
1052 2612 1478 2698 propriorum
1520 2614 1943 2676 accusativos
1987 2621 2143 2677 ante
2185 2615 2455 2679 vocales

217 2712 485 2798 positos
538 2732 621 2773 ex
674 2710 1017 2773 veteribus
1060 2711 1279 2795 poetis
1333 2710 1572 2795 collegi
1614 2710 1743 2774 hos
1780 2710 1955 2774 inter
1999 2733 2071 2774 se
2114 2710 2454 2778 diverSOS.

218 2812 512 2874 Sam-ean
542 2809 799 2872 Asinar.
833 2831 875 2882 1,
899 2809 950 2882 1,
970 2807 1048 2870 72
1084 2855 1096 2869 .
1141 2811 1489 2893 Apoecidem,
1516 2808 1803 2896 Epidico
1837 2809 2007 2882 111‚2‚
2027 2809 2107 2872 22
2127 2859 2140 2872 .
2186 2813 2455 2876 Carnea-

215 2910 336 2973 den
356 2907 652 2970 Lucilius
682 2906 864 2993 apud
887 2906 1309 2970 Lactantium
1338 2907 1541 2971 instit.
1562 2930 1621 2981 v,
1646 2907 1738 2982 14,
1757 2909 1796 2970 3
1816 2955 1829 2970 .
1863 2908 2103 2971 Sosiam
2124 2909 2455 2994 Amphitr.

217 3030 260 3080 1,
279 3006 486 3080 1:217.
512 3006 818 3069 Pterelam
834 3004 1160 3091 Amphitr.
1179 3005 1457 3080 1,1‚259.
1491 3005 1821 3069 Chaeream
1843 3005 2174 3068 Eunucho
2201 3030 2297 3082 111,
2312 3008 2454 3083 4‚2.

225 3105 649 3189 (h‘esphmatem
671 3103 929 3167 Ennius
945 3152 961 3178 ‚
991 3102 1080 3166 ad
1101 3102 1510 3165 Herennium
1535 3126 1607 3182 11,
1626 3103 1708 3167 38
1726 3153 1740 3166 .
1780 3104 2221 3189 Ἠιεανορὶάεηι
2244 3105 2454 3188 (Θεω-

218 3204 508 3288 pommus
528 3251 543 3276 ‚
573 3203 698 3265 nisi
727 3201 957 3284 fallor)
990 3201 1635 3276 Mostellar.1v,2‚46
1654 3251 1667 3264 .
1703 3202 2160 3265 Callidemidem
2181 3202 2455 3290 Hecyra

215 3325 318 3376 111,
335 3301 397 3376 4,
423 3301 498 3365 18
530 3348 544 3362 .
599 3300 868 3365 bale-Icari
898 3321 934 3362 e
961 3299 1255 3364 Pacuvio
1289 3308 1357 3363 et
1385 3300 1627 3364 Plauto
1662 3300 2001 3365 Charisius
2030 3322 2095 3384 p.
2117 3300 2232 3363 50:
2272 3302 2453 3367 Ucre-

213 3424 378 3463 mem
407 3398 812 3462 Phormione
837 3422 900 3474 v,
919 3398 975 3470 2,
996 3399 1076 3461 70
1095 3447 1109 3460 .
1147 3398 1212 3460 in
1247 3405 1546 3461 extremo
1579 3421 1778 3462 versu
1809 3398 2058 3483 optime
2087 3398 2455 3464 Brixiensis

217 3507 291 3561 et
317 3497 698 3582 Naugerius
743 3519 1158 3572 unumque
1199 3508 1494 3560 remotum
1523 3522 1547 3578 ;
1588 3498 1694 3560 cui
1723 3498 1931 3561 simile
1964 3507 2068 3561 est
2096 3498 2163 3560 in
2192 3497 2455 3563 Horatii

218 3597 659 3682 epistularum
689 3595 907 3672 1‚18,9
946 3596 1215 3658 ‘medium
1256 3606 1311 3658 et
1346 3597 1651 3681 utrimque
1685 3598 2000 3660 redactum
2031 3645 2045 3659 .
2090 3608 2457 3682 supersunt

215 3696 325 3759 his
361 3695 714 3759 interiecta
749 3696 908 3758 inter
934 3704 1106 3756 utras
1131 3717 1242 3756 nec
1268 3704 1590 3779 atramque
1622 3744 1635 3756 .
1683 3715 1767 3757 ex
1796 3693 1901 3758 his
1930 3696 2085 3758 inter
2113 3705 2283 3759 utras
2308 3698 2454 3760 nul-

215 3796 350 3858 lam
390 3795 788 3857 sententiam
833 3791 1177 3856 includere
1223 3799 1454 3877 potest
1491 3793 1619 3855 nisi
1660 3792 1729 3855 in
1759 3813 2089 3877 suspensa
2118 3794 2452 3858 oratione.

215 3895 285 3957 in
317 3891 557 3955 Sticho
587 3892 807 3956 Plauti
840 3915 900 3965 v,
917 3892 974 3966 4,
994 3891 1068 3954 51
1113 3902 1323 3954 neuter
1349 3893 1474 3953 utri
1501 3892 1727 3955 invidet
1764 3913 1889 3954 nec
1930 3913 2199 3955 sensum
2226 3893 2456 3979 implet

217 4014 345 4055 nec
386 4012 653 4054 versum
683 4039 699 4064 ‚
739 3998 815 4054 ut
856 3989 1280 4056 scribendum
1322 3989 1632 4054 videatur
1672 4002 1880 4054 under
1910 3993 2128 4055 alteri.
2174 4015 2452 4079 suspen-

218 4089 404 4152 ditur
433 4096 653 4152 autem
683 4088 816 4152 hoc
845 4110 1216 4174 pronomen
1246 4090 1313 4151 in
1345 4088 1917 4154 condicionalibus
1953 4141 1968 4166 ‚
2009 4099 2087 4154 ut
2111 4092 2166 4153 si
2192 4103 2324 4154 uem·
2352 4116 2453 4156 vo-

216 4190 298 4252 lec
312 4237 328 4267 ‚
358 4190 485 4250 eive
507 4209 684 4273 quem
707 4187 875 4272 (hoc
900 4196 1004 4251 cst
1025 4189 1327 4273 aliquem)
1358 4189 1444 4251 ad
1469 4200 1674 4252 utram
1703 4214 1914 4253 eorum
1940 4191 2037 4252 ias
2064 4192 2210 4269 erit,
2240 4199 2358 4252 aut,
2385 4191 2451 4252 in

216 4287 516 4351 relativis
536 4335 551 4360 ‚
581 4310 703 4350 non
731 4298 865 4350 uter
883 4299 1102 4372 peccat
1128 4289 1279 4351 tollit
1306 4289 1624 4372 analoyias
1640 4336 1657 4367 ,
1687 4289 1797 4351 sed
1816 4299 1949 4351 vater
1970 4299 2125 4351 recle
2148 4288 2294 4350 dicit
2315 4312 2454 4350 con-

199 4388 427 4476 firmat
453 4435 466 4448 .
518 4393 585 4449 et
623 4386 783 4449 mire
820 4384 1056 4450 addito
1088 4387 1237 4471 ipso
1269 4386 1551 4449 relat-ivo
1582 4387 1748 4471 quod
1773 4397 1977 4449 zaram
2006 4385 2231 4470 posuit
2263 4386 2454 4468 quasi

219 4484 292 4547 ἐκ
314 4483 716 4567 trapezus-'mor
741 4483 993 4548 Gellius
1018 4485 1084 4547 in
1107 4484 1478 4548 Atticarum
1509 4485 1806 4547 noctium
1831 4484 2045 4557 xv11‚(i
2069 4485 2232 4570 qaod
2254 4495 2449 4547 acram
