3042 5192
616 458 706 526 58
1692 454 1753 522 11

454 649 551 695 535
603 631 811 696 multa
837 630 994 695 licet
1020 650 1264 717 genere
1294 650 1443 693 esse
1471 629 1540 694 in
1570 650 1649 693 eo
1680 650 2157 714 numerumque
2184 631 2462 717 repleri:

608 748 779 811 sicut
809 744 1297 833 quadripedum
1326 766 1476 809 cum
1504 744 1732 832 primis
1766 764 1915 808 esse
1944 742 2250 808 videmus

606 862 673 925 in
702 882 946 947 genere
975 861 1407 946 anguimanus
1439 858 1837 945 elephantos
1854 907 1871 934 ‚
1889 857 2084 924 India
2114 880 2397 944 quorum

602 977 863 1040 milibus
895 997 931 1039 e
958 966 1182 1039 multis
1211 975 1387 1039 vallo
1417 974 1709 1038 munitur
1740 973 1995 1037 eburno
2014 1022 2030 1048 ‚

603 1098 680 1154 ut
706 1091 974 1178 penitus
1001 1098 1296 1175 nequeat
1321 1088 1695 1176 penetrari:
1718 1095 1912 1152 tanta
1936 1086 2227 1151 ferarum

448 1222 546 1267 540
600 1206 702 1269 vis
734 1212 869 1281 est3
895 1225 1173 1290 quarum
1200 1224 1329 1267 nos
1356 1180 1698 1291 perpauca
1728 1202 2034 1290 exempla
2059 1200 2396 1267 videmus.

607 1319 731 1383 sed
758 1328 978 1383 tamen
1007 1318 1079 1382 id
1110 1339 1381 1404 quoque
1409 1318 1507 1381 uti
1537 1316 1902 1382 concedam
1921 1367 1937 1393 ‚
1960 1339 2158 1403 quam
2187 1317 2373 1383 lubet
2401 1328 2547 1383 esto

600 1435 794 1497 unica
822 1456 933 1498 res
965 1431 1294 1518 quaedam
1320 1433 1549 1496 nativo
1582 1453 1867 1519 corpore
1898 1432 2076 1509 sola,

603 1547 707 1611 cui
737 1548 962 1612 similis
990 1556 1137 1612 toto
1168 1555 1497 1611 terrarum
1524 1547 1710 1611 nulla
1739 1548 1828 1611 sit
1860 1548 2039 1611 orbi:

600 1660 853 1726 infinita
880 1669 1103 1726 tamen
1132 1661 1259 1726 nisi
1290 1660 1415 1724 erit
1441 1661 1545 1725 vis
1570 1661 1872 1726 materiai
1889 1710 1905 1736 ‚

448 1794 544 1839 545
598 1775 782 1840 unde
813 1797 891 1840 ea
917 1776 1228 1864 progigni
1254 1775 1476 1862 possit
1505 1783 1838 1863 concepta
1856 1825 1871 1849 ,
1895 1777 2107 1839 creari

599 1913 738 1955 non
764 1891 1017 1980 poterit
1035 1941 1050 1967 ‚
1071 1911 1292 1977 neque
1310 1939 1326 1965 ‚
1350 1888 1538 1975 quod
1566 1912 1769 1979 super
1799 1899 1937 1967 est,
1960 1912 2393 1976 procrescere
2423 1893 2675 1979 alique.

601 2006 848 2094 quippe
880 2006 1121 2070 etenim
1149 2005 1206 2070 si
1231 2005 1624 2069 manticuler
1649 2005 1836 2070 finita
1860 2027 1986 2094 per
2015 2027 2208 2070 omne

601 2141 889 2208 corpora
916 2120 1148 2184 iactari
1174 2120 1369 2184 unius
1397 2121 1712 2206 genitalia
1737 2122 1867 2195 rei,

596 2234 779 2299 unde
808 2236 923 2299 ubi
953 2256 1089 2321 qua
1116 2234 1185 2298 vi
1214 2244 1283 2299 et
1312 2257 1446 2320 quo
1477 2243 1681 2322 pacto
1713 2255 2076 2319 congressa
2105 2237 2380 2301 coibunt

446 2367 544 2413 550
597 2350 912 2414 materiae
942 2358 1131 2413 tanto
1162 2350 1231 2413 in
1257 2349 1499 2436 pelago
1531 2352 1863 2435 turbaque
1893 2349 2156 2414 aliena?

596 2486 736 2528 non
754 2512 770 2539 ‚
791 2470 868 2527 ut
897 2464 1137 2549 opinor
1154 2511 1170 2537 ‚
1191 2462 1447 2527 habent
1473 2464 1801 2527 rationem
1831 2463 2260 2528 conciliandi:

598 2577 722 2642 sed
752 2577 945 2661 quasi
972 2574 1334 2661 naufragiis
1362 2578 1621 2662 magnis
1648 2577 2006 2662 multisque
2037 2578 2294 2642 coortis

594 2690 945 2754 disiectare
975 2689 1151 2754 solet
1176 2711 1488 2775 magnum
1517 2711 1701 2754 mare
1731 2698 2030 2755 transtra
2047 2739 2062 2766 ‚
2083 2691 2386 2777 guberna
2404 2743 2418 2759 .

594 2813 939 2869 antemnas
958 2854 972 2881 ,
996 2825 1265 2891 proram
1283 2853 1298 2879 ‚
1321 2804 1533 2869 malos
1551 2855 1566 2881 ‚
1587 2812 1955 2890 tonsasque
1984 2807 2278 2871 natantis
2296 2856 2311 2880 ‚

441 2939 537 2983 555
592 2942 714 3007 per
742 2928 1067 2984 terrarum
1097 2920 1309 2984 omnis
1339 2941 1495 2984 oras
1523 2918 1850 2985 fluitantia
1877 2920 2178 3011 aplustra

590 3045 670 3100 ut
694 3034 1052 3100 videantur
1085 3042 1155 3098 et
1175 3010 1490 3100 indicium
1515 3034 1909 3100 mortalibus
1940 3035 2147 3102 edant
2162 3087 2178 3111 ‚

594 3150 781 3215 infidi
806 3151 1009 3215 maris
1037 3149 1313 3215 insidias
1340 3151 1636 3236 virisque
1667 3150 2028 3237 dolumque

589 3274 668 3330 ut
695 3266 909 3330 vitare
936 3265 1144 3330 velint
1160 3314 1174 3341 ,
1198 3286 1368 3329 neve
1396 3265 1535 3329 ullo
1565 3273 1869 3353 tempore
1899 3265 2181 3332 credant
2199 3317 2214 3339 ,

594 3378 880 3443 subdola
909 3401 1058 3443 cum
1085 3378 1263 3443 ridet
1291 3378 1537 3465 placidi
1565 3378 1847 3464 pellacia
1873 3381 2068 3465 ponti
2085 3430 2101 3455 ‚

441 3511 538 3557 560
593 3495 689 3558 sic
719 3493 839 3557 tibi
868 3494 922 3558 si
952 3492 1136 3556 finita
1165 3492 1369 3556 semel
1395 3491 1764 3578 primordia
1793 3493 2124 3578 quaedam

592 3607 960 3671 constitues
977 3655 993 3683 ‚
1017 3627 1251 3671 aevom
1282 3604 1624 3671 debebunt
1652 3628 1890 3693 sparsa
1917 3630 2041 3696 per
2070 3631 2330 3674 omnem

593 3719 946 3786 disiectare
976 3727 1203 3784 aestus
1235 3719 1483 3786 diversi
1509 3723 1842 3797 materiai,

588 3856 948 3921 numquam
976 3835 1045 3899 in
1075 3836 1423 3901 concilium
1450 3845 1528 3902 ut
1555 3837 1820 3926 possint
1851 3839 2194 3927 compulsa
2222 3840 2399 3904 coire

590 3972 715 4014 nec
744 3952 1063 4016 remorari
1090 3951 1159 4015 in
1190 3952 1471 4016 concilio
1498 3974 1627 4017 nec
1658 3975 1962 4018 crescere
1991 3953 2313 4030 adaucta3

438 4079 534 4127 565
593 4087 877 4150 quorum
905 4074 1259 4154 utrumque
1288 4067 1507 4155 palam
1534 4068 1678 4133 fieri
1705 4069 2056 4133 manifesta
2086 4067 2289 4133 docet
2317 4090 2427 4132 res
2448 4118 2461 4141 ‚

598 4346 693 4393 535
731 4358 928 4413 genera
962 4339 982 4411 ΙΙ
1021 4348 1119 4396 536
1155 4344 1247 4398 Sic
1270 4344 1345 4397 uti
1386 4346 1406 4414 ΙΙ
1442 4350 1537 4397 541
1578 4344 1722 4397 iubet
1759 4342 1778 4411 ΙΙ
1819 4349 1914 4396 543
1951 4343 2096 4396 nulla
2117 4352 2379 4399 omissum.
2421 4344 2442 4414 ΙΙ
2480 4353 2577 4398 547
2605 4354 2810 4400 sumam

596 4424 735 4478 oculi
770 4424 791 4494 ΙΙ
830 4430 925 4478 553
964 4443 1212 4481 caverna.
1253 4425 1272 4493 ΙΙ
1311 4435 1408 4480 554
1445 4444 1658 4497 prorem
1696 4425 1716 4493 ΙΙ
1755 4434 1850 4479 555
1889 4427 2151 4497 plaustra.
2190 4427 2211 4499 ΙΙ
2249 4434 2348 4481 560
2385 4429 2588 4482 infinita
