3042 5192
620 431 760 499 226
1677 429 1777 496 VI

618 604 833 692 guttai
860 603 972 666 vix
1004 602 1219 665 instar
1249 609 1448 665 erunt
1474 602 1671 666 unius
1701 601 2111 688 adaugmem

463 741 560 786 615
620 742 754 806 quo
786 717 1000 782 minus
1033 724 1139 780 est
1165 718 1400 781 mirum
1428 737 1613 781 mare
1641 738 1781 780 non
1810 739 2176 804 augescere
2203 733 2514 806 magnum
2543 773 2555 785 .

616 842 965 921 praeterea
992 853 1296 916 magnam
1327 832 1430 895 sol
1458 840 1718 916 partem
1749 830 2047 897 detrahit
2076 842 2300 899 aestu.

616 954 863 1036 quippe
891 946 1196 1010 videmus
1230 947 1402 1009 enim
1431 947 1643 1010 vestis
1673 968 1904 1011 umore
1931 948 2264 1013 madentis

619 1065 958 1129 exsiccare
991 1064 1128 1126 suis
1154 1060 1365 1126 radiis
1395 1060 1768 1124 ardentibu'
1799 1062 2042 1127 solem:

613 1188 683 1244 at
710 1178 945 1266 pelage
976 1178 1184 1241 multa
1214 1183 1283 1240 et
1308 1177 1443 1240 late
1475 1176 1822 1241 substrata
1847 1176 2150 1242 videmus
2170 1229 2183 1241 .

461 1314 561 1360 620
620 1292 905 1382 proinde
936 1293 1093 1356 licet
1122 1293 1425 1377 quamvis
1459 1313 1544 1354 ex
1572 1314 1707 1354 uno
1742 1314 2011 1378 quoque
2040 1293 2192 1357 loco
2225 1294 2328 1357 sol

610 1410 859 1472 umoris
889 1428 1163 1492 parvam
1196 1405 1445 1470 delibet
1476 1406 1561 1470 ab
1593 1427 1886 1490 aequore
1916 1414 2208 1492 partem:

612 1525 885 1609 largiter
912 1523 980 1585 in
1008 1528 1198 1585 tanto
1230 1522 1449 1605 spatio
1484 1528 1706 1585 tamen
1734 1521 1997 1587 auferet
2023 1521 2224 1586 undis
2244 1572 2260 1585 .

610 1647 751 1702 tum
779 1659 984 1722 porro
1013 1637 1195 1699 venti
1227 1657 1497 1720 quoque
1526 1657 1833 1720 magnam
1862 1637 2100 1701 tollere
2130 1645 2388 1725 partem

608 1753 857 1817 umoris
886 1758 1177 1836 possunt
1202 1758 1554 1816 verrentes
1585 1771 1881 1835 aequora
1899 1800 1915 1828 ,
1938 1753 2156 1816 venfis

455 1886 551 1933 625
609 1889 742 1931 una
768 1874 970 1930 nocte
999 1867 1144 1930 vias
1176 1868 1488 1950 quoniam
1518 1886 1848 1951 persaepe
1874 1866 2179 1932 videmus

607 1983 841 2048 siccari
870 1981 1219 2065 mollisque
1249 1980 1372 2044 luti
1402 2001 1841 2043 concrescere
1873 1989 2135 2047 crustas
2157 2032 2170 2046 .

607 2105 961 2186 praeterea
991 2095 1190 2160 docui
1219 2093 1496 2158 multum
1529 2115 1801 2179 quoque
1831 2095 2067 2160 tollere
2096 2096 2309 2161 nubes

602 2235 899 2277 umorem
920 2232 1159 2296 magno
1193 2215 1594 2294 conceptum
1625 2230 1710 2273 ex
1738 2220 2032 2295 aequore
2061 2212 2286 2296 ponti,

606 2337 672 2393 et
699 2328 952 2413 passim
981 2332 1128 2390 toto
1162 2338 1489 2389 terrarum
1519 2346 1840 2410 spargere
1866 2326 1938 2388 in
1969 2326 2150 2401 orbi,

449 2460 549 2507 630
605 2464 757 2506 cum
786 2442 955 2526 pluit
980 2442 1050 2505 in
1080 2442 1277 2504 terris
1309 2447 1378 2504 et
1404 2440 1590 2503 venti
1619 2441 1847 2504 nubila
1871 2448 2182 2527 portant.

604 2564 947 2642 postremo
981 2555 1295 2640 quoniam
1323 2577 1478 2619 raro
1511 2577 1661 2618 cum
1691 2575 1978 2641 corpore
2007 2555 2208 2618 tellus

603 2678 740 2747 est,
766 2678 833 2734 et
862 2670 1287 2734 coniunctast
1304 2719 1321 2747 ,
1345 2691 1501 2735 oras
1531 2670 1732 2734 maris
1761 2668 2059 2755 undique
2090 2670 2361 2756 cingens
2381 2719 2396 2746 ‚

603 2785 839 2860 debet,
861 2793 940 2849 ut
966 2786 1036 2848 in
1066 2805 1248 2848 mare
1280 2785 1365 2849 de
1396 2787 1593 2850 terris
1623 2786 1808 2849 venit
1833 2807 2028 2848 umor
2058 2787 2254 2871 aquai
2273 2773 2298 2860 ,’

598 2904 667 2966 in
698 2909 915 2966 terras
942 2898 1172 2964 itidem
1202 2922 1472 2964 manare
1503 2921 1588 2964 ex
1618 2921 1914 2985 aequore
1946 2901 2162 2965 salso:

442 3035 538 3081 635
597 3018 981 3104 percolatur
1013 3016 1183 3079 enim
1210 3017 1396 3080 virus
1416 3065 1430 3092 ‚
1453 3023 1776 3099 retroque
1805 3024 2106 3080 remanat

596 3134 906 3197 materies
935 3131 1187 3195 umoris
1219 3138 1287 3194 et
1315 3128 1404 3193 ad
1434 3137 1639 3213 caput
1667 3131 1969 3194 amnibus
2001 3132 2215 3194 omnis

598 3246 905 3322 confluit,
925 3244 1084 3309 inde
1116 3267 1319 3330 super
1348 3252 1566 3308 terras
1596 3242 1775 3307 redit
1804 3245 2063 3329 agmine
2094 3242 2272 3308 dulci

593 3383 728 3446 qua
754 3363 866 3424 via
895 3368 1081 3424 secta
1111 3360 1317 3424 semel
1343 3357 1600 3444 liquido
1633 3357 1807 3444 pede
1839 3357 2080 3424 detulit
2106 3358 2323 3423 undas
2342 3360 2384 3443 .]

674 3475 871 3538 Nunc
899 3449 1071 3538 ratio
1103 3495 1275 3558 quae
1305 3476 1392 3537 sit
1409 3523 1424 3548 ‚
1446 3495 1570 3558 per
1598 3473 1830 3538 fauces
1858 3475 2105 3547 montis
2134 3483 2210 3538 ut
2237 3475 2496 3538 Aetnae

437 3608 536 3654 640
595 3590 900 3674 expirent
924 3590 1115 3675 ignes
1143 3590 1319 3653 inter
1350 3588 1508 3653 dum
1538 3590 1803 3653 turbine
1835 3596 2026 3653 tanto
2046 3638 2062 3664 ‚

591 3703 973 3789 expediam:
994 3725 1219 3789 neque
1251 3705 1422 3768 enim
1450 3703 1772 3768 mediocri
1804 3703 1994 3768 clade
2027 3713 2263 3768 coorta

586 3820 886 3883 flammea
911 3827 1281 3906 tempestas
1313 3819 1607 3884 Siculum
1637 3816 1978 3884 dominata
2005 3840 2127 3904 per
2159 3840 2362 3905 agros

584 3934 873 3999 finitimis
904 3933 994 4000 ad
1023 3955 1096 3998 se
1125 3936 1460 3999 convertit
1485 3934 1801 4020 gentibus
1831 3954 1954 3998 ora
1972 3982 1988 4009 ,

586 4246 687 4296 616
723 4241 807 4295 sol
841 4258 1085 4312 magnam
1130 4241 1150 4313 ΙΙ
1202 4249 1297 4296 621
1339 4243 1408 4297 ad
1455 4243 1474 4314 ΙΙ
1524 4250 1624 4296 624
1663 4244 1835 4297 venti.
1874 4242 1894 4312 ΙΙ
1945 4249 2046 4296 626
2072 4247 2347 4298 crusti-as.
2387 4243 2409 4315 ΙΙ
2445 4247 2544 4295 629
2578 4237 2740 4294 orbis.
2775 4235 2794 4304 ΙΙ

585 4330 682 4378 632
730 4326 899 4397 magis
959 4322 980 4394 ΙΙ
1041 4331 1141 4378 638
1187 4326 1309 4379 tulit
1368 4327 1388 4398 ΙΙ
1450 4333 1550 4380 639
1597 4328 1776 4382 faueas
1836 4327 1857 4398 ΙΙ
1919 4333 2015 4380 641
2069 4326 2245 4381 media
2289 4327 2471 4400 grecia
2504 4325 2570 4378 de
2626 4325 2645 4393 ΙΙ
2699 4323 2792 4372 642

580 4408 850 4463 Flammae
