3042 5192
1227 467 1326 534 lV
2245 469 2385 536 265

198 641 440 728 exponit
459 639 776 704 adverbia
800 640 1113 725 optandi,
1146 642 1368 724 qualia
1397 649 1557 704 sunt
1586 643 1819 704 utinam
1852 648 1921 705 et
1948 643 2125 705 velim
2144 691 2157 704 .
2190 642 2388 707 huius

199 741 378 804 verba
427 739 670 802 subieci
701 788 717 812 ‚
785 759 958 823 quae
1003 737 1502 802 Lindemannus
1558 739 1746 802 uncis
1800 739 2143 804 includere
2190 763 2390 826 quam

198 837 514 901 emendare
543 838 801 902 maluit.
841 837 1111 921 Optandi
1125 886 1143 916 ,
1172 840 1408 901 utinam
1434 839 1664 916 veniat,
1710 839 1888 901 velim
1929 851 2171 902 (narrat.
2203 864 2389 926 quam

195 938 514 998 voluntatem
543 936 725 999 dubio
755 936 1036 1018 (legitur
1058 937 1328 1020 qaudio)
1357 937 1718 1021 proximam
1760 959 1882 999 esse
1924 960 2062 999 omn
2099 938 2356 1001 dic-imm
2371 987 2387 1016 ,

196 1046 249 1097 ut
272 1037 292 1116 (
303 1035 451 1096 Aen.
471 1033 687 1118 1‚626)
723 1028 944 1119 ‘Seque
983 1045 1179 1097 ortwm
1220 1037 1472 1120 antiqua
1513 1036 1886 1098 Teucrorum
1927 1059 1967 1097 a
2004 1037 2192 1121 stirpe
2230 1039 2386 1101 vole-

195 1134 315 1210 bat’,
343 1134 476 1196 voti-s*
502 1156 624 1195 esse
654 1154 1000 1216 comparem
1030 1133 1331 1196 eredimm
1348 1182 1361 1195 .
1391 1135 1599 1219 itaque
1626 1156 1737 1196 nec
1747 1133 1910 1221 fidei
1937 1136 2389 1198 commissor-mn

195 1231 430 1293 colunum
470 1230 640 1314 (hoe
685 1237 789 1292 est
829 1228 992 1291 illud
1035 1231 1250 1312 voro)
1289 1233 1532 1316 sequi-ns
1562 1232 1842 1310 accessit,
1886 1242 1953 1294 ut
1976 1254 2085 1295 nos
2113 1232 2390 1317 (legitur

193 1330 325 1412 non)
359 1330 422 1391 in
448 1353 520 1391 ea
551 1351 784 1413 parere
826 1328 1103 1410 (legitur
1133 1329 1419 1413 praeter)
1463 1330 1758 1392 indicium
1776 1377 1792 1406 ,
1832 1332 2108 1415 quamvis
2145 1332 2391 1393 tacitum

195 1449 285 1488 nec
309 1428 668 1511 adscriptum
686 1475 702 1504 ,
745 1436 1017 1488 votorum
1043 1428 1187 1489 soli-5
1214 1427 1441 1489 nisibus
1468 1438 1527 1489 et
1552 1428 1793 1491 indiciis
1823 1427 2104 1512 (legitur
2135 1438 2190 1491 et
2216 1429 2389 1492 bene-

181 1525 344 1611 ficiis)
372 1527 747 1588 crederemus
762 1573 775 1586 .

334 1622 466 1687 989.
497 1646 594 1686 Dr:
642 1645 989 1686 PALMAS.
1040 1622 1406 1685 Correetor
1450 1621 1723 1707 oblongi
1753 1624 1828 1686 de
1864 1625 2132 1708 palmis,
2160 1625 2390 1708 itaque

195 1721 490 1785 Antonius
513 1721 709 1784 Marii
729 1770 745 1796 ‚
765 1722 922 1784 item
946 1722 1098 1784 olim
1121 1721 1423 1805 impressi
1449 1729 1517 1785 et
1538 1721 1865 1785 Marullus
1889 1770 1901 1783 .
1926 1722 2174 1785 rectius
2196 1722 2390 1786 Lam-

195 1818 361 1881 binus
387 1821 459 1883 de
487 1841 758 1882 rALMA
781 1869 795 1882 .

335 1917 469 1980 990.
514 1918 675 1981 Aur
730 1939 974 1993 QUASI
1027 1939 1533 1981 CAchmssus
1585 1939 2087 1982 PATEFAc‘ms
2140 1940 2392 1982 SAEPE

196 2035 458 2087 Qun-:ru
483 2066 496 2078 .
529 2015 659 2079 IIie
691 2014 1180 2078 Wakefieldum
1209 2015 1413 2078 miror
1442 2064 1458 2090 ‚
1513 2016 1626 2100 qui
1657 2015 2029 2079 Bentleium
2061 2016 2276 2079 solum
2306 2016 2391 2079 ad

193 2109 346 2175 hune
367 2134 630 2177 versum
652 2113 1011 2177 offendisse
1035 2112 1216 2176 dieat
1233 2161 1247 2186 ‚
1273 2136 1419 2176 eum
1441 2121 1711 2197 praeter
1735 2113 2091 2176 Avantium
2116 2122 2184 2176 et
2204 2114 2393 2177 Pium

193 2219 327 2294 post
361 2212 714 2276 Marullum
765 2234 995 2275 omnes
1039 2211 1441 2275 offenderint
1475 2260 1488 2273 .
1555 2219 1660 2274 est
1705 2217 1922 2272 autem
1973 2211 2391 2275 manifestum

193 2330 347 2392 saepe
372 2314 563 2396 quiete
595 2311 661 2372 in
688 2310 869 2373 hune
900 2331 1164 2373 versum
1196 2332 1230 2372 e
1264 2310 1569 2394 proximo
1602 2309 1855 2391 (verum
1888 2309 2056 2370 enim
2090 2307 2391 2372 ordinem

195 2404 487 2472 Marullus
516 2409 835 2493 restituit)
865 2431 987 2493 per
1018 2408 1434 2470 librariorum
1459 2428 1753 2469 errorem
1776 2407 2038 2469 venisse
2058 2456 2071 2468 .
2102 2406 2393 2470 Lucretii

195 2505 374 2568 verba
394 2555 409 2580 ‚
451 2528 628 2591 quae
660 2529 744 2569 ex
789 2506 959 2569 libro
991 2528 1061 2580 11,
1076 2504 1198 2568 263
1243 2513 1474 2589 petere
1504 2505 1868 2568 Lambinus
1903 2503 2156 2568 frustra
2186 2513 2394 2591 temp-

194 2601 375 2678 tavit,
413 2607 762 2691 perierunt
803 2626 926 2667 nee
967 2613 1253 2689 possunt
1283 2613 1468 2669 certa
1507 2605 1892 2668 coniectura
1919 2604 2267 2689 reprendi.
2301 2604 2391 2666 rei

192 2704 515 2768 conveniet
545 2701 832 2787 colliqere
860 2714 1089 2766 aestum
1117 2703 1228 2765 vel
1257 2702 1506 2787 aliquid
1541 2703 1680 2766 eius
1707 2700 1920 2766 modi.

332 2800 466 2864 993.
497 2801 639 2876 ΕΤ,
674 2801 849 2864 1002.
881 2800 1001 2865 Ur.
1031 2801 1134 2864 Ita
1165 2799 1382 2865 codex
1413 2808 1697 2884 uterque
1716 2848 1730 2863 .

332 2898 467 2962 995.
500 2922 713 2963 FUGA
771 2921 1277 2975 QUAsmnrrA
1341 2920 1717 2962 cssnNAN‘r
1746 2946 1760 2959 .
1822 2896 2184 2960 Correetor
2233 2918 2394 2981 qua-

194 2991 348 3059 drati
375 3001 552 3083 qua-si
583 2999 812 3061 didita.
844 2997 992 3061 Itali
1023 3019 1285 3060 ruffin-2
1316 2998 1492 3082 quasi
1522 3018 1861 3059 mama-A.

334 3093 469 3158 996.
503 3117 931 3159 n1scussls
962 3116 1336 3158 REDEANT
1376 3114 1889 3157 :rnanomnus
1919 3114 2021 3154 An
2054 3091 2393 3155 313.an-

193 3190 381 3255 nebus
412 3215 906 3257 muzonmus.

336 3292 473 3355 997.
504 3293 623 3355 An
670 3313 1095 3354 consuss'ra
1126 3311 1317 3354 nom
1337 3339 1350 3353 .
1382 3287 1844 3353 Wakefieldus
1875 3298 2156 3352 com-ueta
2183 3287 2397 3366 domu,

192 3384 374 3452 dandi
411 3411 572 3454 casu
606 3437 622 3460 .
664 3410 860 3473 quem
905 3389 1059 3451 huie
1097 3390 1307 3452 verbo
1353 3387 1738 3452 adiunctum
1784 3394 1941 3449 ante
1972 3384 2397 3448 Columellam

191 3505 308 3548 non
329 3487 594 3552 invenio
614 3536 628 3551 .
654 3488 1014 3553 ablativum
1033 3536 1048 3562 ‚
1079 3488 1133 3551 si
1159 3486 1472 3550 credibile
1501 3493 1640 3562 est,
1671 3484 2028 3547 Terentius
2052 3481 2313 3547 addidit
2330 3484 2395 3546 in

189 3583 496 3670 Adelphis
532 3609 620 3661 w,
635 3587 692 3660 5,
705 3587 786 3649 32
806 3636 820 3662 ‚
850 3589 958 3673 qui
983 3589 1095 3650 illa
1123 3586 1421 3651 omas-uem
1451 3586 1633 3670 prior
1656 3632 1674 3663 ,
1715 3581 1786 3645 id
1833 3591 1937 3646 est
1968 3582 2081 3668 qui
2112 3605 2259 3645 cum
2289 3582 2398 3645 illa

190 3684 389 3746 suevit
416 3733 429 3746 .
463 3693 650 3747 certe
682 3685 1100 3772 adsuefactam
1125 3708 1400 3748 sermone
1430 3681 1750 3745 dixerunt
1778 3690 2044 3745 veteres
2075 3697 2099 3754 ‚⁰
2128 3680 2400 3744 inferior

187 3786 357 3843 aetas
383 3784 684 3846 sermoni.
731 3781 852 3845 sed
882 3794 1193 3846 con-metus
1235 3788 1339 3845 est
1369 3781 1479 3865 qui
1508 3780 1680 3843 vixit
1709 3801 1856 3842 eum
1888 3780 2031 3843 aliis
2063 3781 2402 3863 (commotos

189 3898 299 3940 una
312 3876 535 3945 Varro
572 3880 734 3943 dicit
763 3901 982 3942 rerum
1006 3889 1170 3943 rust.
1188 3903 1256 3954 11,
1270 3881 1327 3952 3,
1342 3879 1406 3963 2)
1432 3886 1500 3942 et
1528 3878 1843 3964 paulatim
1881 3877 2405 3952 mansuefactum

187 3975 425 4042 scilieet
464 3977 557 4041 ad
600 3979 978 4042 convictum
1020 3987 1088 4043 et
1126 3978 1632 4042 familiaritatem
1678 3975 2047 4064 perductus
2074 4025 2091 4055 ,
2134 3998 2213 4039 ae
2241 3977 2407 4040 domi

188 4073 429 4138 domitus
452 4127 472 4156 ‚
521 4085 598 4141 ut
638 4076 807 4139 dicit
835 4084 1040 4162 poeta
1067 4076 1134 4139 in
1165 4101 1227 4152 v,
1249 4076 1404 4140 1334
1438 4127 1450 4139 .
1497 4077 1593 4139 ita
1620 4075 1900 4139 Plautus
1928 4077 1995 4139 in
2026 4076 2333 4139 Asinaria
2364 4097 2406 4146 1,

187 4171 238 4246 3,
252 4174 329 4237 69
351 4177 572 4239 Itidem
599 4176 697 4240 hic
719 4177 890 4261 apud
912 4199 1049 4240 nos.
1083 4177 1251 4239 aedis
1281 4173 1374 4259 (id
1407 4183 1512 4239 est
1534 4175 1713 4238 aedes
1740 4174 1978 4259 plurali
2007 4180 2194 4236 recto
2220 4172 2404 4252 casu)

189 4273 343 4336 uobis
371 4287 580 4339 areas!
592 4323 610 4354 ‚
642 4299 865 4360 auceps
891 4299 1028 4338 stent
1057 4299 1164 4360 eqo
1179 4324 1198 4353 ,
1231 4274 1399 4340 Esca
1428 4285 1513 4337 est
1536 4274 1826 4337 meretri-1:
1840 4320 1858 4350 ,
1890 4274 2071 4335 lectus
2098 4272 2262 4334 inlex
2292 4280 2377 4358 ‘³:⁹²
2390 4316 2406 4346 ,

188 4383 478 4436 amatores
510 4398 650 4436 aves
668 4423 682 4436 .
729 4374 901 4438 Bene
926 4375 1250 4437 salutando
1281 4378 1733 4437 consuescunt
1751 4417 1765 4442 ‚
1811 4369 2205 4453 compellando
2235 4367 2406 4429 blan-

187 4467 329 4532 diter
342 4519 362 4550 ‚
392 4471 742 4537 Osculando
758 4520 775 4551 ,
806 4474 1079 4537 oratione
1102 4473 1346 4536 vinnula
1369 4471 1679 4535 venustula
1700 4517 1713 4531 .
1744 4468 1858 4532 ubi
1890 4474 1994 4531 est
2024 4466 2221 4552 paulo
2253 4471 2407 4526 ante
