3042 5192
576 462 669 527 66
1662 458 1724 527 Π

573 634 923 699 dissimiles
953 634 1150 719 longe
1180 635 1355 698 inter
1385 655 1459 697 se
1488 635 1849 721 variosque
1879 636 2142 699 colores
2162 685 2176 697 .

576 758 923 836 praeterea
951 747 1042 811 nil
1073 746 1371 813 officiunt
1401 749 1814 836 obstantque
1843 752 2097 837 figurae

418 884 514 928 7⁸5
573 863 923 933 dissimiles
943 912 958 937 ‚
983 884 1119 948 quo
1152 863 1556 949 quadratum
1585 864 1801 927 minus
1831 885 2028 928 omne
2056 865 2146 928 sit
2175 885 2260 927 ex
2291 864 2429 927 his:

571 990 643 1044 at
670 980 831 1044 varii
863 1000 1083 1043 rerum
1114 978 1467 1064 inpediunt
1494 978 1992 1064 prohibentque
2021 980 2282 1045 colores
2301 1030 2315 1043 .

572 1117 706 1180 quo
738 1095 952 1159 minus
984 1114 1132 1157 esse
1160 1115 1297 1158 uno
1328 1094 1549 1179 possit
1575 1114 1686 1158 res
1713 1102 1860 1159 tota
1890 1096 2108 1159 nitore
2128 1144 2142 1157 .

655 1209 829 1274 Tum
859 1232 1065 1296 porro
1098 1230 1269 1295 quae
1300 1207 1489 1274 ducit
1519 1217 1590 1273 et
1615 1209 1823 1273 inlicit
1848 1217 1926 1274 ut
1951 1210 2320 1274 tribuamus

572 1326 914 1411 principiis
944 1347 1165 1389 rerum
1193 1345 1331 1387 non
1359 1345 1720 1410 numquam
1749 1345 1954 1389 causa
1983 1325 2244 1388 colores
2264 1374 2278 1400 ‚

416 1455 515 1503 790
571 1439 819 1504 occidit
836 1490 851 1517 ,
875 1462 959 1503 ex
987 1440 1154 1505 albis
1186 1439 1498 1524 quoniam
1527 1461 1666 1502 non
1694 1439 1846 1503 alba
1876 1447 2190 1504 creantur
2207 1488 2223 1513 ‚

571 1576 696 1618 nec
727 1576 897 1640 quae
926 1555 1116 1640 nigra
1146 1552 1369 1617 cluent
1399 1552 1485 1616 de
1511 1554 1720 1639 nigris
1739 1603 1753 1628 ,
1776 1553 1899 1617 sed
1927 1554 2128 1619 variis
2160 1575 2242 1616 ex
2264 1602 2277 1615 .

573 1670 821 1755 quippe
853 1669 1094 1733 etenim
1122 1668 1331 1733 multo
1362 1668 1726 1754 proclivius
1760 1670 2147 1733 exorientur

571 1782 861 1849 candida
892 1784 976 1848 de
1007 1783 1191 1847 nullo
1224 1804 1423 1869 quam
1450 1784 1646 1869 nigro
1675 1792 1837 1848 nata
1864 1785 2092 1848 colore
2111 1834 2127 1859 ‚

568 1908 685 1964 aut
714 1899 842 1963 alio
875 1899 1115 1985 quovis
1135 1948 1150 1974 ‚
1172 1899 1288 1984 qui
1318 1906 1559 1963 contra
1585 1908 1844 1985 pugnet
1872 1908 1940 1964 et
1968 1899 2197 1963 obstet
2215 1949 2229 1961 .

413 2030 512 2076 795
650 2014 1009 2079 Praeterea
1038 2014 1351 2100 quoniam
1378 2024 1726 2100 nequeunt
1753 2016 1896 2080 sine
1925 2015 2074 2079 luce
2105 2014 2368 2078 colores

569 2151 716 2194 esse
735 2178 750 2205 ‚
773 2151 995 2215 neque
1022 2131 1091 2194 in
1121 2130 1335 2194 lucem
1366 2130 1665 2194 existunt
1692 2127 2057 2214 primordia
2084 2151 2304 2193 rerum
2324 2178 2339 2205 ‚

569 2246 738 2309 scire
768 2245 924 2309 licet
953 2267 1152 2331 quam
1183 2245 1317 2309 sint
1343 2245 1529 2308 nullo
1559 2244 1781 2309 velata
1809 2244 2069 2307 colore:

566 2360 781 2445 qualis
813 2361 983 2423 enim
1014 2359 1229 2424 caecis
1258 2359 1512 2444 poterit
1542 2359 1730 2423 color
1761 2380 1910 2422 esse
1945 2360 2288 2424 tenebris?

565 2473 808 2538 lumine
839 2474 998 2559 quin
1027 2475 1177 2558 ipso
1206 2480 1505 2536 mutatur
1534 2480 1901 2558 propterea
1930 2472 2120 2557 quod

413 2604 510 2649 800
566 2596 753 2652 recta
782 2596 897 2652 aut
927 2587 1197 2673 obliqua
1224 2607 1599 2672 percussus
1628 2585 1777 2649 luce
1806 2585 2112 2671 refulgit3

564 2701 789 2787 pluma
818 2703 1272 2767 columbarum
1303 2723 1439 2787 quo
1470 2678 1676 2787 pacto
1706 2699 1775 2763 in
1806 2699 1948 2764 sole
1976 2699 2246 2764 videtur
2264 2751 2279 2773 ‚

565 2838 739 2902 quae
770 2818 900 2883 sita
930 2818 1228 2883 cervices
1258 2816 1506 2881 circum
1536 2814 1912 2899 collumque
1942 2824 2257 2879 coronat:

563 2953 849 3018 namque
879 2932 1040 2997 alias
1068 2932 1144 2996 fit
1171 2932 1270 2996 uti
1299 2932 1479 2996 claro
1511 2932 1599 2996 sit
1626 2930 1832 2995 rubra
1858 2951 2124 3017 pyropo
2145 2980 2161 3006 ,

564 3047 740 3112 inter
771 3046 929 3112 dum
960 3045 1253 3134 quodam
1281 3068 1487 3111 sensu
1514 3047 1592 3111 fit
1618 3046 1717 3110 uti
1745 3045 2055 3110 videatur

405 3178 503 3225 805
558 3163 733 3228 inter
762 3162 1081 3227 curalium
1110 3162 1341 3227 viridis
1370 3163 1653 3226 miscere
1683 3160 2078 3246 zmaragdos
2097 3209 2110 3223 .

561 3276 911 3362 caudaque
940 3278 1220 3362 pavonis
1239 3326 1255 3353 ‚
1275 3277 1462 3362 larga
1491 3298 1643 3340 cum
1670 3276 1820 3339 luce
1848 3274 2107 3359 repleta
2137 3284 2241 3340 est
2258 3326 2273 3351 ‚

564 3390 887 3454 consimili
914 3398 1130 3454 mutat
1157 3390 1417 3454 ratione
1449 3390 1738 3454 obversa
1766 3388 2065 3465 colores;

564 3504 679 3589 qui
711 3504 1026 3590 quoniam
1056 3503 1348 3589 quodam
1377 3504 1743 3589 gignuntur
1769 3503 2030 3569 luminis
2059 3505 2198 3569 ictu
2218 3555 2233 3580 ,

564 3618 735 3682 scire
765 3618 954 3695 licet,
979 3618 1121 3682 sine
1153 3639 1233 3681 eo
1263 3618 1404 3682 fieri
1432 3638 1572 3682 non
1599 3640 1805 3703 posse
1833 3618 2207 3704 putandum
2239 3631 2374 3685 est.

404 3748 502 3795 810
560 3740 628 3797 et
658 3733 970 3817 quoniam
1000 3732 1238 3819 plagae
1270 3731 1612 3818 quoddam
1642 3754 1854 3820 genus
1885 3734 2131 3820 excipit
2158 3736 2226 3798 in
2257 3757 2330 3799 se

563 3848 845 3934 pupula,
871 3870 1019 3912 cum
1050 3850 1298 3913 sentire
1329 3848 1623 3913 colorem
1655 3848 1899 3913 dicitur
1928 3850 2150 3914 album
2169 3899 2185 3925 ‚

557 3972 760 4050 atque
792 3962 971 4028 aliud
999 3986 1206 4049 porro
1226 4014 1242 4039 ‚
1263 3965 1526 4050 nigrum
1555 3984 1706 4029 cum
1737 3974 1805 4028 et
1833 3972 2058 4030 cetera
2088 3966 2294 4030 sentit
2312 4015 2327 4041 ‚

562 4274 657 4322 783
678 4268 882 4323 calores
900 4310 912 4322 .
941 4270 961 4342 ΙΙ
998 4278 1094 4324 785
1117 4280 1294 4325 extra.
1324 4274 1343 4343 ΙΙ
1370 4278 1468 4325 788
1489 4272 1688 4325 inlicitu
1713 4272 2030 4325 tribuamus.
2061 4275 2081 4344 ΙΙ
2107 4278 2205 4326 790
2224 4282 2456 4327 creatur.
2485 4276 2505 4349 ΙΙ
2533 4281 2628 4329 791
2665 4277 2758 4330 Ne
2783 4278 2802 4345 Γ

561 4370 647 4405 cn.
686 4353 706 4422 ΙΙ
744 4360 843 4405 800
881 4363 929 4406 et
959 4364 1045 4408 aut
1087 4352 1105 4423 ΙΙ
1145 4352 1402 4425 refulget.
1450 4356 1470 4425 ΙΙ
1516 4360 1614 4408 803
1652 4356 1814 4408 rubro
1852 4354 1872 4423 Η
1912 4362 2009 4408 805
2047 4357 2344 4411 caeruleum
2384 4357 2404 4427 ΙΙ
2442 4365 2540 4411 806
2577 4359 2743 4431 largo
2783 4363 2802 4431 1:

559 4444 657 4489 809
692 4448 875 4509 posset
