3042 5192
92 991 163 1036 535

90 1564 165 1609 740

90 2136 168 2181 745

88 3281 171 3326 755

82 3851 166 3899 560

1277 452 1405 521 1111

212 628 589 693 Centauros
616 627 849 712 itaque
882 632 952 689 et
979 623 1357 712 Scyllarum
1384 625 1683 690 membra
1708 624 2014 692 videmus
2031 678 2048 704 ‚

214 743 725 827 Cerbereasque
755 761 995 806 canum
1020 737 1228 804 facies
1247 788 1263 816 ,
1287 740 1772 826 simulacraque
1805 763 2033 808 eorum

210 878 499 944 quorum
525 864 748 921 morte
778 856 963 921 obita
988 854 1189 919 tellus
1220 854 1643 940 amplectitur
1673 877 1865 934 ossa3

214 994 409 1036 omne
438 993 656 1058 genus
688 973 1003 1057 quoniam
1029 971 1283 1056 passim
1311 970 1667 1035 simulacra
1691 970 1998 1039 feruntur
2016 1023 2031 1049 ‚

210 1089 458 1173 parfim
488 1094 736 1172 sponte
767 1107 891 1149 sua
920 1105 1092 1171 quae
1117 1084 1289 1150 fiunt
1316 1091 1474 1150 aere
1499 1086 1573 1149 in
1598 1087 1749 1170 ipso
1769 1135 1785 1163 ‚

210 1203 457 1288 partim
486 1222 660 1287 quae
688 1201 892 1265 variis
922 1200 1019 1264 ab.
1033 1200 1239 1264 rebus
1269 1220 1553 1285 cumque
1581 1198 1911 1267 recedunt

209 1325 275 1382 et
304 1338 486 1403 quae
517 1316 816 1381 confiunt
845 1337 930 1380 ex
956 1314 1196 1380 horum
1221 1314 1403 1380 facta
1428 1314 1660 1401 figuris
1678 1364 1692 1378 .

208 1453 361 1496 nam
392 1439 582 1496 certe
611 1453 699 1495 ex
724 1431 881 1495 vivo
914 1428 1228 1496 Centauri
1254 1451 1395 1494 non
1421 1430 1499 1493 fit
1524 1430 1744 1516 imago
1763 1479 1780 1505 ‚

214 1547 399 1611 nulla
426 1546 558 1610 fuit
588 1549 907 1632 quoniam
932 1546 1090 1609 talis
1117 1552 1360 1609 natura
1388 1544 1722 1609 animalis:

214 1683 447 1725 verum
475 1661 591 1725 ubi
621 1661 778 1746 equi
809 1681 972 1724 casu
1001 1667 1206 1745 atque
1233 1659 1521 1725 hominis
1553 1661 1869 1726 convenit
1893 1662 2112 1749 imago
2131 1713 2146 1738 ‚

211 1776 553 1840 haerescit
577 1774 772 1839 facile
802 1774 1139 1860 extemplo
1159 1822 1174 1851 ‚
1200 1772 1386 1860 quod
1417 1773 1704 1838 diximus
1735 1782 1892 1840 ante
1911 1825 1927 1853 ‚

214 1899 496 1977 propter
526 1889 836 1953 subtilem
865 1896 1173 1954 naturam
1205 1896 1275 1953 et
1300 1889 1530 1954 tenvia
1556 1896 1749 1954 texta
1766 1938 1780 1952 .

216 2014 443 2068 cetera
470 2004 556 2067 de
585 2024 829 2090 genere
856 2003 992 2069 hoc
1023 2003 1257 2068 eadem
1284 2005 1547 2068 ratione
1576 2015 1892 2069 creantur
1908 2055 1921 2068 .

217 2141 389 2204 quae
419 2142 571 2183 cum
597 2119 927 2185 mobiliter
959 2139 1213 2182 summa
1240 2119 1515 2184 levitate
1541 2118 1849 2184 feruntur
1865 2168 1882 2194 ‚

213 2242 289 2297 ut
311 2236 499 2320 prius
531 2232 800 2299 ostendi
818 2282 833 2309 ‚
854 2232 1048 2297 facile
1078 2254 1217 2297 uno
1247 2240 1622 2299 commovet
1647 2235 1788 2299 ictu

219 2370 385 2434 quae
414 2349 581 2414 libet
609 2369 744 2413 una
770 2349 1057 2416 animum
1083 2349 1282 2413 nobis
1313 2348 1576 2412 subtilis
1603 2349 1858 2435 imago:

218 2465 431 2528 tenvis
462 2463 635 2527 enim
662 2484 849 2527 mens
882 2470 989 2527 est
1019 2470 1086 2527 et
1111 2463 1277 2527 mire
1304 2463 1571 2528 mobilis
1598 2464 1748 2549 ipsa
1764 2513 1778 2527 .

294 2579 485 2642 Haec
512 2578 655 2642 fieri
681 2585 760 2641 ut
785 2599 1079 2643 memoro
1100 2627 1116 2653 ,
1137 2577 1331 2642 facile
1358 2577 1516 2642 hinc
1548 2599 1959 2664 cognoscere
1986 2583 2211 2665 possis
2228 2633 2243 2646 .

222 2715 351 2778 qua
377 2701 576 2756 tenus
602 2692 737 2756 hoc
768 2692 976 2757 simile
1007 2700 1111 2757 est
1136 2693 1229 2757 illi
1246 2742 1262 2770 ‚
1285 2691 1471 2778 quod
1497 2700 1722 2757 mente
1750 2692 2052 2760 videmus

222 2815 423 2893 atque
455 2808 663 2872 oculis
683 2857 698 2881 ,
726 2807 919 2872 simili
943 2807 1087 2871 fieri
1114 2809 1377 2872 ratione
1406 2829 1686 2872 necesse
1716 2816 1821 2872 est
1839 2858 1852 2872 .

217 2944 390 2987 nunc
416 2924 619 3009 igitur
650 2923 963 3007 quoniam
995 2921 1194 2986 docui
1221 2944 1327 2988 me
1355 2921 1533 2986 forte
1563 2923 1823 2987 leonem

218 3058 487 3102 cernere
515 3059 639 3124 per
668 3037 1050 3113 simulacra,
1074 3036 1311 3102 oculos
1343 3058 1516 3121 quae
1547 3058 1831 3122 cumque
1858 3037 2235 3114 lacessunt,

219 3153 385 3216 scire
412 3153 568 3217 licet
593 3160 883 3216 mentem
910 3151 1101 3217 simili
1129 3151 1394 3215 ratione
1421 3152 1706 3227 moveri,

220 3289 337 3351 per
367 3268 718 3332 simulacra
745 3266 1007 3331 leonem
1036 3274 1105 3331 et
1134 3273 1359 3331 cetera
1389 3286 1563 3352 quae
1591 3265 1780 3331 videt
1808 3288 2022 3352 aeque

219 3402 339 3444 nec
367 3384 582 3445 minus
613 3389 818 3466 atque
848 3381 1056 3458 oculi,
1076 3382 1205 3446 nisi
1235 3379 1427 3466 quod
1454 3401 1647 3466 mage
1675 3383 1900 3447 tenvia
1929 3383 2142 3448 cernit
2160 3433 2173 3446 .

218 3517 339 3558 nec
365 3497 628 3560 ratione
659 3496 787 3560 alia
804 3545 819 3572 ‚
842 3517 991 3560 cum
1022 3518 1294 3560 somnus
1325 3496 1621 3560 membra
1647 3496 1984 3581 profudit,

217 3632 401 3674 mens
431 3612 630 3675 animi
662 3611 891 3697 vigilat
906 3660 922 3688 ‚
943 3611 1073 3675 nisi
1104 3609 1291 3697 quod
1319 3610 1674 3676 simulacra
1699 3612 2043 3677 lacessunt

214 3723 379 3789 haec
411 3725 645 3791 eadem
671 3733 949 3791 nostros
980 3727 1236 3791 animos
1271 3747 1443 3812 quae
1474 3749 1623 3791 cum
1652 3727 2002 3812 vigilamus
2020 3778 2035 3804 ‚

216 3860 431 3925 usque
463 3840 634 3905 adeo
656 3890 672 3917 ,
695 3847 877 3906 certe
905 3848 982 3904 ut
1008 3838 1355 3906 videamur
1386 3863 1660 3907 cernere
1691 3862 1840 3905 eum
1870 3862 2068 3928 quem

212 3953 481 4020 reddita
508 3978 636 4042 pro
665 3956 807 4020 vita
831 3957 961 4020 iam
989 3977 1172 4021 mors
1205 3964 1273 4021 et
1302 3965 1485 4022 terra
1511 3958 1798 4043 potitast
1815 4005 1828 4020 .

2316 461 2451 529 139

220 4264 315 4310 735
344 4258 675 4331 Omnigenus
714 4261 735 4330 ΙΙ
772 4268 870 4316 736
896 4264 1030 4317 flunt
1065 4265 1086 4333 ΙΙ
1126 4271 1222 4319 740
1247 4264 1443 4316 anima.
1482 4263 1503 4331 ΙΙ
1541 4269 1634 4316 741
1676 4269 1834 4333 atque
1859 4263 2099 4315 homines
2123 4281 2251 4316 casu
2287 4263 2307 4332 ΙΙ
2346 4268 2441 4314 743

219 4349 381 4394 tenua
425 4344 445 4410 ΙΙ
493 4350 588 4396 752
624 4344 782 4399 docui
815 4348 1064 4416 quoniam
1100 4347 1121 4414 ΙΙ
1156 4347 1396 4400 leomun.
1443 4349 1464 4417 11
1515 4354 1612 4400 755
1651 4347 1863 4400 leonum
1901 4355 2074 4401 cetera
2112 4347 2133 4416 ΙΙ
2172 4351 2268 4400 756
2308 4345 2446 4398 oculi

219 4437 380 4494 atque
407 4428 427 4494 Η
452 4432 547 4480 760
571 4444 701 4498 que.
738 4429 759 4497 11
808 4435 901 4482 761
941 4449 1041 4500 pro
1066 4439 1331 4487 omissum.
