3042 5192
694 449 834 518 240
1755 449 1858 517 VI

519 641 644 691 1026
689 631 804 688 001·
834 645 874 686 0
903 631 1094 709 tergo
1126 624 1317 708 quasi
1345 624 1681 709 provehat
1708 630 1911 709 atque
1941 626 2278 710 propellat
2296 676 2310 690 .

687 758 950 824 semper
980 738 1151 801 enim
1181 737 1430 802 circum
1457 740 1721 825 positus
1748 759 1859 803 res
1888 740 2206 805 verberat
2232 746 2379 806 aet:

688 852 813 919 sed
840 853 958 918 tali
985 852 1063 916 fit
1088 853 1188 917 uti
1214 852 1551 939 propellat
1567 860 1882 940 'tempore
1910 854 2159 919 ferrum
2177 904 2194 932 ,

686 976 881 1056 parte
914 965 1100 1052 quod
1131 988 1215 1030 ex
1242 988 1377 1030 una
1406 968 1696 1053 spatium
1723 977 1923 1033 vacat
1952 978 2020 1035 et
2049 971 2232 1061 capit
2257 972 2325 1034 in
2356 993 2429 1036 se
2449 1022 2462 1035 .

448 1069 455 1075 ’
514 1101 643 1149 1030
683 1084 796 1148 hic
814 1133 829 1160 ‚
853 1082 973 1147 tibi
1002 1103 1200 1166 quem
1227 1102 1524 1146 memoro
1546 1130 1561 1159 ,
1583 1103 1708 1168 per
1738 1084 1976 1147 crebra
2002 1083 2330 1149 foramina
2358 1085 2514 1150 ferri

688 1218 935 1285 parvas
967 1195 1057 1260 ad
1086 1197 1299 1282 partis
1329 1197 1662 1262 subtiliter
1690 1198 2065 1263 insinuatus
2082 1248 2098 1274 ‚

686 1310 903 1377 trudit
933 1318 1001 1376 et
1026 1311 1284 1398 inpellit
1301 1362 1317 1388 ‚
1342 1312 1535 1397 quasi
1562 1333 1800 1377 navem
1827 1313 2114 1398 velaque
2141 1323 2383 1381 ventus
2404 1368 2417 1380 .

515 1445 645 1491 1034
690 1425 978 1511 denique
1005 1448 1116 1491 res
1147 1447 1378 1491 omnes
1408 1425 1661 1491 debent
1684 1427 1755 1490 in
1786 1448 2072 1514 corpore
2098 1428 2349 1494 habere

687 1547 845 1606 aera
861 1589 878 1617 ‚
902 1538 1447 1626 quandoquidem
1476 1563 1631 1606 raro
1662 1549 1820 1607 sunt
1847 1564 2136 1629 corpore
2168 1551 2236 1608 et
2262 1552 2377 1609 001·

688 1655 992 1721 omnibus
1023 1663 1129 1719 est
1155 1656 1359 1721 rebus
1389 1656 1637 1721 circum
1668 1655 1868 1722 datus
1899 1656 2384 1745 adpositusque
2404 1710 2417 1723 .

686 1771 796 1834 hic
822 1769 1054 1855 igitur,
1079 1770 1347 1856 penitus
1379 1772 1494 1855 qui
1521 1770 1593 1833 in
1619 1768 1871 1836 ferrost
1898 1771 2169 1838 abditus
2199 1779 2311 1839 001·
2332 1824 2347 1849 ,

686 1884 971 1949 sollicito
1002 1897 1186 1948 motu
1219 1905 1485 1970 semper
1511 1884 1801 1951 iactatur
1832 1907 2049 1972 eoque

686 1999 1001 2063 verberat
1027 2000 1313 2064 anellum
1344 1998 1548 2065 dubio
1580 2000 1820 2085 procul
1848 2010 1918 2065 et
1945 2002 2076 2066 ciet
2101 2003 2284 2067 intus
2302 2053 2317 2080 ‚

516 2130 645 2178 1040
690 2114 975 2180 scilicet:
996 2115 1107 2178 ille
1139 2114 1376 2179 eodem
1403 2115 1619 2180 fertur
1638 2165 1653 2191 ‚
1679 2137 1814 2200 quo
1843 2118 2311 2203 praecipitavit

684 2230 814 2293 iam
844 2230 1046 2295 semel
1076 2236 1144 2294 et
1170 2238 1432 2316 partem
1459 2231 1532 2294 in
1557 2251 1836 2295 vacuam
1867 2232 2215 2296 conamina
2243 2234 2555 2320 sumpsit.

767 2344 877 2408 Fit
907 2365 1179 2430 quoque
1209 2351 1289 2408 ut
1316 2366 1358 2409 a
1383 2343 1609 2431 lapide
1639 2344 1772 2409 hoc
1800 2344 1962 2411 ferri
1988 2354 2230 2412 natura
2254 2347 2528 2413 recedat

685 2459 860 2523 inter
890 2458 1048 2522 dum
1067 2508 1082 2535 ,
1101 2458 1334 2546 fugere
1364 2462 1569 2545 atque
1601 2462 1792 2545 sequi
1821 2469 2147 2526 consueta
2173 2462 2461 2528 vicissim
2481 2514 2495 2526 .

688 2565 984 2636 exultare
1015 2573 1211 2638 etiam
1242 2574 1707 2640 Samothracia
1733 2575 1955 2641 ferrea
1979 2576 2121 2641 vidi

514 2703 642 2749 1045
688 2693 757 2752 et
783 2696 1086 2753 ramenta
1110 2689 1304 2754 simul
1328 2689 1489 2754 ferri
1516 2689 1742 2755 furere
1771 2691 1951 2756 intus
1981 2691 2216 2756 ahenis

682 2802 753 2865 in
783 2802 1075 2889 scaphiis
1093 2852 1108 2880 ‚
1131 2804 1303 2891 lapis
1332 2804 1443 2869 hic
1470 2805 1755 2892 Magnes
1787 2828 1936 2870 cum
1967 2806 2280 2873 subditus
2310 2816 2521 2872 esset:

684 2938 899 3003 usque
929 2917 1102 2983 adeo
1134 2918 1365 3006 fugere
1396 2921 1481 2986 ab
1511 2942 1678 2985 saxo
1708 2922 1956 3007 gestire
1985 2921 2253 2988 videtur
2271 2973 2284 2986 .

684 3053 838 3097 aere
866 3033 1041 3098 inter
1069 3035 1291 3120 posito
1326 3034 1666 3101 discordia
1691 3042 1885 3100 tanta
1913 3044 2177 3102 creatur

681 3155 1046 3234 propterea
1076 3150 1231 3235 quia
1248 3199 1263 3226 ‚
1281 3152 1349 3215 ni
1376 3152 1612 3216 mirum
1629 3200 1645 3227 ,
1668 3152 1855 3236 prius
1884 3160 2114 3217 aestus
2142 3153 2258 3217 ubi
2286 3154 2460 3218 aeris

514 3277 640 3325 1050
683 3265 1032 3350 praecepit
1057 3264 1352 3350 ferrique
1380 3266 1524 3330 vias
1555 3264 1863 3351 possedit
1893 3275 2163 3352 apertas
2182 3317 2198 3344 ‚

682 3378 1020 3461 posterior
1048 3378 1289 3465 lapidis
1317 3380 1503 3445 venit
1531 3388 1759 3445 aestus
1791 3387 1859 3445 et
1887 3382 2109 3446 omnia
2134 3383 2338 3469 plena

683 3490 937 3556 invenit
962 3493 1032 3556 in
1059 3492 1242 3558 ferro
1262 3544 1278 3571 ,
1300 3517 1519 3582 neque
1551 3496 1760 3559 habet
1790 3517 1924 3580 qua
1954 3505 2179 3562 tranet
2205 3506 2282 3563 ut
2311 3505 2493 3563 ante:

686 3605 948 3691 cogitur
979 3607 1307 3674 offensare
1336 3610 1539 3697 igitur
1567 3610 1975 3697 pulsareque
2003 3611 2212 3678 fluctu

679 3718 901 3784 ferrea
928 3730 1117 3787 texta
1147 3747 1306 3802 011ος
1331 3746 1468 3811 (1110
1497 3732 1700 3811 pacto
1730 3728 1991 3813 respuit
2019 3729 2105 3791 ab
2135 3748 2209 3792 se

508 3825 659 3896 1055*
682 3842 885 3919 atque
913 3858 1035 3924 per
1066 3859 1180 3903 aes
1211 3840 1454 3925 agitat,
1477 3842 1622 3905 sine
1654 3863 1734 3905 eo
1766 3841 1952 3927 quod
1981 3862 2185 3928 saepe
2213 3841 2545 3908 resorbet.

762 3949 938 4014 Illud
966 3953 1036 4016 in
1065 3953 1171 4017 his
1200 3955 1404 4020 rebus
1433 3956 1658 4020 mirari
1686 3957 1872 4021 mitte
1890 4006 1906 4034 ‚
1932 3956 2119 4043 (111οᾶ
2147 3963 2378 4022 000ωο

679 4084 818 4164 11011
846 4066 1027 4132 valet
1057 4089 1093 4130 e
1120 4068 1346 4155 lapide
1374 4069 1509 4134 1100
1540 4070 1704 4136 alias
1731 4072 2070 4158 impellere
2098 4073 2256 4137 item
2282 4092 2394 4136 res
2413 4121 2426 4134 .

687 4346 816 4394 1026
852 4341 929 4395 Er
981 4344 1003 4412 ΙΙ
1061 4351 1191 4398 1032
1228 4349 1431 4400 ventis,
1490 4349 1510 4415 ΙΙ
1572 4356 1700 4401 1040
1737 4348 1826 4401 illo
1881 4351 1903 4418 ΙΙ
1963 4355 2094 4401 1046
2132 4348 2326 4418 00011110
2379 4349 2401 4417 ΙΙ
2461 4352 2576 4399 1047
2609 4360 2634 4394 a
2681 4335 2840 4407 111056

682 4424 764 4477 his
799 4426 897 4479 bie.
