3042 5192
105 1124 197 1170 745

105 1696 203 1743 750

108 2272 204 2317 755

1366 474 1399 541 Ι

259 658 326 715 et
350 645 905 748 graviter-magni
931 666 1172 733 magno
1204 644 1508 721 cecidere
1535 647 1627 713 ibi
1657 669 1850 723 casu;

256 765 537 850 primum
570 761 762 849 quod
792 769 1015 826 motus
1044 770 1356 846 exempto
1384 762 1589 826 rebus
1619 763 1796 827 inani

258 880 715 954 constituunt,
738 885 809 942 et
834 897 946 941 res
975 874 1192 939 mollis
1220 895 1544 960 rarasque
1570 877 1952 964 relinquont
1970 929 1984 954 ‚

258 1000 419 1057 aera
434 1043 451 1070 ‚
473 995 687 1058 solem
705 1042 721 1068 ‚
741 993 961 1079 ignem
979 1039 995 1065 ‚
1018 998 1240 1054 terras
1259 1038 1275 1065 ,
1297 990 1604 1055 animalia
1621 1040 1638 1068 ,
1657 990 1886 1079 fruges
1905 1042 1922 1069 ‚

255 1129 382 1171 nec
408 1116 637 1172 tamen
667 1105 1037 1171 admiscent
1061 1105 1131 1169 in
1160 1126 1390 1169 eorum
1421 1126 1673 1193 corpus
1699 1107 1930 1183 inane3

262 1220 510 1287 deinde
541 1221 730 1308 quod
759 1221 1028 1286 omniuo
1056 1219 1255 1284 finem
1297 1240 1437 1283 non
1469 1241 1618 1284 esse
1649 1220 1957 1286 secandis

261 1338 663 1424 corporibus
691 1336 946 1400 faciunt
963 1384 980 1411 ‚
1007 1356 1229 1420 neque
1254 1353 1537 1421 pausam
1567 1342 1748 1399 stare
1776 1335 2030 1423 fragori
2046 1386 2063 1413 ‚

259 1472 387 1515 nec
416 1472 727 1538 prorsum
753 1452 823 1515 in
850 1451 1053 1515 rebus
1082 1448 1417 1513 minimum
1448 1449 1816 1514 consistere
1848 1453 2237 1540 quicqua1n3

260 1586 411 1629 cum
438 1564 783 1629 videamus
810 1563 884 1629 id
914 1571 1279 1629 extremum
1311 1564 1631 1649 cuiusque
1662 1585 1978 1630 cacumen

266 1701 416 1745 esse
447 1678 635 1765 quod
664 1678 754 1744 ad
783 1691 1021 1744 sensus
1050 1686 1326 1744 nostros
1354 1678 1688 1742 minimum
1718 1700 1868 1745 esse
1896 1681 2165 1748 videtur
2184 1733 2198 1759 ,

262 1794 569 1859 conicere
596 1804 674 1859 ut
700 1795 924 1881 possis
953 1815 1038 1859 ex
1066 1793 1200 1858 hoc
1217 1842 1234 1870 ,
1257 1814 1432 1880 quae
1460 1814 1734 1858 cernere
1759 1817 1899 1859 non
1928 1797 2078 1882 quis

264 1920 633 1975 extremum
663 1908 850 1994 quod
878 1909 1165 1985 habent,
1186 1909 1521 1973 minimum
1552 1909 1922 1974 consistere
1954 1933 2260 1998 prorsum
2283 1966 2296 1979 .

259 2023 391 2089 huc
420 2024 687 2090 accedit
712 2025 884 2099 utei‚
908 2024 1221 2110 quoniam
1248 2022 1613 2110 primordia
1641 2045 1860 2088 rerum

260 2140 481 2205 mollia
510 2139 932 2205 constituunt
949 2188 965 2215 ‚
989 2159 1163 2225 quae
1190 2160 1319 2203 nos
1348 2139 1576 2203 nativa
1604 2137 1907 2204 videmus

264 2276 410 2320 esse
440 2263 511 2319 et
535 2255 803 2319 mortali
832 2275 981 2318 cum
1010 2275 1296 2341 corpore
1314 2302 1332 2330 ‚
1354 2252 1657 2318 funditus
1685 2275 1901 2339 usque

261 2368 504 2434 debeat
530 2368 622 2433 ad
648 2370 854 2433 nilum
880 2370 1007 2433 iam
1036 2390 1255 2433 rerum
1286 2390 1542 2433 summa
1577 2370 1823 2433 reverti

261 2483 343 2548 de
372 2487 649 2571 niloque
677 2491 912 2548 renata
937 2483 1280 2569 vigescere
1311 2484 1507 2569 copia
1535 2504 1792 2561 rerum3

261 2622 544 2684 quorum
574 2607 935 2684 utrumque
966 2597 1129 2683 quid
1158 2620 1200 2662 a
1225 2620 1388 2663 vero
1417 2598 1548 2663 iam
1578 2598 1789 2662 distet
1815 2599 2095 2665 habebis
2115 2652 2128 2664 .

262 2712 501 2778 deinde
528 2714 791 2778 inimica
818 2711 1037 2777 modis
1064 2713 1288 2777 multis
1319 2722 1477 2777 sunt
1503 2723 1709 2799 atque
1739 2736 1996 2780 veneno

264 2829 407 2917 ipsa
435 2829 561 2893 sibi
588 2829 765 2893 inter
795 2850 903 2906 seg
930 2849 1139 2913 quare
1168 2836 1286 2893 aut
1313 2848 1680 2914 congressa
1703 2830 2023 2915 peribunt
2040 2880 2055 2905 ,

268 2952 387 3007 aut
411 2944 506 3008 ita
532 2942 879 3029 diffiigient
902 2951 981 3008 ut
1007 2951 1407 3031 tempestate
1434 2951 1672 3008 coacta

262 3057 535 3122 fulmina
562 3057 879 3144 diffiigere
906 3068 1111 3143 atque
1138 3059 1364 3122 imbris
1392 3066 1771 3142 ventosque
1798 3056 2138 3124 videmus.

343 3173 651 3259 Denique
683 3181 1005 3259 quattuor
1033 3194 1119 3237 ex
1146 3174 1350 3238 rebus
1379 3173 1436 3236 si
1467 3180 1712 3236 cuncta
1739 3183 2053 3237 creantur

259 3296 463 3374 atque
490 3288 559 3351 in
591 3309 706 3352 eas
734 3310 996 3353 rursum
1024 3310 1134 3353 res
1164 3289 1386 3353 omnia
1413 3287 1877 3353 dissoluuntur
1894 3337 1911 3364 ‚

111 3419 210 3464 755
261 3404 370 3488 qui
399 3403 615 3488 magis
642 3403 755 3466 illa
784 3412 1041 3489 queunt
1067 3425 1287 3468 rerum
1316 3402 1682 3490 primordia
1712 3402 1841 3467 dici

257 3539 453 3603 quam
486 3526 729 3582 contra
755 3540 866 3583 res
894 3519 1155 3583 illorum
1184 3525 1505 3604 retroque
1534 3519 1807 3604 putari?

260 3632 537 3697 alternis
566 3633 930 3718 gignuntur
960 3634 1133 3697 enim
1160 3640 1556 3718 mutantque
1586 3634 1880 3698 colorem

262 3756 327 3810 et
355 3756 571 3811 totam
598 3748 772 3811 inter
803 3769 875 3811 sc
904 3758 1209 3813 naturam
1236 3756 1541 3834 tempore
1570 3749 1655 3812 ab
1686 3750 1898 3813 omni.

114 3875 211 3922 770
264 3861 363 3924 sin
390 3863 489 3925 ita
514 3861 692 3926 forte
720 3872 921 3950 putas
948 3865 1119 3950 ignis
1148 3872 1503 3948 terraeque
1534 3865 1714 3928 coire

268 3996 512 4063 corpus
543 3985 614 4040 et
642 3978 855 4042 aerias
885 4000 1085 4043 auras
1112 3999 1468 4063 roremque
1495 3978 1776 4064 liquoris
1795 4028 1810 4053 ,

2402 480 2494 546 27

272 4285 361 4332 741
404 4297 594 4334 cansa.
630 4282 651 4349 ΙΙ
692 4288 790 4335 744
828 4282 1027 4356 frugis.
1066 4285 1087 4354 ΙΙ
1126 4292 1223 4338 747
1262 4286 1458 4340 facient
1493 4289 1514 4357 u
1557 4294 1656 4340 748
1694 4290 1808 4358 qui.
1859 4288 1880 4356 ΙΙ
1929 4294 2025 4340 752
2066 4305 2312 4359 prorsum
2348 4297 2500 4343 omis-

271 4382 404 4416 sum.
444 4363 604 4431 11753
644 4364 838 4419 accidit
870 4368 994 4422 item
1032 4370 1054 4435 ΙΙ
1090 4375 1188 4421 755
1227 4370 1403 4441 utqui.
1450 4372 1472 4440 ΙΙ
1523 4378 1623 4424 ‘758
1671 4372 1862 4426 habes.
1912 4371 1934 4439 ΙΙ
1983 4376 2080 4423 759
2129 4388 2288 4425 vene.
2336 4372 2357 4439 ΙΙ
2403 4377 2499 4423 767

270 4448 489 4502 Atei-nis
526 4448 551 4516 ΙΙ
588 4454 772 4501 ⁷69=
705 4456 912 4506 -762,
