3042 5192
1258 473 1354 543 111
2326 479 2417 547 89

102 669 175 715 298
214 672 321 715 nec
344 670 575 736 capere
602 650 856 715 irarum
883 647 1125 713 fluctus
1153 647 1222 711 in
1249 655 1529 735 pectore
1555 655 1877 734 possunt3

104 784 176 830 2⁹6
216 788 331 852 quo
356 786 591 852 genere
619 764 692 828 in
732 763 963 850 primis
991 762 1096 827 vis
1129 771 1235 827 est
1261 763 1559 829 violenta
1597 763 1867 828 leonum
1885 813 1900 840 ‚

213 888 464 968 pectora
494 879 607 965 qui
633 878 911 944 fremitu
938 886 1258 964 rumpunt
1282 879 1678 964 plerumque
1708 886 2084 965 gementes.

102 1013 175 1058 29⁹
213 1003 273 1059 at
293 1002 564 1059 ventosa
588 994 803 1080 magis
818 975 1182 1058 'cervorum
1210 991 1458 1080 frigida
1482 1014 1674 1058 mens
1712 1001 1817 1058 est

102 1127 173 1174 ³00
217 1118 276 1174 et
297 1107 535 1196 gelidas
565 1109 763 1173 citius
790 1129 914 1193 per
940 1091 1203 1173 viscera
1230 1108 1528 1174 concitat
1556 1107 1755 1173 auras
1772 1156 1788 1184 ,

218 1245 366 1310 quae
391 1223 743 1290 tremulum
771 1222 1028 1288 faciunt
1053 1224 1365 1288 membris
1398 1224 1688 1289 existere
1713 1230 1965 1288 motum
1985 1273 1998 1286 .

215 1349 275 1404 at
296 1347 524 1404 natura
549 1340 756 1404 boum
784 1337 1051 1424 placido
1079 1339 1290 1426 magis
1321 1345 1475 1404 aere
1502 1338 1702 1415 vivit,

215 1476 323 1519 nec
345 1455 528 1519 nimis
552 1455 678 1519 irai
705 1453 825 1518 fax
850 1475 1165 1540 umquam
1193 1452 1468 1520 subdita
1493 1451 1714 1539 percit

214 1568 437 1632 fumida
450 1618 466 1646 ,
483 1568 878 1634 suffundens
908 1565 1148 1634 caecae
1179 1570 1475 1656 caliginis
1506 1568 1742 1632 umbra
1759 1616 1775 1644 ,

101 1698 174 1745 305
213 1704 321 1748 nec
342 1683 568 1770 gelidis
596 1692 833 1770 torpet
856 1685 1012 1750 telis
1038 1684 1300 1771 perfixa
1326 1683 1600 1770 pavoris
1621 1731 1637 1758 ‚

218 1799 643 1885 inter-utraque
673 1819 873 1864 secus
904 1820 1142 1865 cervos
1173 1819 1551 1884 saevosque
1579 1796 1812 1862 leones
1832 1847 1845 1861 .

219 1912 301 1977 sic
322 1912 644 1979 hominum
673 1936 890 2001 genus
921 1923 1028 1980 est
1044 1964 1057 1978 .
1089 1914 1392 2000 quamvis
1423 1911 1734 1978 doctrina
1759 1913 2010 1998 politos

221 2030 549 2096 constituat
571 2031 831 2116 pariter
861 2029 1193 2116 quosdam
1210 2079 1226 2106 ‚
1248 2037 1473 2094 tamen
1499 2027 1614 2092 illa
1640 2028 1957 2114 relinquit

215 2151 461 2208 naturae
488 2146 815 2231 cuiusque
845 2144 1041 2208 animi
1068 2145 1350 2230 vestigia
1377 2143 1594 2229 prima
1609 2191 1623 2205 .
1751 2223 1754 2226 Ι

99 2270 173 2319 ³10
217 2277 323 2322 nec
345 2258 657 2326 radicitus
689 2260 882 2325 evelli
907 2260 1082 2325 mala
1106 2280 1312 2346 posse
1340 2257 1814 2346 putandumst,

214 2373 355 2456 quin
379 2375 734 2459 proclivius
758 2374 871 2440 hic
898 2376 1033 2440 iras
1064 2372 1381 2439 decurrat
1409 2373 1500 2437 ad
1530 2372 1703 2437 acris
1721 2423 1737 2449 ‚

214 2486 307 2551 ille
330 2497 500 2555 metu
528 2490 727 2555 citius
755 2489 957 2576 paulo
986 2496 1354 2575 temptetur
1370 2538 1386 2567 ‚
1417 2496 1489 2554 at
1514 2488 1626 2553 ille

213 2603 422 2668 tertius
450 2605 738 2692 accipiat
767 2603 1099 2690 quaedam
1126 2604 1516 2670 clementius
1548 2624 1766 2690 aequo
1785 2653 1799 2667 .

213 2715 391 2802 inque
416 2718 551 2784 aliis
578 2720 789 2785 rebus
816 2720 1040 2785 multis
1071 2719 1337 2786 differre
1364 2725 1715 2784 necessest

97 2841 171 2889 ³15
214 2837 457 2898 naturas
481 2833 824 2899 hominum
851 2836 1074 2899 varias
1100 2855 1458 2921 moresque
1488 2834 1829 2919 sequacis3

214 2966 469 3029 quorum
497 2970 623 3035 ego
654 2970 834 3014 nunc
862 2971 1126 3036 nequeo
1158 2971 1396 3015 caecas
1426 2970 1767 3033 exponere
1795 2970 2061 3024 causas,

210 3048 327 3124 nec'
344 3064 633 3148 reperire
658 3064 1019 3150 figurarum
1050 3073 1155 3131 tot
1180 3066 1451 3131 nomina
1482 3063 1652 3151 quot
1680 3071 1840 3126 sunt

211 3174 521 3262 principiis
538 3227 555 3255 ,
583 3176 769 3243 unde
796 3179 967 3246 haec
998 3182 1210 3246 oritur
1238 3180 1571 3245 variantia
1597 3199 1820 3242 rerum
1838 3226 1852 3240 .

211 3287 355 3353 illud
377 3290 442 3356 in
466 3292 572 3357 his
601 3294 806 3359 rebus
833 3294 1071 3361 videor
1097 3296 1362 3362 fimare
1390 3302 1667 3381 potesse
1686 3342 1702 3370 ‚

95 3413 170 3462 32⁰
211 3423 401 3490 usque
427 3406 599 3477 ‚adeo
628 3416 1019 3477 naturarum
1045 3411 1331 3497 vestigia
1354 3409 1568 3495 linqui

212 3522 461 3602 parvola
476 3572 492 3599 ‚
515 3545 691 3609 quae
719 3534 1016 3610 nequeat
1040 3526 1213 3592 ratio
1246 3523 1584 3611 depellere
1612 3524 1810 3588 nobis
1828 3535 1860 3600 ‚'

209 3642 274 3698 ut
295 3636 381 3702 nil
407 3637 712 3723 inpediat
741 3638 1006 3728 dignam
1035 3640 1141 3705 dis
1171 3640 1418 3727 degere
1445 3640 1649 3704 vitam
1667 3688 1681 3703 .

279 3748 455 3816 Haec
480 3753 687 3839 igitur
711 3763 955 3821 natura
978 3764 1253 3821 tenetur
1284 3776 1571 3840 corpore
1599 3755 1684 3820 ab
1716 3747 1926 3828 omni,

206 3861 463 3951 ipsaque
492 3869 804 3953 corporis
836 3875 942 3932 est
968 3845 1201 3933 custos
1233 3877 1303 3934 et
1331 3891 1537 3935 causa
1564 3869 1835 3934 salutis:

94 3982 167 4032 325
209 3996 347 4041 nam
373 3982 829 4047 communibus
856 3982 1032 4047 inter
1060 4004 1134 4048 se
1160 3983 1503 4050 radicibus
1532 3984 1817 4050 haerent
1832 4033 1847 4060 ‚

206 4111 315 4157 nec
342 4096 482 4160 sine
512 4096 806 4182 pernicie
837 4096 1062 4163 divelli
1087 4120 1294 4184 posse
1323 4098 1640 4166 videntur
1659 4150 1673 4164 .

212 4291 595 4305 ’ψῃ-ὑ*

212 4371 296 4420 303
330 4372 503 4426 minus
538 4371 560 4442 ΙΙ
599 4378 697 4427 304
736 4374 988 4431 Fumidas
1014 4376 1292 4430 effundens
1328 4377 1351 4448 u
1388 4383 1484 4431 305
1524 4378 1766 4449 vaporis.
1807 4377 1826 4448 ΙΙ
1865 4384 1964 4433 306
1995 4377 2143 4430 Inter
2169 4382 2419 4444 utrasque

212 4450 327 4506 sitas
361 4454 383 4524 ΙΙ
418 4461 517 4510 309
554 4456 763 4512 Natura
799 4459 820 4530 ΙΙ
858 4465 957 4514 319
993 4459 1148 4514 video
1174 4459 1404 4515 formare
1440 4459 1460 4530 ΙΙ
1499 4465 1594 4514 321
1635 4462 1847 4532 niqueat
1885 4460 1905 4531 ΙΙ
1945 4460 2146 4514 noctis.
