3042 5192
596 463 683 530 12
1489 484 1904 530 nummi-rm

589 634 902 701 Schulzio
920 682 935 710 ‚
957 633 1103 698 viro
1132 633 1373 698 illustri
1402 634 1772 699 litterarum
1801 635 2232 700 colendarum
2253 634 2820 700 adiuvandamm·

590 755 721 819 que
771 731 1265 797 studiosissimo
1295 781 1312 809 ‚
1357 732 1850 797 commodatum
1897 734 2053 798 mihi
2103 735 2387 799 maxime
2430 732 2695 821 profuit
2735 735 2822 798 ad

587 831 973 896 reddendas
1000 831 1289 895 Marullo
1320 830 1556 896 laudes
1586 853 1745 896 suas
1775 880 1791 907 ‚
1828 853 1998 917 quas
2026 832 2331 918 plerique
2347 881 2364 908 ‚
2388 832 2504 917 qui
2533 852 2690 895 eum
2717 854 2818 896 se-

588 931 725 994 cuti
753 937 912 995 sunt
940 978 956 1004 ‚
989 929 1098 992 vel
1126 929 1389 994 silentio
1431 938 1827 1016 presserunt
1847 929 1955 995 vel
1985 930 2300 995 conviciis
2324 930 2820 994 contaminave-

586 1038 746 1095 runt
772 1079 786 1093 .
823 1030 1065 1093 horum
1103 1030 1357 1115 primus
1400 1030 1527 1094 fuit
1555 1029 2007 1116 Hieronymus
2035 1030 2338 1093 Aventia-s·
2363 1027 2792 1093 Veronensis
2807 1077 2824 1102 ‚

588 1130 702 1213 qui
742 1149 891 1192 cum
929 1148 1004 1191 se
1046 1128 1180 1192 hoc
1220 1133 1459 1213 poema
1497 1148 1623 1191 suo
1665 1126 1934 1213 ingenio
1975 1135 2046 1191 et
2081 1127 2312 1192 labore
2354 1127 2500 1191 sine
2536 1127 2823 1212 antiquo

586 1227 947 1313 exemplari
976 1226 1368 1291 emendasse
1397 1227 1630 1291 scribit
1645 1276 1662 1302 ‚
1683 1225 1935 1291 furtum
1960 1227 2219 1312 insigne
2251 1225 2628 1290 dissimulat
2645 1273 2664 1298 ‚
2689 1246 2822 1309 quo

585 1347 736 1389 eum
773 1325 1096 1413 pleraque
1123 1325 1389 1389 Marulli
1428 1326 1701 1388 inventa
1738 1325 2027 1410 turpiter
2070 1324 2473 1409 corripuisse
2502 1322 2822 1387 demons-

585 1425 782 1488 trabo
824 1421 915 1486 ad
967 1422 1203 1487 librum
1234 1445 1341 1498 111,
1364 1423 1448 1487 98
1465 1471 1479 1486 .
1521 1422 1634 1486 hic
1678 1429 1901 1487 tamen
1929 1422 2256 1487 Avantius
2283 1469 2300 1496 ‚
2350 1421 2538 1485 cuius
2582 1420 2821 1485 editio·

583 1544 736 1586 nem
763 1520 1066 1585 Venetiis
1104 1522 1441 1608 impressit
1479 1519 1697 1584 Aldus
1742 1540 1920 1584 anno
1969 1520 2174 1596 1500,
2210 1519 2419 1584 habet
2454 1518 2825 1584 laudabilia

584 1621 748 1684 satis
790 1619 1000 1682 multa
1040 1639 1178 1683 non
1222 1639 1264 1682 a
1291 1618 1580 1682 Marullo
1626 1619 1889 1704 petita,
1929 1616 2259 1704 quaedam
2304 1617 2500 1681 etiam
2546 1639 2587 1681 e
2631 1617 2823 1682 libris

585 1717 919 1803 quadrato
940 1725 1178 1782 nostro
1202 1717 1557 1792 similibus3
1581 1716 1824 1801 quibus
1852 1716 2137 1805 improbi
2163 1714 2331 1780 furis
2359 1736 2640 1791 nomen,
2666 1716 2825 1801 quia

583 1837 720 1880 non
759 1815 953 1901 potui
991 1813 1205 1891 aliud,
1237 1816 1522 1901 apposui
1565 1816 1847 1880 invitus.
1896 1815 2094 1879 huius
2134 1814 2616 1900 ineptissimam
2657 1815 2822 1880 scri-

582 1913 787 1978 bendi
815 1914 1141 1977 rationem
1161 1913 1594 1978 Eichstadius
1623 1912 1929 1977 studiose
1948 1912 2244 1977 imitatus
2274 1923 2413 1977 est.
2437 1912 2822 1988 Avantium‚

584 2013 770 2077 cuius
798 2019 1021 2076 tamen
1064 2011 1308 2075 nullam
1349 2013 1753 2076 mentionem
1789 2012 2035 2087 fecit,
2020 2033 2088 2074 111
2127 2011 2466 2097 plerisque
2507 2010 2824 2074 omnibus

583 2110 885 2194 sequitur
927 2109 1264 2173 Iohannes
1309 2109 1621 2196 Baptista
1667 2110 1819 2174 Pius
1855 2109 2299 2174 Bononiensis
2318 2157 2334 2186 ‚
2366 2108 2480 2193 qui
2523 2108 2595 2171 in
2638 2130 2821 2172 com-

583 2208 907 2272 mentario
936 2206 1282 2271 Bononiae
1322 2228 1498 2271 anno
1549 2207 1703 2271 1511
1751 2205 1934 2271 edito
1977 2228 2115 2271 non
2152 2206 2336 2270 nulla
2367 2205 2637 2292 egregie
2669 2228 2820 2270 cor-

582 2307 790 2381 rexit,
836 2304 1441 2389 antiquissimorum
1500 2305 1972 2390 exemplarium
2020 2304 2154 2369 fide
2200 2302 2570 2369 identidem
2611 2305 2821 2369 inter-

584 2403 807 2489 posita
823 2450 839 2477 ‚
862 2424 1010 2466 cum
1039 2409 1262 2464 tamen
1293 2423 1440 2464 eum
1462 2402 1660 2467 nullis
1683 2403 1810 2467 nisi
1828 2403 2303 2467 recentissimis
2326 2410 2471 2466 arte
2491 2402 2821 2466 Italorum

584 2499 897 2586 expolitis
935 2519 1129 2562 usum
1173 2519 1326 2562 esse
1367 2507 1435 2563 et
1476 2520 1591 2565 res
1631 2500 1780 2585 ipsa
1821 2499 2139 2564 ostendat
2180 2507 2251 2564 et
2289 2521 2519 2564 eorum
2544 2501 2822 2565 nomina

583 2618 865 2681 quorum
912 2594 1255 2659 codicibus
1299 2618 1463 2661 usus
1509 2606 1617 2662 est
1643 2645 1658 2661 .
1701 2596 1865 2662 dicit
1909 2598 2080 2661 enim
2124 2619 2201 2662 se
2246 2598 2438 2682 quasi
2481 2596 2734 2662 Zeusin
2785 2621 2820 2661 e

580 2705 864 2780 quadum·
881 2693 1277 2777 corporibus
1294 2716 1492 2758 unam
1516 2695 1832 2760 Lucretio
1861 2696 2140 2760 formam
2170 2695 2591 2780 praestitisse
2610 2745 2626 2771 ‚
2652 2718 2815 2760 enu-

578 2799 795 2856 merat
834 2799 1054 2855 autem
1097 2792 1500 2877 exemplaria
1528 2842 1545 2867 ‚
1596 2794 1838 2878 quibus
1879 2816 2044 2858 usus
2071 2794 2191 2868 sit,
2212 2793 2340 2857 nisi
2365 2792 2565 2858 fallor
2584 2843 2601 2868 ‚
2635 2798 2817 2881 quin-

579 2913 697 2977 que
723 2891 980 2974 (itaque
1010 2888 1096 2953 de
1117 2889 1412 2953 Zeuxide
1443 2889 1678 2955 Cicero
1709 2900 1778 2956 et
1796 2892 2123 2976 Plinius),
2146 2890 2446 2955 codicem
2467 2891 2818 2957 Hermolai

580 2995 649 3052 et
676 2987 1025 3074 Pomponii
1054 2988 1133 3073 (a
1162 3009 1297 3072 quo
1329 2986 1595 3052 differre
1635 2989 1940 3054 existimo
1968 2989 2419 3054 Basileensem
2446 3010 2488 3052 a
2515 2988 2819 3078 Pompo-

577 3087 688 3151 nio
731 3087 803 3151 in
847 3107 1115 3151 carcere
1159 3086 1482 3171 scriptum
1529 3108 1705 3151 anno
1759 3088 1950 3164 1468,
1987 3088 2055 3150 in
2102 3109 2238 3172 quo
2284 3088 2567 3154 Barbari
2613 3090 2818 3155 ullam

577 3186 978 3250 mentionem
1023 3205 1173 3249 esse
1218 3206 1358 3248 non
1403 3183 1614 3249 refert
1645 3185 1933 3250 Orellius
1961 3186 2029 3249 in
2059 3185 2343 3250 historia
2371 3187 2606 3251 critica
2637 3190 2818 3253 eclo-

577 3305 808 3370 garum
852 3304 937 3346 ex
967 3282 1240 3346 Salustii
1283 3283 1715 3348 historiarum
1751 3283 1938 3348 libris
1969 3283 2153 3347 edita
2180 3283 2409 3348 Turici
2435 3306 2617 3349 anno
2657 3288 2818 3352 1833

577 3405 639 3466 p.
655 3381 808 3465 35),
844 3379 1143 3443 codicem
1182 3401 1319 3442 non
1362 3382 1630 3446 omnino
1670 3383 1915 3446 malum
1952 3383 2068 3466 qui
2097 3381 2337 3447 fuisset
2360 3377 2514 3447 ‘viri
2542 3406 2690 3449 non
2721 3386 2816 3449 in·

577 3477 762 3542 docti
801 3477 1021 3562 gentis
1061 3476 1462 3542 clarissimae
1493 3480 1900 3544 Strotiorum
1918 3481 1962 3555 ,’
1991 3479 2284 3566 Philippi
2310 3480 2632 3546 Beroaldi
2669 3478 2816 3548 ‘im-

578 3597 879 3661 pressum
925 3573 1226 3658 quidem,
1265 3575 1386 3640 sed
1431 3585 1651 3641 tamen
1690 3599 2022 3664 perpense
2063 3579 2571 3652 examinatum‚'
2619 3603 2815 3666 prae·

576 3683 763 3738 terea
793 3671 1000 3736 Codri
1030 3673 1474 3758 (Brixiensem
1493 3725 1510 3752 ,
1543 3683 1711 3762 puto
1731 3724 1747 3751 ‚
1772 3677 1886 3760 qui
1913 3676 1982 3739 in
2010 3698 2035 3739 1
2054 3724 2070 3752 ‚
2091 3675 2215 3740 853
2242 3676 2452 3742 habet
2481 3678 2678 3762 quod
2707 3679 2818 3743 ille

577 3794 614 3835 e
638 3770 843 3836 Codri
874 3769 1105 3834 codice
1135 3771 1392 3849 adfert,
1412 3777 1664 3860 sanquis
1690 3776 1952 3860 omoios)
1970 3823 1986 3851 ‚
2007 3781 2352 3862 postremo
2381 3774 2656 3840 Marulli
2677 3826 2693 3841 .
2723 3778 2822 3841 ita

574 3892 617 3933 a
644 3870 765 3933 Pio
810 3890 1025 3954 usque
1068 3870 1159 3934 ad
1202 3870 1637 3957 Forbigerum
1678 3893 1910 3937 omnes
1945 3872 2241 3937 Lucretii
2282 3871 2582 3938 editores
2623 3875 2816 3939 nullo

574 3968 876 4032 veritatis
922 3969 1150 4033 studio
1210 3969 1615 4056 exemplaria
1657 3978 1891 4035 vetera
1947 3979 2017 4035 et
2064 3970 2520 4034 recentissima
2554 4019 2572 4045 ‚
2621 3973 2816 4037 multi

572 4066 969 4130 Marulliana
1021 4089 1291 4152 quoque
1335 4076 1403 4132 et
1441 4067 1688 4133 Aldina
1715 4117 1732 4144 ,
1766 4069 1988 4132 omnia
2028 4067 2266 4132 eodem
2302 4089 2583 4132 numero
2626 4069 2816 4135 loco-

573 4186 705 4250 que
732 4164 1145 4243 habuerunt3
1171 4188 1305 4251 quo
1327 4165 1578 4230 factum
1610 4173 1716 4231 est
1741 4175 1821 4231 ut
1842 4187 2072 4231 omnes
2099 4166 2310 4230 multo
2332 4165 2531 4251 plura
2557 4175 2818 4232 temere

572 4270 640 4327 et
665 4264 966 4349 imperite
995 4262 1390 4349 temptando
1423 4272 1928 4350 corrumperent
1968 4285 2168 4349 quam
2206 4272 2666 4329 correctorum
2701 4287 2818 4329 ve-

572 4369 787 4426 terum
835 4371 903 4426 et
943 4362 1263 4425 Italorum
1304 4362 1704 4447 Marulliquc
1760 4362 2066 4447 exemplo
2121 4363 2193 4426 in
2238 4363 2572 4448 integrum
2612 4364 2819 4427 resti-

572 4467 841 4525 tuerent
858 4509 871 4523 .
895 4458 1205 4524 Andreas
1221 4462 1582 4546 chqerim
1597 4509 1615 4541 ,
1639 4462 1828 4526 cuius
1856 4481 2066 4547 opera
2081 4459 2299 4525 Aldus
2326 4482 2491 4526 usus
2521 4469 2628 4526 est
2661 4483 2820 4526 cum
