3042 5192
588 467 679 533 86
1651 463 1747 531 ΠΙ

585 637 845 703 mobilis
875 637 1137 723 egregie
1153 685 1170 713 ,
1190 657 1514 724 perquam
1546 642 1860 700 constare
1887 641 2235 699 necessest

432 770 528 816 205
588 752 985 839 corporibus
1013 751 1239 838 parvis
1270 760 1340 816 et
1374 751 1634 816 levibus
1676 758 1880 836 atque
1908 747 2255 814 rutundis.

589 887 762 952 quae
792 866 911 930 tibi
941 867 1211 951 cognita
1234 886 1347 929 res
1372 866 1443 928 in
1469 866 1693 931 multis
1712 914 1728 942 ,
1754 887 1794 929 o
1822 865 2001 929 bone
2019 912 2034 940 ‚
2058 863 2261 928 rebus

587 981 768 1046 utilis
797 981 1168 1045 invenietur
1199 989 1268 1044 et
1295 986 1684 1067 opportuna
1713 979 1964 1044 cluebit
1981 1027 1997 1040 .

588 1095 760 1160 haec
790 1116 1061 1181 quoque
1089 1116 1200 1159 res
1230 1095 1424 1159 etiam
1452 1101 1760 1159 naturam
1790 1092 2062 1158 dedicat
2087 1093 2227 1158 eius
2245 1142 2261 1169 ,

594 1232 794 1296 quam
824 1210 1008 1275 tenui
1035 1216 1304 1274 constet
1332 1216 1603 1274 textura
1620 1258 1637 1286 ,
1660 1230 1994 1296 quamque
2022 1208 2174 1272 loco
2205 1229 2279 1272 se

439 1342 537 1388 210
595 1326 938 1390 contineat
964 1345 1176 1411 parvo
1197 1372 1213 1400 ,
1236 1323 1293 1388 si
1320 1325 1542 1411 possit
1570 1323 2086 1408 conglomerari,

595 1437 783 1524 quod
813 1437 1006 1502 simul
1033 1446 1237 1522 atque
1263 1437 1600 1502 hominem
1627 1437 1744 1502 leti
1772 1458 2011 1501 secura
2040 1438 2229 1524 quies
2259 1444 2364 1501 est

591 1551 872 1638 indepta
898 1560 1102 1637 atque
1130 1552 1329 1615 animi
1354 1560 1599 1616 natura
1627 1553 2018 1636 animaeque
2046 1552 2328 1616 recessit
2347 1601 2364 1626 ,

591 1667 685 1730 nil
711 1667 802 1731 ibi
829 1667 1103 1731 libatum
1134 1664 1220 1728 de
1250 1672 1400 1730 toto
1433 1687 1721 1752 corpore
1752 1686 1989 1730 cernas

596 1779 685 1844 ad
716 1781 1004 1868 speciem
1022 1829 1038 1855 ‚
1058 1780 1152 1844 nil
1181 1778 1272 1844 ad
1299 1780 1605 1867 pondus:
1626 1802 1810 1846 mors
1840 1780 2060 1844 omnia
2088 1789 2395 1868 praestat
2412 1830 2430 1855 ‚

442 1913 538 1959 215
595 1896 863 1961 vitalem
892 1902 1161 1981 praeter
1192 1916 1461 1959 sensum
1491 1894 1912 1982 calidumque
1941 1916 2265 1982 vaporem
2284 1945 2298 1959 .

598 2032 757 2097 ergo
788 2010 1070 2074 animam
1097 2016 1310 2074 totam
1335 2011 1689 2096 perparvis
1721 2032 1870 2075 esse
1896 2018 2247 2075 necessest

599 2125 958 2190 seminibus
976 2174 992 2202 ,
1012 2145 1257 2189 nexam
1282 2146 1406 2210 per
1433 2146 1645 2190 venas
1673 2126 1936 2190 viscera
1961 2147 2246 2203 nervom

598 2261 732 2326 qua
758 2248 957 2305 tenus
975 2289 990 2317 ‚
1014 2240 1227 2304 omnis
1255 2239 1370 2303 ubi
1401 2260 1437 2303 e
1467 2247 1617 2305 toto
1645 2239 1776 2304 iam
1807 2261 2094 2328 corpore
2124 2240 2326 2304 cessit
2344 2288 2360 2315 ,

599 2356 845 2420 extima
870 2355 1318 2419 membrorum
1348 2354 1595 2419 circum
1625 2375 1906 2419 caesura
1932 2363 2156 2420 tamen
2183 2376 2258 2419 se

445 2488 543 2533 220
599 2471 991 2535 incolumem
1020 2476 1326 2556 praestat
1351 2490 1478 2533 nec
1508 2468 1671 2534 defit
1698 2469 2021 2556 ponderis
2049 2470 2285 2533 hilum.

601 2585 788 2670 quod
815 2606 1027 2671 genus
1059 2592 1163 2649 est
1179 2632 1195 2660 ‚
1216 2584 1469 2648 Bacchi
1498 2605 1646 2648 cum
1674 2584 1800 2649 flos
1832 2584 2133 2660 evanuit,
2157 2590 2275 2647 aut
2303 2603 2454 2646 cum

600 2700 877 2786 spiritus
904 2699 1269 2787 unguentei
1296 2698 1523 2764 suavis
1555 2698 1814 2784 diffugit
1839 2699 1908 2762 in
1937 2719 2135 2762 auras
2152 2747 2169 2774 ‚

601 2823 719 2880 aut
747 2816 970 2901 aliquo
1002 2836 1153 2879 cum
1177 2815 1307 2878 iam
1338 2836 1540 2880 sucus
1572 2813 1657 2878 de
1688 2835 1974 2899 corpore
2006 2812 2241 2876 cessit:

601 2931 696 2995 nil
726 2930 934 2996 oculis
963 2937 1186 2994 tamen
1217 2951 1364 2996 esse
1392 2932 1610 2995 minor
1638 2951 1749 2994 res
1777 2930 1929 3016 ipsa
1955 2927 2225 2992 videtur

453 3061 548 3107 225
605 3055 972 3133 propterea
998 3067 1219 3132 neque
1250 3045 1628 3112 detractum
1660 3045 1746 3110 de
1776 3043 2080 3132 pondere
2111 3042 2467 3129 quicquam
2487 3089 2503 3116 ,

603 3162 674 3225 ni
700 3162 933 3226 mirum
954 3212 968 3238 ‚
994 3164 1151 3247 quia
1175 3161 1384 3226 multa
1411 3161 1799 3246 minutaque
1830 3161 2083 3225 semina
2111 3178 2312 3223 sucos

609 3277 903 3341 efficiunt
933 3284 1001 3339 et
1031 3275 1308 3341 odorem
1336 3275 1405 3338 in
1432 3281 1583 3338 toto
1615 3295 1904 3359 corpore
1931 3275 2065 3337 rei.

609 3411 818 3474 quare
850 3391 1048 3455 etiam
1077 3399 1280 3476 atque
1310 3390 1506 3453 etiam
1534 3388 1776 3452 mentis
1803 3395 2110 3449 naturam
2140 3388 2530 3471 animaeque

612 3503 783 3566 scire
811 3505 967 3568 licet
993 3526 1319 3591 perquam
1345 3503 1657 3590 pauxillis
1688 3521 1838 3565 esse
1870 3509 2161 3564 creatam

456 3634 553 3681 230
608 3619 967 3683 seminibus
986 3667 1001 3695 ‚
1035 3620 1347 3705 quoniam
1374 3617 1635 3704 fugiens
1665 3616 1760 3680 nil
1787 3613 2109 3702 ponderis
2140 3614 2388 3679 aufert.

693 3732 838 3798 Nec
865 3742 1091 3797 tamen
1116 3734 1287 3798 haec
1317 3733 1601 3819 simplex
1626 3732 1824 3797 nobis
1851 3739 2095 3796 natura
2123 3729 2430 3817 putanda
2458 3738 2564 3795 est
2582 3781 2595 3794 .

610 3849 829 3913 tenvis
863 3849 1032 3913 enim
1064 3848 1396 3935 quaedam
1423 3846 1861 3913 moribundos
1892 3846 2149 3911 deserit
2177 3867 2342 3910 aura

611 3963 821 4028 mixta
846 3986 1101 4051 vapore
1120 4015 1135 4042 ‚
1156 3985 1374 4051 vapor
1402 3986 1609 4052 porro
1639 3963 1851 4028 trahit
1879 3968 2037 4026 aera
2065 3983 2290 4026 secum
2310 4010 2323 4023 .

614 4101 739 4145 nec
770 4082 952 4145 calor
984 4088 1087 4145 est
1117 4081 1465 4166 quisquam
1485 4129 1501 4156 ‚
1524 4080 1630 4144 cui
1658 4079 1905 4144 mixtus
1932 4099 2071 4141 non
2099 4077 2228 4141 siet
2258 4081 2404 4139 aer:

622 4362 722 4409 210
746 4372 809 4409 se
844 4355 866 4424 ΙΙ
902 4361 1000 4407 222
1038 4363 1308 4427 unguente
1343 4357 1365 4425 ΙΙ
1401 4361 1498 4410 227
1538 4374 1740 4410 rerum.
1780 4355 1801 4424 ΙΙ
1837 4362 1935 4409 232
1963 4353 2149 4408 Tenus
2188 4354 2208 4420 ΙΙ
2245 4359 2343 4406 234
2380 4353 2464 4406 cui
2489 4369 2598 4405 non
2623 4352 2697 4406 sit
2719 4351 2845 4404 mix-

627 4447 711 4493 tus
738 4445 791 4492 et
818 4455 932 4493 acr.
