3042 5192
618 481 757 549 206
1686 475 1778 544 111

788 653 964 717 1032.
994 651 1107 716 Er
1150 671 1614 716 conrsmsir
1659 671 1905 726 soms
1950 672 2395 716 msurrans
2427 700 2441 713 .
2488 650 2836 716 Corrector

616 750 930 839 quadrati
961 758 1030 815 et
1058 750 1264 814 ceteri
1295 770 1790 814 nasoni-Ans.

786 850 963 915 1033.
987 870 1467 914 uomsunno
1508 868 1872 912 CORPORE
1908 866 2150 910 ruom-
2169 895 2183 909 .
2208 846 2541 912 Marullus
2572 869 2835 912 tumr.

794 949 969 1012 1034.
1001 947 1487 1021 Sc11³1AnAs‚
1531 968 1768 1009 sis-‚Lm
1823 967 2179 1010 summu.
2214 946 2659 1011 Correctores
2689 948 2836 1012 anti·

616 1048 914 1134 quissimi
972 1055 1040 1112 et
1096 1046 1509 1111 recentiores
1562 1044 1855 1109 universi
1890 1093 1905 1120 ‚
1946 1043 2104 1109 item
2150 1044 2543 1111 Macrobius
2586 1048 2837 1111 Satura.

616 1171 707 1223 w,
739 1148 767 1210 1
804 1195 821 1220 ‚
869 1146 1189 1231 Scipiades
1223 1193 1236 1207 .
1283 1165 1445 1209 sane
1485 1143 1662 1209 hanc
1701 1143 1868 1209 recti
1909 1163 2108 1207 casus
2144 1142 2427 1208 formam
2468 1145 2838 1210 Priscianus

617 1246 855 1311 statuit
883 1267 945 1330 p.
965 1243 1120 1321 7293
1142 1251 1326 1307 recte
1358 1242 1662 1329 quidem:
1686 1241 1812 1307 sed
1841 1263 1921 1305 ea
1950 1242 2067 1326 qui
2093 1264 2260 1307 usus
2290 1244 2381 1308 sit
2408 1244 2671 1308 nullum
2698 1250 2838 1331 poe-

616 1354 752 1410 tam
788 1342 948 1407 novi
977 1389 990 1404 .
1035 1349 1105 1406 et
1144 1343 1215 1405 in
1252 1340 1587 1406 vocabulo
1634 1340 1821 1427 quod
1862 1340 2149 1405 Ennium
2191 1343 2478 1428 primum
2520 1343 2837 1406 invenisse

617 1441 964 1530 probabile
1008 1447 1113 1504 est
1136 1487 1152 1515 ‚
1205 1439 1348 1504 iure
1393 1439 1624 1525 quaeri
1678 1446 1912 1526 potest
1971 1460 2325 1524 quamnam
2367 1440 2480 1504 ille
2528 1441 2835 1505 Graecam

617 1541 898 1606 formam
929 1536 1301 1625 eligendam
1328 1538 1674 1623 putaverit
1702 1562 1717 1614 3
1764 1558 2164 1623 quamquam
2195 1537 2486 1602 eundem
2516 1539 2712 1603 hiatu
2738 1537 2835 1603 ad·

617 1640 819 1704 misso
850 1687 865 1713 ‚
908 1637 1096 1701 cuius
1142 1657 1407 1701 causam
1447 1635 1539 1700 ad
1567 1635 1808 1700 librum
1835 1658 1926 1712 w,
1940 1637 1979 1698 7
1981 1635 2064 1700 43
2094 1656 2427 1722 exponam
2456 1686 2475 1712 ,
2518 1637 2734 1723 Scipio
2754 1640 2833 1700 in-

615 1740 765 1802 victe
807 1735 1161 1820 scripsisse
1192 1733 1427 1798 Cicero
1475 1742 1769 1798 testatur
1795 1734 1864 1797 in
1894 1734 2185 1798 Oratore
2222 1734 2338 1799 152
2372 1784 2386 1798 .
2433 1734 2631 1819 quod
2661 1736 2742 1799 ab
2768 1757 2833 1797 eo

617 1838 683 1901 in
714 1833 1107 1921 prohoemio
1138 1832 1470 1897 annalium
1499 1833 1792 1916 positum
1820 1831 2029 1897 fuisse
2059 1832 2367 1917 suspicor
2398 1883 2414 1908 ‚
2460 1834 2673 1920 paulo
2702 1841 2832 1897 ante

617 1935 748 1998 hos
777 1954 1016 1997 versus
1046 1981 1062 2008 ‚
1106 1931 1221 2017 qui
1250 1929 1433 2016 apud
1461 1929 1871 1995 Trebellium
1900 1930 2271 1995 Pollionem
2298 1932 2367 1994 in
2398 1931 2689 1996 Claudio
2714 1953 2833 1996 non

619 2032 782 2098 satis
827 2029 1176 2095 emendate
1218 2029 1453 2115 scripti
1495 2036 1731 2094 extant
1760 2078 1775 2106 ,
1831 2029 2031 2108 Quam
2072 2041 2305 2094 tantam
2339 2041 2611 2095 ecattmm
2648 2041 2837 2096 statua

607 2131 881 2219 populu-9
911 2131 1230 2194 Romarm-s
1244 2177 1262 2207 ,
1293 2128 1564 2208 Quamve
1593 2129 1942 2192 columnam
1964 2175 1983 2207 ‚
2026 2151 2188 2215 quae
2215 2140 2271 2193 te
2296 2152 2396 2193 res
2417 2139 2739 2216 qesta-eque
2760 2130 2833 2192 lo-

616 2242 842 2318 quatur
869 2227 901 2292 9
940 2227 1265 2292 Lucilium
1294 2233 1477 2291 certe
1508 2226 1841 2312 Scipiadas
1884 2247 2044 2290 casu
2084 2235 2273 2291 recto
2304 2226 2560 2292 dixisse
2589 2228 2834 2291 invenio

616 2331 686 2393 in
731 2330 836 2394 his
877 2327 1185 2394 versibus
1218 2374 1234 2401 ,
1281 2326 1391 2410 qui
1436 2323 1621 2412 apud
1650 2324 1923 2389 Festum
1966 2324 2283 2409 leguntur
2320 2348 2385 2411 p.
2414 2325 2561 2402 294,
2589 2326 2673 2390 27
2716 2335 2831 2390 tam

620 2428 820 2494 foede
862 2425 1161 2510 corrupti
1191 2433 1270 2488 ut
1299 2423 1383 2487 de
1412 2423 1637 2488 verbis
1669 2422 2167 2508 desperandum
2195 2424 2317 2488 sit:
2348 2426 2751 2489 sententiam
2776 2433 2831 2487 et

619 2526 940 2591 orationis
969 2524 1251 2589 formam
1291 2521 1447 2586 mihi
1475 2530 1661 2586 recte
1693 2523 1947 2587 eruisse
1974 2520 2214 2585 videor
2231 2570 2246 2584 .
2287 2523 2591 2587 Coo-uelit?
2612 2524 2835 2587 Ram-‘ze

617 2635 816 2689 noster
833 2623 1161 2708 Scipiadas
1177 2671 1194 2696 ‚
1222 2622 1386 2685 dicta
1411 2623 1642 2706 Apulu’
1671 2624 1817 2686 dum
1844 2644 2033 2709 usque
2058 2622 2361 2708 intorquet
2383 2624 2453 2685 in
2478 2623 2719 2707 ipemn,
2752 2621 2837 2684 ΟΕ

618 2749 660 2787 a
700 2723 936 2786 deliciis
964 2768 982 2801 ‚
1027 2721 1192 2784 Luci
1215 2768 1233 2799 ,
1275 2721 1444 2809 effeto
1487 2732 1669 2807 atque
1709 2722 1961 2785 cinaedo
1992 2732 2050 2785 et
2076 2720 2379 2785 Sectatori
2407 2721 2564 2785 adeo
2592 2722 2725 2807 ipse
2748 2732 2834 2784 tuo

617 2845 776 2910 quae
802 2822 1012 2885 rectit?
1034 2821 1206 2883 dieas
1230 2866 1248 2897 ,
1293 2818 1612 2906 Ibatforte
1639 2820 1883 2883 domum
1913 2846 1936 2883 .·
1968 2821 2282 2907 sequimur
2312 2820 2490 2884 mtdti
2519 2830 2703 2906 atque
2711 2820 2834 2907 fre·

617 2931 904 3009 quentes.
955 2917 1276 3002 deApulo
1321 2917 1391 2980 in
1428 2917 1536 2980 his
1574 2918 1882 2982 versibus
1924 2917 2424 2982 nihilaffirmo:
2465 2916 2834 2981 sedinalio

617 3019 852 3083 Lucilii
892 3039 1093 3081 versu
1124 3064 1140 3090 ‚
1187 3015 1300 3101 qui
1344 3023 1450 3080 est
1488 3015 1674 3102 apud
1704 3016 2113 3080 Priscianum
2146 3039 2210 3102 p.
2226 3015 2351 3080 902
2383 3065 2400 3092 ‚
2440 3016 2580 3080 hoc
2608 3036 2831 3079 nomen

619 3118 867 3184 librarii
894 3117 1163 3203 penitus
1195 3114 1584 3180 oblitterare
1613 3137 1751 3179 non
1780 3122 2177 3200 potuerunt,
2208 3116 2377 3180 Num
2406 3127 2575 3179 vetus
2602 3117 2708 3180 ille
2734 3117 2831 3178 Ca—

617 3218 756 3281 tom*
796 3217 1102 3280 lacessisse
1129 3214 1373 3299 Apulus
1409 3215 1577 3278 iram
1627 3214 1894 3278 Consciael
1932 3237 2055 3278 non
2092 3226 2227 3278 erat
2263 3216 2393 3300 ipse
2427 3214 2546 3278 sibi
2576 3212 2610 3278 ἓ
2658 3212 2835 3300 Apuli

618 3323 779 3378 sunt
819 3313 973 3376 huic
1017 3334 1141 3400 pro
1180 3312 1581 3399 importunis
1620 3334 1700 3377 ac
1738 3314 2196 3399 petulantibus
2231 3363 2247 3390 ‚
2287 3321 2367 3378 ut
2394 3312 2686 3378 Horatio
2722 3332 2833 3400 pro

617 3411 915 3496 simplice
945 3411 1226 3475 Sabellus
1252 3459 1271 3491 ,
1312 3433 1463 3475 cum
1492 3411 1656 3476 dicit
1681 3414 1884 3476 renuit
1908 3414 2251 3500 neyt'tatque
2278 3412 2565 3478 Sabellus
2593 3461 2608 3475 .
2646 3431 2833 3475 versu

618 3508 925 3596 proximo
967 3507 1266 3573 Lucretii
1301 3509 1559 3575 Marius
1581 3509 1969 3574 Victorinus
2010 3512 2223 3576 utitur
2261 3534 2326 3596 p.
2343 3510 2511 3575 2499
2538 3559 2557 3586 ‚
2598 3511 2693 3576 ita
2719 3559 2735 3586 ‚
2769 3531 2836 3574 ac

619 3609 643 3693 (
657 3605 1052 3671 Parisiensis
1082 3606 1249 3671 liber
1277 3608 1357 3693 a)
1371 3609 1590 3697 famul
1611 3609 1857 3698 infimus
1882 3621 2030 3674 essee
2045 3657 2059 3670 .

788 3704 964 3769 1037.
1028 3727 1352 3781 Quorum
1398 3729 1601 3771 unus
1646 3728 2027 3773 nolumus
2075 3708 2454 3772 Scan-1221
2500 3727 2832 3773 Pom-ms.

619 3803 823 3891 Apud
845 3802 1134 3868 Nonium
1163 3805 1389 3892 p.481,
1407 3804 1486 3868 27
1513 3805 2099 3892 Esceptrapotimr.
2131 3827 2482 3871 rom-rus
2513 3805 2835 3870 Antonius

617 3904 814 3968 Marii
855 3911 924 3968 et
951 3903 1318 3969 Brixiensis
1364 3904 1570 3968 editio
1602 3953 1615 3966 .
1661 3904 1849 3988 quod
1893 3904 2093 3993 paulo
2131 3913 2295 3991 post
2336 3906 2645 3989 sequitur
2687 3903 2829 3967 1041

619 4003 842 4088 Sponte
867 4026 982 4067 sua
1010 4004 1125 4067 leto
1152 4002 1546 4067 Lactantius
1573 4002 1782 4067 habet
1808 4003 1876 4067 in
1910 4027 1988 4069 111
2017 4003 2509 4068 institutionum
2546 4003 2696 4078 18,ss
2714 4049 2729 4064 .

787 4102 964 4166 1042.
1011 4102 1188 4166 Irsn
1233 4124 1637 4167 Emensus
1683 4123 1914 4166 osu-r
1963 4123 2323 4167 nscunso
2368 4123 2677 4166 nunnus
2722 4121 2834 4161 vl·

615 4222 812 4264 ‘ru-2.
855 4201 1192 4265 Antonius
1223 4200 1417 4265 Marii
1447 4209 1517 4265 et
1544 4200 1871 4265 Marullus
1899 4202 2052 4280 obit,
2083 4199 2272 4287 quod
2305 4201 2513 4265 ceteri
2550 4201 2691 4264 sine
2722 4196 2837 4261 du-

617 4299 942 4365 bitatione
972 4307 1427 4385 acceperunt,
1474 4320 1601 4385 ego
1632 4300 1690 4364 si
1716 4299 1955 4365 falsum
1986 4321 2134 4365 esse
2165 4299 2448 4373 dixero,
2487 4321 2624 4363 non
2650 4296 2836 4362 facile

613 4399 943 4463 inveniam
988 4399 1101 4484 qui
1145 4398 1305 4463 mihi
1349 4398 1634 4463 credat:
1677 4398 1849 4463 adeo
1879 4398 2287 4486 grammatici
2314 4398 2533 4462 nostri
2565 4418 2641 4460 ea
2666 4414 2837 4480 quae

614 4496 831 4579 quivis
872 4519 1040 4582 puer
1069 4496 1408 4563 Romanus
1451 4498 1708 4563 sciebat
1753 4498 2165 4584 neglegunt,
2209 4519 2334 4563 nos
2380 4507 2596 4564 autem
2643 4515 2837 4560 senes
