3042 5192
592 440 731 531 3652
1654 435 1754 502 vl

753 611 893 675 226.
937 632 1283 674 mnu-ns
1323 630 1901 683 monrmcsoun
1936 608 2462 673 Conromnus
2485 656 2498 668 .
2532 608 2646 672 Sic
2679 608 2824 672 libri

586 719 852 774 veteres
882 717 950 772 et
980 707 1395 771 Veronensis
1428 706 1633 770 editio
1668 755 1681 768 .
1729 704 2057 787 Marullus
2101 706 2444 770 verissime
2487 728 2650 769 mon
2670 729 2825 768 ιιι-

588 828 935 881 susem-2.
980 806 1311 869 Antonius
1342 804 1535 868 Marii
1569 812 1638 867 et
1665 804 2032 869 Brixiensis
2064 803 2283 868 editor
2315 805 2546 890 inepte
2579 805 2828 868 motibus

589 917 804 992 atque:
832 903 903 966 id
930 902 1385 967 WVakefieldus
1416 903 1663 990 probat
1692 924 1840 966 cum
1873 903 2146 966 asseclis
2178 903 2348 966 suis.

753 999 1530 1066 228.229.T12ANS11-
1585 1023 1796 1064 mum
1841 1022 2226 1064 VAnlnum
2279 1022 2630 1064 sununs
2679 1022 2830 1061 PER

589 1121 844 1166 sEPrA
877 1121 1300 1175 nouorum,
1333 1097 1671 1162 CLAmon,
1705 1121 1803 1162 υτ
1840 1122 1938 1162 Ae
1979 1121 2261 1173 VOCES‚
2290 1119 2654 1161 mansu·
2691 1120 2830 1159 PER

589 1221 846 1263 sASCA
877 1246 892 1273 ‚
937 1220 1084 1261 PER
1106 1198 1326 1260 'AERA
1359 1247 1373 1260 .
1417 1196 1770 1281 Oblongus
1799 1197 1918 1260 Ιιασ
1948 1220 2288 1281 voce-§.per
2316 1217 2537 1259 SAXA
2570 1216 2831 1257 corree-

591 1307 699 1361 tor
746 1293 1061 1380 quadrati
1108 1303 1176 1358 et
1215 1294 1366 1358 Itali
1395 1343 1408 1357 .
1469 1293 1710 1357 horum
1754 1295 1940 1380 prior
1979 1316 2143 1381 pars
2189 1294 2256 1357 in
2300 1293 2516 1378 primo
2563 1314 2833 1377 quoque

588 1394 760 1459 libro
804 1394 1045 1479 legitur
1089 1393 1183 1456 ita
1224 1393 1349 1456 489
1382 1441 1397 1465 ,
1452 1393 1695 1455 Transit
1721 1391 2133 1480 enimflwnen
2163 1392 2317 1455 caeli
2331 1414 2456 1475 per
2482 1402 2698 1475 saepta
2727 1392 2832 1454 do-

587 1516 827 1557 morum
857 1540 874 1570 ,
928 1492 1172 1555 Clamor
1211 1501 1278 1553 ut
1320 1492 1407 1553 ad
1441 1514 1611 1553 voces
1639 1515 1665 1571 ‚-
1713 1491 1828 1554 ubi
1875 1488 2300 1554 scribendum
2346 1510 2502 1552 esse
2544 1487 2834 1552 vidimus

603 1592 850 1654 'Ii-ausit
888 1591 1048 1652 enim
1073 1587 1317 1674 Μυκη
1347 1590 1586 1652 caelum
1612 1636 1630 1666 ,
1663 1611 1785 1672 per
1811 1598 2022 1672 saepta
2052 1588 2370 1652 domorum
2407 1589 2657 1651 Clamor
2683 1589 2736 1650 it
2762 1612 2834 1651 ac

594 1712 764 1752 voces
796 1736 809 1749 .
859 1685 982 1751 sed
1021 1685 1135 1748 illa
1178 1707 1350 1771 quae
1392 1685 1545 1749 libri
1581 1685 1900 1749 exhibent
1927 1707 2012 1748 ne
2043 1685 2153 1749 hic
2184 1683 2452 1771 quidem
2483 1685 2644 1749 ferri
2673 1708 2834 1772 pos-

591 1793 752 1850 sunt
780 1809 794 1847 :
837 1806 989 1848 nam
1026 1804 1248 1869 neque
1288 1782 1640 1847 domorum
1667 1792 1901 1869 saepta
1931 1792 2068 1847 tam
2099 1783 2270 1847 dura
2298 1791 2456 1848 sunt
2489 1794 2565 1848 ut
2597 1805 2676 1847 ea
2709 1784 2834 1846 sul·

592 1883 750 1947 mini
793 1904 930 1945 non
976 1882 1307 1946 obsistere
1348 1879 1723 1945 mirandum
1767 1882 1901 1957 sit,
1946 1903 2166 1967 neque
2195 1882 2328 1945 hoe
2357 1902 2438 1945 ea
2464 1882 2718 1946 transit
2747 1883 2834 1944 ita

591 1990 668 2046 ut
705 1982 954 2046 clamor
995 2001 1074 2045 ae
1114 2001 1319 2044 voees
1350 2029 1365 2055 ‚
1408 1979 1534 2044 sed
1578 1980 1970 2067 plerumque
2014 1979 2223 2044 laedit
2253 1987 2321 2044 et
2347 1989 2425 2044 ut
2453 1979 2656 2043 modo
2693 1978 2836 2043 die·

592 2088 733 2144 tum
764 2086 869 2142 est
896 2078 1205 2143 accendit
1235 2088 1303 2143 et
1331 2079 1401 2141 in
1429 2077 1709 2143 aedibus
1743 2077 2141 2142 dominatur.
2170 2079 2398 2163 itaque
2425 2079 2494 2141 in
2523 2078 2629 2142 his
2660 2100 2836 2162 quo·

595 2200 727 2264 que
778 2178 962 2241 illum
1003 2177 1554 2263 interpolatorem
1599 2176 2074 2263 philosophum
2121 2197 2416 2261 agnosco
2450 2224 2467 2251 ‚
2519 2177 2634 2260 qui
2684 2198 2836 2239 cum

592 2276 950 2361 utrobique
990 2276 1048 2338 T
1039 2277 1235 2339 ran-sic
1260 2277 1422 2338 enim
1432 2277 1682 2363 fulmen
1708 2275 1984 2359 legisset
2011 2323 2026 2347 ‚
2070 2283 2187 2339 aut
2219 2284 2574 2359 utrumque
2605 2274 2832 2338 locum

594 2375 845 2460 pariter
874 2374 1250 2460 corruperit
1278 2423 1293 2448 ‚
1333 2381 1449 2438 aut
1480 2394 1653 2458 quae
1681 2374 1751 2436 in
1778 2373 1949 2437 libro
1979 2374 2193 2458 primo
2223 2374 2351 2437 iam
2382 2380 2712 2457 corrupta
2743 2374 2836 2435 in-

592 2474 890 2536 venisset
918 2472 1050 2535 huc
1078 2471 1380 2558 imperite
1412 2472 1863 2535 transtulerit.
1897 2478 2100 2558 poeta
2128 2472 2297 2535 haec
2331 2478 2586 2534 tantum
2617 2471 2837 2555 serip-

595 2579 777 2635 serat
793 2619 808 2643 ‚
850 2572 1092 2634 Transit
1117 2573 1275 2635 enim
1302 2572 1572 2635 validum
1584 2571 1834 2657 fulmen
1850 2594 1971 2655 per
1997 2593 2156 2634 saxa
2170 2619 2188 2649 ,
2208 2593 2330 2655 per
2358 2592 2506 2633 aera
2524 2616 2537 2630 .

761 2669 900 2731 231.
944 2668 1218 2732 CURAT
1265 2691 1461 2732 ῙΤΕΜ
1500 2690 1728 2733 VAsls
1776 2693 2172 2734 muamus
2215 2690 2412 2733 VINA
2451 2691 2839 2733 iterumn:

596 2768 851 2831 Duff-u
869 2787 1117 2829 ‹MAN-r
1152 2815 1165 2828 .
1209 2765 1570 2830 Lambinus
1599 2768 1742 2830 item
1769 2780 1836 2832 ut
1865 2817 1878 2831 .
1926 2789 2087 2832 sane
2118 2792 2340 2831 curare
2370 2788 2514 2831 eum
2544 2767 2839 2851 simplici

598 2865 1023 2929 coniunctivo
1068 2863 1383 2928 dixerunt
1425 2866 1800 2951 paucissimi
1834 2914 1847 2929 .
1892 2867 1959 2929 in
2000 2867 2307 2930 omnibus
2336 2865 2550 2929 Plauti
2583 2887 2662 2928 ae
2707 2865 2840 2928 Te·

596 2962 794 3027 rentii
831 2960 1073 3026 fabulis
1115 2982 1318 3024 unum
1363 2962 1736 3048 exemplum
1785 2971 1889 3028 est
1915 3012 1930 3036 ‚
1986 2965 2054 3027 in
2097 2964 2490 3028 Curculione
2534 2985 2622 3035 w,
2639 2962 2710 3035 2,
2729 2964 2840 3026 31:

599 3059 722 3125 sed
764 3081 1003 3123 versus
1044 3059 1180 3123 ruit
1211 3107 1226 3133 ‚
1271 3059 1397 3122 nisi
1426 3071 1494 3123 ut
1517 3060 1627 3123 vel
1656 3073 1712 3125 et
1750 3061 2125 3125 infuleimus
2166 3063 2261 3126 ita
2290 3108 2305 3134 ‚
2347 3061 2654 3147 Elo'quere
2687 3062 2846 3148 quid

596 3161 716 3222 υἱε.
750 3164 973 3245 qudeso
1001 3168 1070 3221 ut
1096 3157 1255 3221 hanc
1284 3159 1486 3236 cnresss,
1510 3158 1653 3243 [ut]
1677 3160 1822 3224 bene
1848 3161 1926 3223 sic
1951 3160 2050 3223 isti
2068 3209 2082 3223 .
2123 3160 2282 3224 item
2309 3160 2376 3222 in
2402 3180 2603 3222 versu
2631 3157 2840 3222 Pom-

598 3256 782 3342 ponii
813 3304 828 3327 ‚
873 3257 985 3341 qui
1015 3263 1121 3320 est
1150 3254 1334 3340 apud
1362 3254 1425 3319 N
1431 3256 1654 3319 onium
1683 3281 1746 3344 p.
1767 3256 1908 3329 275,
1926 3256 2006 3320 24
2038 3264 2106 3320 et
2133 3257 2273 3331 469,
2293 3256 2373 3320 20
2402 3304 2418 3330 ,
2456 3256 2688 3340 potius
2738 3264 2840 3318 est

599 3363 675 3418 ut
704 3354 1071 3418 scribamus
1102 3353 1311 3438 Mei-qis
1339 3353 1565 3416 curabo
1592 3365 1690 3434 ut,
1719 3355 1824 3418 ubi
1852 3356 2198 3440 coynorint,
2240 3378 2441 3419 omnes
2467 3377 2604 3417 rma
2631 3378 2840 3417 assen-

598 3454 755 3514 tiant
780 3500 798 3532 ‚
846 3473 1042 3536 quam
1087 3473 1236 3514 eum
1280 3450 1558 3513 Munkio
1599 3472 1663 3534 p.
1696 3450 1778 3514 92
1822 3452 2033 3537 ᾹΙα9ἱ3
2075 3452 2299 3516 curabo
2340 3452 2444 3514 ubi
2475 3499 2489 3513 .
2533 3449 2842 3514 Lucilius

601 3548 785 3634 apud
813 3548 1103 3613 Nonium
1134 3573 1196 3636 p.
1223 3549 1339 3613 118
1369 3572 1591 3611 curare
1619 3549 1783 3613 domi
1807 3551 1930 3613 sint
1963 3550 2262 3629 Gerdius,
2293 3549 2552 3612 armillae
2569 3597 2590 3625 ,
2611 3550 2810 3633 pueri
2827 3596 2842 3619 ,

600 3647 902 3725 εοηανίιί,
945 3658 1170 3711 textor.
1212 3647 1279 3710 in
1306 3646 1538 3710 lexicis
1570 3654 1673 3709 est
1704 3668 1787 3710 ex
1818 3646 2158 3711 Ciceronis
2189 3646 2492 3734 epistulis
2522 3648 2676 3721 128,
2705 3648 2732 3709 l
2769 3670 2844 3709 m·

600 3745 714 3808 illa
755 3745 1001 3830 quidem
1041 3768 1190 3809 curo
1227 3743 1379 3807 mihi
1416 3744 1650 3807 scriba-3
1673 3793 1692 3824 ,
1734 3752 1802 3808 et
1840 3767 1926 3809 ex
1954 3743 2268 3809 Phaedro
2299 3767 2361 3817 V,
2380 3744 2418 3806 2
2445 3745 2572 3807 iam
2605 3744 2844 3807 curabo

601 3843 817 3906 sentiat
851 3842 1016 3922 Quos
1044 3843 1385 3907 adcemtarit
1403 3890 1416 3904 .
1462 3841 1657 3905 addit
1681 3842 2103 3907 Burmannus
2132 3841 2536 3906 Petroniana
2567 3862 2655 3904 ex
2687 3863 2838 3927 cap.

605 3942 686 4005 58
714 3990 730 4017 ‚
772 3942 998 4005 curabo
1042 3944 1168 4005 iam
1212 3943 1319 4005 tibi
1349 3942 1508 4006 Iovis
1547 3944 1743 4007 iratm
1778 3944 1857 4007 sit
1895 3952 1955 4007 et
1993 3943 2092 4005 isti
2119 3942 2227 4027 qui
2252 3940 2362 4003 tibi
2387 3962 2508 4003 non
2535 3940 2846 4024 imperat,-

605 4039 860 4102 scilicet
878 4039 1201 4124 magistro
1228 4046 1343 4102 tuo
1367 4039 1844 4123 Agamemnoni
1872 4043 2048 4124 (nam
2068 4038 2470 4122 interpretes
2492 4058 2628 4099 non
2653 4043 2843 4098 reete

607 4137 914 4221 capiunt)
948 4160 963 4213 ς
1010 4143 1076 4198 et
1119 4157 1201 4198 ex
1244 4134 1481 4199 eodem
1511 4138 1730 4221 eapite
1761 4139 1989 4202 curabo
2016 4138 2189 4222 lonqe
2215 4136 2320 4199 tihi
2346 4137 2425 4197 sit
2453 4135 2696 4198 comula
2729 4135 2846 4196 ἰείη

606 4236 853 4298 bessalis
871 4283 885 4296 .
918 4232 1171 4297 Fronto
1204 4256 1267 4319 p.
1286 4234 1410 4298 228
1440 4235 1558 4318 (78
1586 4234 1708 4318 N.)
1738 4236 1844 4299 tibi
1868 4259 2050 4322 saepe
2077 4255 2330 4298 numero
2358 4234 2698 4296 curandum
2719 4280 2738 4309 ,
2783 4233 2844 4293 in

605 4331 904 4395 theatrum
947 4356 1191 4395 crocum
1231 4334 1404 4415 lonqe
1432 4334 1631 4418 adque
1659 4335 1778 4396 alte
1805 4336 2199 4418 exprimatur.
2239 4332 2308 4394 in
2341 4329 2680 4393 Ciceronis
2715 4350 2845 4413 pru

609 4428 894 4491 Caecina
917 4431 1221 4493 oratione
1246 4431 1391 4493 libri
1417 4429 1824 4517 dissentiunt
1853 4433 1906 4516 ξ.
1928 4432 1994 4495 ll
2020 4480 2035 4506 ,
2066 4431 2298 4495 curat-it
2313 4428 2457 4511 [nt]
2471 4429 2536 4489 in
2561 4450 2630 4489 eo
2632 4427 2846 4513 sinodo
