3042 5192
1333 436 1461 506 1111
2365 445 2500 515 135

261 611 483 676 omnia
513 629 687 696 quae
716 609 966 674 circum
992 607 1275 685 feriunt,
1298 610 1657 695 sonituque
1688 611 1979 677 cientur.

259 735 330 791 at
358 726 720 790 simulacra
747 724 873 788 viis
905 721 1195 787 derectis
1227 724 1447 788 omnia
1474 723 1766 790 tendunt

124 860 207 905 610
257 849 333 906 ut
361 849 525 905 sunt
552 841 758 903 missa
786 838 1024 915 seme13
1050 858 1184 923 qua
1208 846 1493 927 propter
1523 860 1797 906 cernere
1823 864 2019 908 nemo

258 977 533 1041 saepem
562 955 743 1019 intra
769 947 950 1040 potis
982 961 1088 1018 est
1105 1002 1120 1029 ‚
1143 961 1216 1019 at
1242 975 1447 1019 voees
1477 955 1781 1042 accipere
1812 965 2006 1022 extra
2023 1008 2036 1022 .

260 1079 324 1135 et
352 1079 585 1135 tamen
611 1070 761 1156 ipsa
792 1090 1063 1155 quoque
1089 1068 1259 1132 haec
1276 1118 1292 1144 ‚
1319 1067 1480 1133 dum
1508 1071 1753 1135 transit
1782 1072 2010 1137 clausa
2040 1073 2393 1142 domorum
2411 1126 2426 1151 ‚

256 1208 390 1250 vox
421 1183 827 1271 optunditur
857 1192 1062 1269 atque
1093 1185 1273 1248 auris
1305 1183 1585 1248 confusa
1611 1193 1925 1270 penetrat
1942 1236 1957 1262 ‚

256 1307 321 1365 et
348 1299 647 1364 sonitum
674 1298 904 1385 potius
936 1319 1134 1383 quam
1161 1301 1373 1364 verba
1401 1298 1632 1364 audire
1661 1297 1962 1365 videmur
1980 1351 1994 1365 .

120 1433 202 1478 615
329 1413 481 1478 Nec
499 1462 516 1490 ,
543 1412 659 1498 qui
686 1413 1010 1478 sentimus
1042 1435 1274 1478 sucum
1293 1463 1309 1489 ‚
1331 1414 1559 1499 lingua
1587 1420 1792 1499 atque
1818 1415 2116 1501 palatum

251 1529 631 1615 plusculum
657 1526 913 1591 habent
937 1527 1007 1591 in
1036 1548 1110 1592 se
1137 1529 1419 1593 rationis
1447 1528 1601 1613 plus
1633 1549 1998 1615 operaeve.

255 1643 587 1732 principio
617 1663 849 1706 sucum
878 1642 1199 1707 sentimus
1227 1644 1298 1708 in
1329 1664 1447 1707 ore
1465 1690 1481 1719 ‚
1509 1643 1727 1708 cibum
1757 1666 1907 1708 cum

256 1755 638 1822 mandendo
670 1756 1094 1842 exprimimus
1112 1806 1129 1833 ‚
1153 1778 1277 1821 ceu
1304 1758 1570 1846 plenam
1601 1760 1952 1846 spongiam
1981 1763 2178 1847 aquai

259 1873 466 1957 siquis
495 1870 674 1935 forte
703 1892 902 1935 manu
929 1893 1234 1958 premere
1265 1893 1345 1936 ac
1376 1873 1629 1938 siccare
1659 1874 1911 1960 coepit.

114 2006 202 2051 620
250 1986 403 2051 inde
436 1984 623 2071 quod
654 1986 1077 2073 exprimimus
1107 2008 1231 2074 per
1264 1985 1489 2051 caulas
1520 2008 1716 2050 omne
1744 1988 1954 2074 palati

255 2100 505 2166 diditur
536 2109 605 2164 et
630 2121 823 2164 rarae
851 2100 1178 2186 perplexa
1203 2101 1532 2166 foramina
1557 2101 1824 2186 linguae
1843 2152 1858 2166 .

250 2216 377 2281 hoe
404 2216 524 2281 ubi
552 2215 725 2280 levia
755 2222 915 2280 sunt
940 2217 1273 2282 manantis
1303 2237 1594 2303 corpora
1623 2217 1764 2280 suci
1783 2266 1798 2293 ‚

249 2331 544 2395 suaviter
579 2331 916 2416 attingunt
945 2337 1014 2395 et
1041 2330 1337 2396 suaviter
1366 2332 1589 2396 omnia
1615 2338 1913 2396 tractant
1932 2381 1946 2407 ,

246 2445 469 2509 umida
496 2445 746 2530 linguai
776 2445 1022 2509 circum
1051 2443 1340 2511 sidentia
1369 2446 1650 2531 templa:

114 2577 197 2622 625
247 2569 315 2625 at
343 2568 587 2624 contra
611 2567 923 2646 pungunt
951 2581 1221 2624 sensum
1250 2560 1684 2646 lacerantque
1715 2568 1951 2625 coorta
1970 2609 1984 2635 ,

251 2683 503 2760 quanto
536 2695 843 2759 quaeque
870 2675 1080 2761 magis
1110 2681 1269 2742 sunt
1298 2674 1663 2762 asperitate
1691 2676 1950 2762 repleta
1966 2726 1979 2739 .

250 2786 492 2852 deinde
520 2788 836 2875 voluptas
867 2796 971 2854 est
999 2810 1036 2853 e
1066 2810 1229 2853 suco
1259 2789 1391 2856 fine
1420 2789 1662 2875 palati:

247 2925 393 2967 cum
422 2923 588 2968 vero
620 2902 936 2967 deorsum
963 2925 1086 2990 per
1113 2902 1345 2968 fauces
1372 2903 1841 2991 praecipitavit
1857 2953 1873 2981 ‚

246 3018 425 3081 nulla
450 3017 772 3103 voluptas
805 3024 941 3094 est,
968 3016 1126 3084 dum
1156 3016 1409 3082 diditur
1439 3019 1656 3082 omnis
1683 3018 1754 3081 in
1786 3025 1973 3083 artus
1994 3068 2007 3081 .

115 3147 201 3195 630
254 3153 377 3196 nec
404 3132 617 3196 refert
645 3133 1003 3217 quicquam
1031 3153 1168 3217 quo
1196 3133 1380 3197 victu
1409 3153 1660 3220 corpus
1691 3132 1909 3196 alatur
1926 3181 1942 3207 ‚

247 3246 403 3311 dum
430 3245 636 3311 modo
672 3244 860 3332 quod
888 3247 1115 3332 capias
1145 3254 1544 3312 concoctum
1574 3245 1807 3310 didere
1834 3247 2057 3333 possis

244 3363 523 3426 artubus
553 3369 622 3425 et
651 3359 980 3426 stomachi
1005 3360 1370 3428 umidulum
1398 3382 1671 3426 servare
1701 3368 2005 3426 tenorem
2024 3411 2037 3424 .

320 3476 523 3540 Nunc
553 3476 699 3540 aliis
729 3476 895 3542 alius
927 3476 1041 3561 qui
1071 3477 1161 3541 sit
1190 3475 1378 3542 cibus
1407 3477 1644 3541 unicus
1675 3484 1875 3564 aptus

242 3590 593 3678 expediam
612 3640 628 3665 ‚
654 3612 946 3676 quareve
964 3640 981 3667 ‚
1002 3591 1147 3656 aliis
1177 3589 1365 3676 quod
1392 3591 1585 3656 triste
1616 3600 1683 3656 et
1712 3601 2074 3656 amarumst
2092 3641 2106 3666 ‚

105 3719 188 3765 635
238 3704 368 3770 hoc
396 3715 625 3770 tamen
656 3727 806 3770 esse
837 3705 981 3772 aliis
1008 3706 1232 3793 possit
1257 3705 1578 3794 perdulce
1606 3704 1820 3773 videri
1839 3756 1855 3780 ,

238 3827 562 3906 tantaque
589 3821 659 3884 in
687 3820 793 3885 his
821 3821 1023 3886 rebus
1055 3820 1374 3886 distantia
1403 3820 1857 3906 differitasque
1876 3869 1891 3896 ‚

236 3943 313 3999 ut
340 3934 532 4021 quod
561 3935 649 3999 ali
677 3935 865 3999 cibus
896 3943 999 4000 est
1028 3936 1173 4000 aliis
1200 3934 1346 4000 fuat
1372 3957 1527 4001 acre
1555 3956 1921 4010 venenum;

245 4162 345 4208 608
380 4156 597 4210 fuerunt
643 4156 663 4226 ΙΙ
710 4161 810 4209 609
850 4158 929 4210 vis
978 4158 998 4227 ΙΙ
1059 4164 1153 4210 611
1196 4158 1372 4229 Saepe
1408 4175 1574 4228 supra
1622 4159 1641 4229 ΙΙ
1693 4163 1791 4208 612
1830 4156 2108 4209 domorum
2145 4161 2410 4207 omissum.
2453 4155 2472 4221 Η

242 4246 338 4292 615
376 4240 498 4293 Hoc
559 4240 580 4311 ΙΙ
627 4245 727 4292 616
766 4257 955 4312 opere.
1034 4240 1055 4310 ΙΙ
1118 4247 1215 4293 622
1253 4249 1527 4295 manantes
1590 4242 1609 4312 ΙΙ
1670 4245 1768 4292 624
1807 4238 2022 4292 Umidai
2057 4237 2240 4306 lingua
2299 4234 2319 4305 ΙΙ
2381 4254 2472 4289 su-

246 4322 423 4378 dantia
478 4324 500 4395 ΙΙ
559 4329 654 4376 631
695 4341 919 4394 posses.
976 4325 996 4395 ΙΙ
1053 4329 1149 4377 632
1187 4324 1420 4378 umidum
1492 4325 1514 4396 ss
1581 4330 1677 4376 633
1715 4330 1776 4376 ut
1824 4323 2123 4376 videamus.
2189 4319 2209 4386 ΙΙ
2278 4325 2375 4371 636
2422 4320 2474 4371 iu

242 4415 504 4462 maiorum.
546 4406 567 4477 [Ι
606 4416 718 4462 est.
759 4404 780 4474 ΙΙ
818 4413 917 4460 637
956 4407 1071 4461 aliis
1108 4409 1258 4462 cibus
1298 4410 1318 4480 ΙΙ
1354 4407 1495 4462 frunt
