3042 5192
1252 460 1348 529 111
2275 465 2409 536 185

181 635 559 723 quadratus
587 634 804 722 prima
833 654 1030 699 manu
1051 682 1066 709 ,
1087 635 1381 718 itemque
1412 655 1452 698 a
1482 642 1868 727 correctore
1898 635 2233 724 oblongus
2251 687 2266 715 ‚
2286 664 2413 705 res-

167 760 367 822 puere
393 737 584 799 iectu&
601 781 615 795 .
644 733 716 796 in
745 734 947 797 tertio
973 731 1346 818 quadratus
1369 744 1555 820 queat
1578 744 1748 797 artm-
1766 782 1781 795 .
1810 733 1881 797 in
1908 734 2262 801 undecimo
2295 736 2414 802 ob-

179 833 424 918 longus
451 855 648 918 neque
678 833 848 896 exire
864 880 877 893 .
912 852 1106 895 omne
1136 838 1359 895 autem
1381 838 1843 916 argumentum
1865 839 1935 896 et
1954 832 2415 919 imperfectum

182 938 286 995 est
329 938 404 995 et
440 937 669 994 cetera
695 930 1119 1016 interrumpit
1150 978 1165 1004 ,
1206 929 1470 1015 ipsique
1497 951 1738 994 versus
1765 928 1941 995 infra
1969 952 2094 994 suo
2123 930 2277 996 loco
2305 954 2412 997 re·

180 1035 466 1093 currunt
485 1028 557 1092 in
578 1028 749 1091 libro
771 1050 834 1104 V,
847 1026 1179 1092 351-363
1198 1075 1211 1088 .
1235 1027 1404 1091 haec
1431 1027 1636 1114 igitur
1666 1029 1886 1091 omnia
1907 1048 1948 1092 a
1966 1027 2281 1094 Lucretio
2304 1030 2415 1095 hic

180 1126 442 1212 scripta
469 1147 607 1189 non
638 1146 787 1189 esse
815 1123 1236 1190 manifestum
1268 1134 1373 1190 est
1401 1174 1416 1201 ,
1459 1124 1585 1189 sed
1619 1147 1660 1189 a
1685 1124 1940 1190 lectore
1969 1126 2378 1214 philosopho
2398 1177 2414 1205 ,

181 1224 298 1310 qui
323 1223 464 1287 hoc
497 1244 766 1308 quoque
797 1231 1190 1309 argumento
1221 1243 1305 1286 ex
1334 1222 1463 1287 alio
1493 1223 1647 1286 loco
1680 1221 2035 1309 desumpto
2066 1246 2207 1289 rem
2237 1247 2415 1289 com-

179 1321 382 1387 mode
422 1321 738 1386 illustrari
782 1343 988 1407 posse
1031 1321 1440 1386 existimaret
1470 1368 1485 1382 .
1532 1319 1644 1384 hic
1686 1328 1911 1384 tamen
1957 1343 2105 1386 cum
2150 1333 2416 1387 ceteros

179 1442 424 1484 versus
443 1469 459 1495 ‚
484 1420 729 1505 quibus
758 1418 844 1483 de
874 1419 1062 1484 caelo
1093 1428 1431 1506 ageretur,
1459 1440 1600 1483 non
1628 1426 1764 1484 tam
1792 1418 1984 1484 facile
2013 1419 2103 1486 ad
2131 1423 2416 1486 animum

182 1516 540 1582 transferri
567 1538 772 1604 posse
798 1517 1219 1603 intellegeret
1250 1567 1266 1591 ,
1308 1540 1349 1582 a
1378 1524 1623 1604 coepto
1661 1519 2156 1583 transcribendi
2184 1520 2416 1584 labore

179 1637 344 1680 mox
373 1613 636 1679 destitit
670 1662 683 1675 .
730 1623 801 1679 at
827 1614 1169 1679 Michahel
1196 1614 1522 1681 Marullus
1560 1616 1674 1680 illo
1706 1615 2027 1681 audacior
2054 1617 2218 1682 nihil
2243 1619 2416 1683 veri-

181 1723 297 1778 tus
340 1720 450 1776 est
485 1712 724 1776 ceteris
755 1712 1242 1778 transferendis
1269 1712 1588 1777 immanes
1615 1713 1904 1799 ineptias
1932 1713 2214 1793 inferre3
2244 1737 2418 1800 quos

181 1834 429 1876 versus
474 1833 624 1875 cum
667 1833 896 1876 omnes
925 1812 1111 1878 libris
1142 1812 1485 1876 veteribus
1515 1812 1660 1875 sine
1687 1811 2082 1899 exceptione
2113 1814 2418 1878 omnibus

183 1911 430 1975 abesse
472 1921 590 1974 aut
632 1909 883 1974 scirent
923 1918 1039 1975 aut
1080 1918 1262 1975 certe
1304 1908 1637 1973 deberent
1676 1909 1849 1973 scire
1880 1956 1896 1984 ,
1938 1909 2245 1997 plerique
2275 1912 2418 1976 sine

184 2007 647 2073 admonitione
687 2016 1132 2095 susceperunt
1166 2057 1182 2085 ,
1224 2005 1685 2072 Wakefieldus
1714 2053 1730 2081 ,
1776 2007 1885 2070 cui
1928 2005 2253 2093 Forbiger
2299 2008 2418 2072 ad-

186 2128 434 2170 sensus
478 2113 615 2182 est,
640 2101 943 2192 ‘poetae’
973 2105 1083 2191 (id
1120 2118 1225 2171 est
1252 2105 1555 2189 Marulli)
1595 2104 1873 2168 miratur
1898 2098 2419 2169 ‘consideratam

186 2205 617 2269 severitatem
659 2202 1008 2290 diligitque
1037 2253 1052 2277 ‚
1092 2225 1215 2289 per
1259 2211 1395 2268 tam
1440 2200 1801 2265 dilucidam
1841 2202 2420 2266 ratiocinationem

188 2302 581 2387 simpliciter
612 2308 902 2365 mentem
930 2322 1116 2365 suam
1146 2300 1548 2387 exponentis
1564 2301 1597 2361 ’.
1627 2299 1789 2362 mihi
1816 2298 2085 2363 Marulli
2111 2299 2283 2363 male
2314 2320 2418 2364 se-

188 2400 352 2464 dula
381 2399 770 2486 simplicitas
797 2420 936 2463 non
957 2399 1149 2463 nimis
1174 2396 1578 2484 exagitanda
1600 2417 1749 2461 esse
1770 2395 2078 2461 videtur:
2101 2397 2421 2461 subiciam

187 2506 418 2562 tamen
449 2496 590 2561 eius
617 2496 988 2561 versiculos
1008 2546 1023 2572 ,
1052 2504 1131 2561 ut
1157 2503 1481 2584 appareat
1511 2514 1682 2580 quae
1703 2493 2047 2559 Lambinis
2078 2502 2147 2559 et
2170 2493 2419 2559 Wake-

186 2594 410 2660 fieldis
435 2596 724 2680 (ceteros
746 2617 925 2658 nunc
950 2595 1208 2679 omitto)
1227 2593 1540 2658 Lucretio
1565 2591 1951 2678 dignissima
1970 2593 2118 2657 visa
2137 2591 2387 2658 fuerint
2404 2642 2418 2656 .

187 2698 276 2760 At
297 2717 533 2781 neque,
553 2696 644 2757 uti
670 2694 882 2773 docui,
912 2694 1103 2758 solido
1132 2716 1269 2757 cum
1299 2715 1551 2777 corpore
1576 2690 1818 2754 mentis
1840 2691 2097 2755 Natura
2125 2702 2211 2755 est
2221 2739 2240 2772 ,
2270 2715 2420 2779 quo-

187 2795 364 2857 niam
393 2792 722 2856 admi-sitm
748 2802 834 2855 est
858 2793 926 2854 in
944 2792 1124 2856 reba-s
1151 2792 1335 2855 inane
1349 2840 1367 2871 ,
1393 2791 1531 2853 Nec
1551 2800 1752 2852 tamen
1780 2800 1867 2853 est
1888 2801 1959 2853 ut
1983 2791 2166 2854 inane
2182 2815 2204 2852 .·
2227 2812 2422 2876 neque

185 2902 397 2955 autem
426 2912 686 2975 corpora
714 2890 927 2953 desunt
953 2890 1060 2954 Ex
1086 2890 1321 2978 infhzito
1349 2937 1365 2964 ,
1404 2912 1562 2975 quae
1580 2887 1999 2974 possintsorte
2034 2897 2239 2950 coorta
2274 2888 2421 2951 Cor-

183 3013 376 3054 ruere
417 2987 578 3052 hanc
616 2987 858 3051 mentis
901 2989 1155 3052 violento
1193 2987 1432 3050 turbine
1469 2984 1711 3049 molem
1751 2986 1883 3048 Aut
1918 2985 2111 3047 aliam
2149 2985 2423 3069 quamvis

185 3088 437 3153 cladem
491 3087 825 3171 importare
862 3087 1090 3171 pericli
1120 3110 1143 3148 .·
1184 3085 1265 3149 N
1259 3107 1324 3148 ec
1358 3105 1553 3169 porro
1596 3092 1827 3146 nauem
1869 3082 1988 3145 loci
2029 3080 2423 3166 spaciumque

175 3186 493 3274 profundi
519 3185 747 3274 Deficit
772 3232 789 3263 ,
835 3184 1093 3270 eoeparyi
1132 3206 1251 3270 quo
1292 3181 1513 3266 possit
1538 3179 1642 3243 vis
1671 3177 1910 3242 animai
1936 3179 2068 3241 Aut
2101 3178 2231 3240 alia
2266 3200 2420 3263 qua-

183 3289 279 3351 vis
323 3283 548 3371 possit
582 3284 645 3346 vi
670 3284 863 3369 pulsa
891 3284 1106 3368 perire
1136 3330 1150 3344 .
1190 3279 1388 3345 Haud
1423 3281 1612 3364 ἐρίων
1639 3279 1741 3342 leti
1755 3277 2092 3362 praeclusa
2120 3285 2207 3339 est
2230 3276 2424 3339 ianua

183 3384 403 3449 menti
425 3430 440 3444 .

363 3479 510 3545 820.
543 3479 773 3559 Quon
818 3499 1263 3542 vrrAmnus
1306 3498 1404 3540 AB
1451 3496 1703 3539 annus
1722 3522 1736 3536 .
1765 3471 2128 3537 Lambinus
2170 3492 2423 3533 LETA-

187 3600 440 3644 mnus
458 3626 475 3653 ,
503 3585 720 3642 recte:
749 3596 902 3640 nam
932 3574 1213 3639 alterum
1245 3573 1443 3660 plane
1472 3571 1838 3637 absurdum
1869 3577 1975 3634 est
1993 3568 2209 3633 ‚idem
2228 3567 2424 3631 Lam-

185 3679 436 3751 binus,
466 3698 616 3740 cum
642 3674 968 3739 Marullus
999 3673 1367 3738 orationem
1395 3669 1801 3758 pendentem
1827 3689 2029 3732 versu
2053 3673 2218 3752 post
2242 3665 2424 3729 hunc

188 3775 442 3841 addito
483 3773 813 3846 fulsisset,
845 3773 1071 3837 verius
1102 3771 1315 3836 sensit
1340 3776 1504 3854 post
1528 3787 1797 3832 versum
1826 3771 2137 3850 quartum
2167 3763 2425 3850 perisse

190 3873 537 3961 apodosin
569 3896 584 3934 ε
629 3869 753 3935 sed
780 3869 1048 3934 Marulli
1075 3889 1346 3932 versum
1374 3915 1389 3941 ,
1434 3867 1548 3951 qui
1579 3871 1724 3929 erat
1750 3863 1860 3927 hic
1888 3911 1904 3938 ,
1943 3863 2189 3928 Scilicet
2214 3884 2255 3924 a
2281 3882 2428 3923 vera

189 3977 376 4057 lonqe
403 3971 643 4034 ratione
669 3980 962 4033 remotum
990 3977 1104 4046 est,
1140 3987 1278 4029 non
1305 3972 1489 4028 recte
1515 3963 1833 4050 probavit
1859 3961 2015 4025 illuc
2042 3959 2391 4023 traiectum
2411 4004 2425 4018 .

193 4078 308 4134 est
339 4074 563 4131 autem
584 4066 1010 4153 perspicuum
1039 4084 1118 4127 ea
1147 4083 1320 4148 quae
1354 4060 1727 4126 exciderint
1752 4060 1823 4123 in
1849 4058 2048 4123 huius
2076 4055 2218 4121 fere
2246 4051 2427 4119 modi

195 4174 540 4252 concepta
589 4162 796 4227 fuisse
851 4161 1247 4227 sententiam
1279 4209 1294 4237 ‚
1350 4161 1555 4225 Multa
1606 4171 1808 4224 tamen
1857 4165 2109 4243 tanytmt
2154 4154 2428 4217 animam

195 4266 372 4330 mala
387 4313 406 4343 ,
441 4264 636 4327 multa
652 4261 900 4347 pericla
917 4309 932 4324 .

367 4360 514 4427 824.
544 4359 927 4422 ΡΒΑΕΤΕΒ
955 4378 1151 4421 mun
1181 4378 1398 4432 QUAM
1430 4377 1638 4431 ouon
1671 4374 2022 4418 nonmsr
2054 4369 2203 4413 cun
2239 4367 2426 4410 con-

200 4482 444 4525 roms
489 4477 835 4522 Aacnrr.
883 4455 1094 4520 Recte
1121 4453 1268 4520 Itali
1298 4461 1366 4518 et
1393 4450 1749 4518 Turnebus
1779 4469 2087 4515 monins
2129 4468 2268 4511 cum
2296 4465 2427 4507 cor-
