3042 5192
1291 494 1356 557 V
2301 498 2441 566 297

209 687 350 728 non
402 665 605 728 modo
660 665 846 750 quod
898 673 1207 751 quartum
1266 689 1491 731 casum
1548 670 1961 734 constructio
2013 671 2303 757 respuit,
2374 679 2449 736 ut

209 763 675 827 W'akefieldus
719 763 881 829 dicit
911 767 1130 848 (certe
1161 766 1269 829 alii
1297 767 1659 831 iunxerunt
1702 767 1974 850 tertio),
2017 768 2141 831 sed
2180 770 2338 854 quia
2366 781 2453 834 eet

206 884 361 925 cum
389 861 718 926 infinitivo
749 884 874 948 pro
906 865 1046 927 licet
1069 885 1206 926 non
1236 873 1343 928 est
1371 866 1687 950 antiquae
1719 874 1787 928 et
1814 887 2169 949 germanae
2192 867 2444 932 Latini-

205 961 371 1023 tatis
404 1008 418 1023 .
467 961 717 1045 primus
747 982 828 1023 eo
854 1011 869 1036 ‚
917 969 1239 1046 quantum
1270 963 1410 1026 scio
1438 1010 1453 1034 ‚
1497 986 1661 1027 usus
1692 971 1799 1027 est
1824 963 2047 1028 Varro
2078 965 2261 1049 apud
2293 966 2447 1029 Gel-

203 1057 367 1121 lium
396 1059 680 1130 xv111‚l2
701 1060 867 1122 Inter
888 1061 1044 1123 duas
1053 1061 1231 1149 filias
1253 1083 1464 1146 reyum
1479 1064 1640 1148 quid
1657 1073 1841 1125 mutet
1850 1111 1867 1141 ,
1898 1064 2055 1125 inter
2074 1065 2447 1149 Amiyonam

200 1168 262 1220 et
301 1157 570 1219 Tulliam
589 1205 603 1231 ,
633 1168 718 1220 est
744 1159 1252 1222 animadvertere.
1283 1180 1435 1221 nam
1466 1159 1823 1224 Terentius
1856 1160 2123 1245 quidem
2154 1184 2290 1225 non
2322 1163 2443 1227 du-

201 1255 351 1317 bito
386 1255 547 1338 quin
578 1256 923 1340 scripserit
952 1257 1019 1318 in
1042 1256 1356 1320 Heauton
1390 1258 1826 1322 timorumeno
1858 1282 1900 1334 1,
1913 1259 1970 1334 2,
1991 1260 2068 1323 18
2106 1261 2272 1339 Quid
2296 1285 2445 1326 nar-

199 1364 307 1416 rat
324 1352 355 1414 {3
385 1353 538 1439 quid
561 1352 713 1417 ille?
739 1356 1030 1417 miserum
1056 1379 1120 1416 se
1149 1379 1274 1418 esse
1291 1404 1305 1417 .
1335 1357 1627 1419 miserum
1643 1357 1673 1419 ἲ
1704 1380 1879 1443 quem
1901 1360 2103 1421 minu-s·
2128 1361 2446 1425 crederes?

199 1473 346 1514 non
378 1453 714 1533 crederes-n
762 1459 830 1515 et
858 1453 924 1515 in
958 1451 1282 1538 Adelphis
1311 1477 1372 1528 v,
1387 1455 1442 1527 3,
1457 1454 1540 1517 42
1569 1456 1739 1520 video
1778 1479 1878 1519 eos
1916 1479 2167 1541 sapere,
2215 1460 2443 1523 intelle-

189 1574 345 1635 9ere
370 1598 389 1630 ,
434 1551 500 1612 iu
538 1552 667 1614 loco
713 1552 957 1629 Vereri,
1011 1553 1168 1615 inter
1208 1577 1272 1615 se
1310 1577 1523 1615 amare
1541 1580 1562 1615 .·
1603 1555 1790 1616 scires
1830 1554 2085 1617 libemm
2129 1557 2443 1641 Inyem'um

197 1660 388 1733 atque
431 1650 735 1726 animum,
778 1649 1031 1713 scilicet
1074 1651 1199 1713 etsi
1242 1671 1358 1714 eos
1401 1672 1538 1713 non
1585 1652 2068 1736 cognovissem
2110 1675 2248 1717 non
2287 1658 2446 1720 scire

197 1757 288 1809 est
305 1794 320 1807 .
365 1745 438 1807 in
467 1744 760 1809 Vitruvii
790 1769 860 1820 11,
875 1746 933 1820 9,
955 1747 1024 1810 ll
1060 1754 1242 1810 recte
1272 1748 1422 1811 libri
1454 1748 1569 1812 Est
1596 1760 1795 1812 autem
1822 1752 2161 1813 maximum
2189 1753 2259 1814 id
2299 1777 2441 1816 con-

193 1845 485 1907 siderare
515 1846 883 1907 Ravennae:
910 1845 1112 1929 vulgo
1143 1845 1356 1909 fertur
1382 1848 1651 1909 maxime
1669 1894 1682 1909 .
1715 1855 2005 1911 ceterum
2032 1848 2199 1912 illud
2226 1850 2441 1935 ipsum

196 1953 290 2004 eet
319 1941 539 2004 omitti
568 1963 705 2003 non
737 1949 968 2026 potest
996 1991 1011 2016 ‚
1051 1965 1271 2028 neque
1301 1945 1547 2008 omittit
1575 1943 1886 2009 Valerius
1914 1945 2197 2011 Flaccus
2222 1997 2238 2022 ‚
2294 1972 2443 2013 cum

197 2038 372 2102 dicit
402 2039 470 2101 in
499 2037 725 2112 v1‚487
756 2042 906 2103 tales
933 2043 1177 2126 quando
1206 2042 1312 2104 tihi
1340 2064 1585 2104 cernere
1610 2040 1829 2125 reyes?
1868 2040 2000 2106 hoc
2033 2045 2203 2107 enim
2236 2046 2443 2110 simile

196 2144 310 2201 est
353 2136 485 2199 illis
514 2136 727 2199 Marci
771 2136 970 2200 Tullii
1015 2137 1105 2200 ad
1132 2138 1637 2203 Atticumlibro
1678 2139 1985 2215 xv‚l3‚1‚
2029 2143 2158 2206 Sed
2197 2147 2442 2229 quando

195 2237 384 2300 illum
416 2235 576 2298 diem
604 2284 622 2315 ,
668 2259 804 2298 cum
833 2246 898 2298 tu
925 2236 1220 2299 edendam
1239 2236 1464 2320 putes?
1515 2237 1759 2322 quibus
1790 2238 1999 2301 utitur
2029 2239 2075 2301 I.
2091 2239 2162 2302 F.
2178 2241 2441 2305 Grono-

189 2335 352 2397 vius
383 2334 452 2396 in
478 2332 762 2396 diatribe
791 2358 854 2419 p.
878 2335 994 2397 106
1023 2335 1197 2398 inter
1226 2334 1353 2398 alia
1384 2334 1681 2398 eiusdem
1703 2336 1967 2420 generis
1987 2384 2002 2411 ‚
2035 2337 2255 2420 qualia
2286 2349 2443 2402 sunt
2538 2348 2545 2356 '

198 2433 347 2513 Quo
389 2433 545 2495 mila·
567 2431 943 2519 fortunam?
1006 2432 1175 2496 Unde
1213 2433 1366 2497 mihi
1393 2431 1706 2517 lapidem?
1757 2432 1883 2495 sed
1912 2442 2177 2498 veteres
2206 2436 2296 2499 illi
2327 2438 2440 2500 ali-

192 2529 484 2617 quando
533 2542 618 2594 est
659 2553 807 2593 cum
851 2530 1176 2594 infinitivo
1221 2531 1595 2617 ponebant,
1640 2530 1753 2593 ubi
1783 2531 2049 2617 saepius
2080 2534 2442 2598 utebantur

185 2642 258 2694 ut
303 2629 781 2692 coniunctione
812 2676 825 2701 ‚
871 2636 948 2692 ut
990 2628 1158 2691 Cato
1205 2629 1323 2693 Est
1355 2631 1512 2693 inter
1549 2630 1693 2693 dum
1720 2642 2046 2715 praestare
2083 2635 2443 2696 mercaturis

185 2752 330 2792 rem
359 2750 694 2813 quaerere,
734 2734 813 2789 ut
839 2725 1119 2790 Plautus
1149 2728 1216 2790 in
1247 2727 1546 2814 Captivis
1577 2728 1786 2804 1,2,68
1818 2728 1953 2792 IIoc
1981 2730 2155 2793 illam
2181 2753 2278 2793 me
2306 2755 2438 2795 mu-

179 2839 330 2890 tare
376 2824 612 2914 confido
646 2824 797 2911 fore
826 2872 844 2902 ‚
893 2823 965 2887 id
1008 2832 1112 2888 est
1153 2824 1419 2888 confido
1464 2825 1612 2888 fore
1655 2833 1731 2889 ut
1770 2826 1902 2888 hoc
1938 2827 2119 2890 illum
2160 2835 2440 2892 mut-em.

181 2925 582 2991 rarissimus
632 2924 950 3008 loquendi
1005 2924 1244 2988 modus
1306 2932 1410 2988 est
1463 2944 1661 3007 quem
1714 2923 1761 2985 Ι.
1776 2922 1846 2986 F.
1864 2925 2249 2989 Gronovius
2304 2948 2439 2989 non

181 3023 550 3111 praeteriit
588 3022 661 3085 in
702 3023 871 3086 libro
919 3046 986 3086 ιν
1032 3024 1579 3088 observationum
1603 3069 1618 3095 ‚
1667 3022 1959 3106 capitulo
2002 3023 2060 3096 8,
2089 3046 2148 3107 p.
2173 3023 2287 3085 115
2324 3024 2441 3086 116

190 3123 342 3196 117,
373 3121 777 3207 permixtum
807 3120 1091 3185 diversis
1124 3142 1206 3184 ex
1230 3142 1311 3183 eo
1344 3141 1616 3206 quoque
1644 3140 1890 3204 genere
1915 3118 2102 3203 quod
2131 3120 2319 3204 attigi
2350 3120 2440 3183 ad

181 3222 445 3285 librum
476 3218 735 3292 1v‚244:
780 3218 903 3283 sed
930 3220 1044 3283 illa
1073 3241 1245 3304 quae
1278 3218 1429 3283 dico
1461 3219 1791 3283 rarissima
1820 3266 1835 3290 ‚
1864 3218 1931 3280 in
1964 3218 2206 3302 quibus
2237 3230 2321 3282 est
2347 3219 2441 3282 ita

179 3317 500 3402 intellegi
542 3315 745 3382 debet
777 3366 791 3391 ‚
832 3329 919 3381 est
957 3318 1197 3403 aliquid
1230 3319 1372 3381 sive
1402 3318 1685 3402 prodest,
1730 3315 2112 3380 Gronovius
2143 3317 2439 3380 Senecae

184 3441 274 3481 ac
311 3415 643 3479 Petronio
675 3415 1007 3492 vindicat3
1055 3417 1243 3480 cuius
1272 3415 1454 3480 modi
1485 3423 1591 3479 est
1617 3416 1685 3477 in
1718 3414 1999 3499 epistula
2028 3415 2108 3479 87
2144 3415 2440 3480 Senecae

183 3517 288 3580 M.
319 3517 474 3578 Cato
505 3515 834 3586 censoriae,
878 3536 1056 3600 quem
1086 3524 1210 3577 tam
1249 3517 1342 3578 rei
1373 3514 1660 3599 publ-icae
1688 3513 1886 3576 hercle
1898 3513 2033 3600 fuit
2057 3516 2231 3577 nasci
2257 3538 2441 3601 quam

181 3613 556 3698 Scipionem
582 3660 600 3690 ,
647 3619 715 3675 et
757 3610 842 3674 de
888 3612 1234 3676 clementia
1276 3612 1417 3689 1,18
1455 3613 1695 3691 Quanto
1725 3622 1925 3674 autem
1961 3636 2083 3676 non
2110 3613 2283 3675 nasei
2307 3614 2444 3701 fuit

176 3733 391 3799 quam
432 3710 749 3772 numerari
787 3711 944 3773 inter
973 3711 1224 3795 publico
1263 3712 1426 3774 malo
1471 3709 1688 3773 natos!
1729 3708 1861 3771 hoc
1899 3710 1984 3772 ab
2015 3710 2437 3794 antiquorum

175 3831 326 3873 usu
357 3807 871 3870 remotissimum
916 3817 1050 3880 est,
1095 3828 1315 3892 neque
1345 3807 1700 3870 Horatium
1744 3829 1823 3870 co
1855 3807 2054 3871 modo
2086 3808 2437 3892 scripsisse

177 3904 409 3972 credo
456 3905 524 3968 in
567 3926 944 3969 sermonum
977 3906 1115 3980 11‚5‚
1137 3907 1253 3970 103
1296 3917 1352 3970 et
1376 3906 1432 3968 si
1461 3906 1729 3991 paulum
1756 3916 1964 3990 potae,
2007 3908 2437 3973 inlacrimare.

177 4018 278 4071 est
319 4004 581 4068 Gaudia
614 4003 972 4087 prodentem
1009 4005 1230 4068 voltum
1274 4004 1472 4067 celare
1499 4028 1524 4084 ‚-
1573 4003 1688 4067 ubi
1728 4003 2013 4067 litteram
2058 4003 2438 4069 addendam

176 4121 452 4166 censeo
473 4148 489 4175 ‚
531 4099 664 4163 hoc
707 4099 912 4163 modo
930 4149 945 4175 ‚
993 4102 1348 4165 inlacrimat.
1380 4125 1412 4164 e
1441 4125 1510 4164 re
1539 4112 1625 4165 est
1660 4102 1911 4165 Gaudia
1930 4103 2285 4187 prodentem
2312 4105 2437 4168 vol-

173 4214 318 4265 tam
353 4198 558 4262 celare
578 4245 591 4259 .

362 4295 508 4358 536.
542 4317 794 4358 SUPER
839 4318 1191 4360 uAnsnE.
1235 4297 1562 4361 Marullus
1596 4320 1937 4362 sunum.

366 4393 510 4460 537.
534 4391 593 4455 E
609 4416 654 4456 x
682 4416 705 4457 1
721 4416 816 4458 un
832 4417 988 4457 un‘r
1018 4415 1226 4458 Assvo
1247 4443 1261 4457 .
1295 4395 1682 4474 Quadratus
1705 4420 1808 4460 evo
1828 4445 1842 4458 .
1871 4394 2071 4458 huius
2094 4400 2438 4458 corrector

179 4494 358 4559 fecit
378 4515 402 4555 1
420 4514 464 4556 N
479 4513 516 4554 Ε
533 4513 575 4554 u
590 4514 633 4554 Ν
648 4514 689 4554 1·
704 4514 742 4555 r.
767 4516 887 4573 ευο,
906 4493 1132 4577 itaque
1146 4493 1479 4560 Antonius
1504 4493 1695 4557 Marii
1715 4492 2194 4557 etVeronensis
2214 4490 2434 4555 editio.
