3042 5192
108 1017 191 1062 170

98 2163 181 2210 180

92 2739 175 2783 185

88 2968 170 3014 1⁸9

1332 485 1397 549 V
1401 486 1431 552 I

242 655 311 719 id
339 657 504 720 licet
532 657 693 720 hinc
724 658 921 721 etiam
953 677 1361 742 cognoscere
1380 707 1393 721 .
1420 659 1703 724 caedere
1733 662 1789 725 si
1820 683 2017 747 quem

244 772 522 857 ancipiti
552 770 788 835 videas
816 770 997 836 ferro
1030 773 1269 858 procul
1297 774 1555 838 arboris
1586 784 1851 841 auctum
1871 828 1885 854 ‚

247 893 401 950 ante
431 886 512 950 fit
540 894 619 950 ut
649 908 885 950 cernas
913 888 1120 951 ictum
1149 909 1349 973 quam
1379 889 1578 975 plaga
1607 912 1731 976 per
1758 894 1937 957 auris

253 999 369 1064 det
397 1003 730 1066 sonitum:
755 1003 851 1066 sic
879 1001 1208 1088 fulgorem
1241 1024 1512 1089 quoque
1544 1007 1872 1072 cernimus
1904 1018 2059 1073 ante

250 1137 447 1200 quam
482 1117 806 1180 tonitrum
834 1118 1193 1202 accipimus
1211 1167 1226 1193 ‚
1247 1118 1503 1204 pariter
1534 1120 1648 1204 qui
1674 1122 1958 1187 mittitur
1987 1125 2120 1210 igni

250 1251 285 1293 e
314 1231 511 1294 simili
542 1252 746 1295 causa
763 1281 779 1308 ‚
802 1253 1138 1296 concursu
1165 1239 1364 1297 natus
1396 1232 1667 1297 eodem.

330 1345 487 1409 Hoc
518 1347 716 1410 etiam
746 1355 945 1432 pacto
974 1348 1233 1412 volucri
1260 1350 1411 1413 loca
1437 1348 1683 1411 lumine
1711 1351 1978 1437 tingunt

240 1461 462 1523 nubes
495 1470 565 1525 et
593 1461 875 1526 tremulo
905 1470 1271 1549 tempestas
1299 1465 1547 1551 impete
1573 1463 1800 1550 fulgit.

128 1590 184 1634 75
239 1582 493 1639 ventus
522 1577 637 1640 ubi
664 1577 908 1641 invasit
932 1578 1177 1642 nubem
1209 1588 1277 1643 et
1304 1587 1612 1644 versatus
1641 1579 1886 1644 ibidem

237 1689 404 1754 fecit
430 1698 510 1755 ut
539 1698 695 1756 ante
726 1713 956 1757 cavam
986 1691 1185 1757 docui
1216 1695 1625 1782 spissescere
1655 1696 1897 1760 nubem
1917 1746 1932 1772 ‚

238 1805 615 1870 mobilitate
646 1828 769 1870 sua
793 1806 1143 1887 fervescit3
1165 1816 1242 1874 ut
1265 1812 1486 1874 omnia
1509 1818 1698 1875 motu

236 1917 695 2004 percalefacta
723 1921 913 1986 vides
943 1922 1301 1988 ardescere
1320 1974 1336 2001 ‚
1358 1925 1670 2010 plumbea
1695 1947 1858 1989 vero

235 2034 435 2120 glans
468 2037 664 2100 etiam
695 2037 898 2123 longo
930 2059 1132 2103 cursu
1160 2039 1497 2103 volvenda
1531 2040 1835 2104 calescit.

235 2170 403 2235 ergo
434 2149 738 2216 fervidus
766 2152 877 2216 hic
905 2154 1147 2217 nubem
1179 2177 1329 2218 cum
1355 2153 1683 2240 perscidit
1712 2163 1923 2219 atram
1942 2205 1957 2230 ‚

235 2262 533 2352 dissipat
562 2265 825 2331 ardoris
857 2269 1048 2353 quasi
1075 2289 1198 2355 per
1224 2270 1358 2333 vim
1390 2290 1714 2355 expressa
1740 2279 2021 2356 repente

235 2380 497 2443 semina
514 2431 530 2456 ‚
555 2401 727 2466 quae
755 2381 1011 2447 faciunt
1038 2384 1361 2448 nictantia
1387 2383 1656 2470 fulgura
1685 2383 2015 2450 flammae:

233 2493 395 2557 inde
426 2517 639 2560 sonus
669 2498 971 2582 sequitur
988 2547 1003 2574 ‚
1034 2500 1149 2584 qui
1177 2497 1436 2563 tardius
1469 2499 1700 2563 adficit
1727 2500 1905 2564 auris

233 2631 439 2693 quam
472 2632 645 2696 quae
675 2613 1077 2697 perveniunt
1106 2613 1452 2677 oculorum
1481 2613 1571 2677 ad
1600 2615 1846 2678 lumina
1875 2625 2140 2680 nostra.

230 2724 493 2790 scilicet
510 2775 526 2800 ‚
547 2725 682 2789 hoc
712 2725 936 2790 densis
963 2726 1042 2791 fit
1067 2728 1358 2791 nubibus
1389 2735 1458 2791 et
1487 2729 1682 2793 simul
1711 2729 1842 2793 alte

230 2842 567 2905 extructis
597 2841 740 2905 aliis
770 2841 934 2905 alias
964 2863 1169 2928 super
1196 2843 1442 2928 impete
1470 2843 1638 2907 miro
1660 2893 1674 2906 .

221 2955 729 3043 contemplator
760 2957 930 3020 enim
951 2979 1140 3033 ‚cum
1167 2958 1508 3022 montibus
1542 2957 1938 3021 adsimulata

132 3144 157 3163 ⁶
225 3070 465 3134 nubila
484 3071 863 3156 portabunt
889 3073 1072 3136 venti
1101 3081 1491 3137 transversa
1519 3094 1642 3158 per
1671 3094 1869 3137 auras
1888 3122 1903 3146 ,

86 3544 166 3588 1⁶47

86 3773 165 3819 194

228 3193 351 3248 aut
381 3185 501 3249 ubi
528 3207 653 3272 per
680 3207 959 3272 magnos
989 3188 1234 3252 montis
1264 3188 1599 3252 cumulata
1625 3186 1886 3252 videbis

224 3299 515 3385 insuper
545 3321 695 3363 esse
725 3300 869 3365 aliis
899 3300 1027 3364 alia
1054 3309 1257 3387 atque
1285 3323 1576 3388 urguere
1608 3322 1894 3388 superne

220 3415 289 3477 in
323 3415 621 3479 statione
652 3415 873 3479 locata
902 3416 1180 3503 sepultis
1207 3416 1508 3503 undique
1539 3417 1794 3482 ventis:

219 3551 309 3593 ne
340 3530 469 3593 tibi
502 3530 590 3594 sit
615 3529 795 3594 frudi
824 3529 1011 3615 quod
1039 3553 1168 3595 nos
1195 3532 1456 3596 inferne
1486 3532 1788 3596 videmus

2356 498 2488 565 211

224 3665 435 3729 quam
467 3645 605 3708 sint
630 3644 769 3708 lata
796 3647 1005 3732 magis
1036 3667 1237 3733 quam
1265 3669 1528 3712 sursum
1560 3655 1868 3711 extructa
1897 3645 2061 3732 quid
2091 3654 2355 3711 extent.

220 3767 369 3822 tum
400 3759 662 3845 poteris
692 3780 969 3846 magnas
996 3762 1205 3826 moles
1236 3783 1647 3847 cognoscere
1679 3784 1908 3826 eorum

220 3874 726 3960 speluncasque
756 3876 866 3939 vel
893 3884 969 3941 ut
1002 3878 1186 3941 saxis
1216 3877 1651 3963 pendentibu'
1680 3885 1973 3942 structas

222 4009 511 4052 cernere
531 4038 547 4065 ,
572 4010 741 4073 quas
771 3990 954 4054 venti
985 4012 1131 4054 cum
1163 3998 1564 4076 tempestate
1597 4000 1834 4055 coorta

226 4299 326 4345 168
368 4293 620 4365 Ungipiti
644 4295 824 4350 videat
864 4299 885 4367 ΙΙ
927 4304 1021 4351 170
1058 4298 1320 4371 fulgurem
1359 4301 1379 4369 Η
1422 4305 1517 4351 178
1553 4298 1809 4352 adescere
1848 4299 1867 4366 ΙΙ
1908 4305 2003 4352 179
2029 4298 2276 4369 quiescit.
2317 4299 2337 4364 ΙΙ
2380 4304 2473 4348 180

220 4376 530 4447 perscindit
578 4380 599 4447 ΙΙ
651 4385 745 4431 183
785 4379 966 4433 adlicit
1013 4383 1033 4452 ΙΙ
1083 4389 1178 4435 185
1217 4381 1336 4436 alti.
1387 4385 1406 4452 ΙΙ
1462 4387 1550 4434 191
1594 4383 1766 4436 culata
1813 4385 1832 4450 ΙΙ
1890 4389 1981 4434 192
2021 4396 2275 4450 superna.
2315 4378 2335 4447 ΙΙ
2379 4383 2471 4428 193

220 4462 441 4513 satione
479 4461 499 4524 11
546 4468 637 4514 188
674 4465 742 4516 sit
784 4465 804 4530 ΙΙ
845 4465 1067 4517 extr-icta

1955 4563 2063 4624 14⁰
