3042 5192
1320 477 1384 543 V
2326 482 2465 551 343

240 656 751 740 interpretatur)
781 637 1183 738 coniungere
1216 660 1283 716 et
1314 652 1414 717 bis
1443 652 1639 716 binos
1670 674 1905 717 currus
1935 654 2039 737 (id
2070 663 2175 718 est
2199 653 2466 740 quadri-

237 756 432 840 iugos
460 803 479 829 ‚
519 753 771 839 inquit)
809 753 1212 836 coniungere
1244 775 1260 813 t
1304 772 1541 814 currus
1569 759 1788 814 autem
1821 750 2161 836 quomodo
2193 753 2466 817 coniun-

233 862 433 938 gatur
474 874 611 915 non
658 850 861 914 docet
890 898 904 911 .
948 872 1199 913 currum
1226 851 1493 913 iunctum
1521 870 1660 912 non
1689 850 1927 934 ignoro
1958 896 1973 923 .
2018 850 2270 915 scilicet
2299 852 2467 936 equis

232 953 505 1014 iunctum
519 998 538 1029 ,
570 956 638 1011 et
666 948 807 1012 scio
837 950 1018 1033 tiyres
1047 949 1261 1010 eum-ui
1284 947 1647 1031 subiunqere
1675 947 1990 1033 Daphnin
2019 947 2466 1033 Vergilianum

232 1048 604 1111 instituisse
624 1095 641 1121 ‚
670 1067 892 1131 neque
922 1043 1229 1108 Handius
1260 1043 1350 1107 ad
1380 1042 1712 1108 diatriben
1738 1045 2062 1109 Gronovii
2093 1069 2116 1108 1
2145 1070 2208 1132 p.
2229 1047 2312 1110 98
2343 1044 2464 1109 du·

234 1146 449 1209 bitare
492 1142 724 1208 debuit
766 1143 923 1228 quin
953 1142 1267 1205 Manilius
1300 1142 1371 1204 in
1399 1164 1485 1217 iv,
1504 1142 1621 1207 231
1657 1141 1895 1207 eodem
1925 1141 2193 1207 (licendi
2221 1165 2466 1228 genere

231 1265 395 1307 usus
427 1243 517 1306 sit
549 1265 563 1305 ι
607 1240 733 1305 sed
756 1234 1231 1325 ‘conimtyumur
1259 1239 1394 1303 duo
1426 1243 1707 1314 currus’‚
1749 1249 1824 1304 ut
1850 1250 2035 1305 recte
2066 1241 2230 1306 dicit
2259 1242 2464 1307 Scali-

230 1362 347 1425 ger
378 1339 470 1404 ad
500 1360 767 1402 versum
795 1338 1047 1401 Manilii
1075 1361 1140 1424 p.
1158 1337 1276 1401 291
1315 1385 1327 1398 .
1373 1336 1743 1424 Forbigero
1773 1347 1995 1402 tamen
2023 1339 2137 1403 illa
2165 1340 2466 1424 quamvis

230 1435 529 1502 absurda
559 1433 872 1500 videntur
898 1443 1085 1499 recta
1112 1484 1125 1498 .
1167 1435 1600 1503 Eichstadius
1641 1440 1710 1502 in
1740 1439 1961 1505 indice
1991 1441 2262 1525 biiuqum
2280 1442 2465 1525 prius

231 1547 348 1614 est,
376 1541 546 1619 puto
576 1541 817 1597 neutro
848 1554 1093 1619 genere
1111 1582 1125 1595 .
1156 1536 1523 1600 rectissime
1554 1536 1770 1600 Faber
1800 1538 1888 1602 Ee
1913 1560 1986 1601 131
2004 1560 2084 1602 111
2102 1560 2199 1602 co
2218 1561 2250 1602 s
2271 1587 2284 1601 .

409 1633 580 1697 1301.
632 1654 1023 1696 ARMATUM
1086 1655 1552 1698 Escssnnssns
1618 1658 1919 1700 cunnus
1954 1685 1967 1698 .
2018 1636 2130 1699 Sic
2179 1644 2464 1720 uterque

238 1731 609 1796 Vossianus
641 1778 658 1805 ‚
699 1729 823 1794 sed
853 1739 1275 1795 correctores
1304 1731 1612 1797 fecerunt
1641 1735 1963 1798 ascendere
1991 1760 2012 1796 .·
2047 1755 2268 1818 neque
2297 1733 2468 1797 fallit

100 1910 113 1923 ο
233 1829 620 1893 Gronovius
673 1826 763 1891 ad
806 1828 1064 1893 Livium
1114 1852 1187 1905 11,
1215 1830 1297 1895 28
1328 1878 1344 1904 ,
1401 1839 1477 1896 ut
1518 1831 1787 1895 videtur
1822 1831 2242 1896 Wakefieldo
2273 1880 2289 1906 ‚
2342 1829 2465 1895 sed

232 1927 737 2011 Havercampus
768 1975 783 1989 .
839 1935 1022 1991 errat
1061 1936 1287 1992 tamen
1328 1928 1711 1993 Gronovius
1744 1978 1759 2005 ,
1811 1951 1959 1993 cum
2005 1952 2089 1993 ex
2124 1929 2463 1993 Vossiano

229 2023 671 2110 (quadratum
702 2023 900 2109 dicit)
936 2027 1242 2090 §reventum
1269 2026 1492 2090 adfert
1510 2075 1526 2101 ‚
1558 2026 1744 2112 quod
1775 2034 1878 2091 est
1907 2048 1950 2090 a
1975 2026 2262 2091 Marullo
2282 2076 2296 2089 .

401 2123 578 2188 1302.
608 2123 810 2186 Imm
847 2145 1102 2188 noves
1144 2146 1285 2188 cAs
1319 2147 1679 2188 runm‘ro
1720 2147 2086 2188 CORPORE
2123 2146 2461 2188 'rna-Ros.

234 2223 431 2285 Boves
472 2243 732 2285 Lucas
773 2229 1118 2286 corrector
1159 2220 1470 2306 quadrati
1515 2230 1585 2284 et
1624 2222 1773 2286 Itali
1803 2270 1818 2284 .
1864 2220 1989 2285 sed
2033 2220 2462 2285 scribendum

230 2328 335 2383 est
364 2341 685 2383 mle-riu.
702 2341 736 2383 s
757 2368 771 2381 .
816 2319 914 2383 sic
938 2318 1114 2383 infra
1141 2320 1311 2383 boves
1339 2321 1515 2384 lucae
1526 2320 1712 2405 ferro
1738 2321 1901 2384 male
1928 2330 2163 2383 mactae
2180 2345 2202 2382 .·
2234 2320 2462 2403 itaque

230 2416 453 2481 Varro
482 2418 586 2481 bis
617 2416 703 2480 de
732 2417 956 2502 lingua
982 2417 1225 2482 Latina
1251 2439 1350 2481 vu
1380 2440 1442 2503 p.
1461 2418 1585 2482 325
1615 2417 1738 2481 326
1755 2464 1771 2491 ‚
1816 2441 1927 2481 cur
1953 2418 2040 2481 ita
2066 2418 2147 2483 sit
2171 2418 2333 2481 dieta
2352 2463 2367 2491 ‚
2408 2418 2463 2479 si

226 2518 305 2581 ab
336 2517 543 2602 Libya
569 2517 763 2580 diotae
792 2528 981 2581 essent
1006 2518 1181 2581 lucae
1209 2541 1234 2599 ‚·
1282 2515 1465 2603 apud
1514 2537 1711 2601 quem
1756 2536 1893 2580 non
1932 2514 2200 2579 videtur
2242 2513 2461 2578 feren-

228 2613 390 2677 dum
436 2635 585 2678 esse
624 2636 690 2698 p.
711 2613 832 2703 327
860 2615 1027 2700 quod
1060 2617 1234 2701 lonqe
1272 2616 1624 2680 relucebant
1641 2626 1898 2700 prqwter
1924 2616 2239 2679 inauratos
2265 2614 2465 2698 reqios

227 2715 471 2797 clupeos
496 2760 515 2791 ,
555 2712 771 2799 quibus
810 2735 1017 2776 eorum
1057 2723 1185 2776 tum
1213 2723 1471 2777 ornatae
1497 2724 1676 2778 erant
1697 2724 1898 2776 turres
1922 2737 1945 2775 .·
1983 2712 2181 2775 immo
2213 2720 2333 2775 aut
2359 2736 2461 2775 ea-

226 2835 369 2874 rum
399 2818 515 2873 aut
543 2810 941 2897 elefantorum
960 2860 974 2872 .
1019 2832 1238 2894 neque
1269 2812 1371 2874 boe
1399 2812 1612 2874 Lucas
1641 2809 1884 2875 dicitur
1912 2810 2040 2874 nisi
2068 2832 2110 2874 a
2137 2809 2462 2873 Salmasio

228 2910 297 2972 in
328 2908 914 2972 exercitationibus
943 2933 1006 2995 p.
1026 2907 1150 2973 218
1178 2957 1194 2984 ,
1237 2908 1361 2972 sed
1389 2911 1533 2973 luca
1561 2910 1696 2987 boe,
1742 2916 1811 2972 et
1838 2908 2130 2972 fortasse
2160 2909 2333 2972 lucus
2360 2908 2464 2970 bos

228 3008 339 3071 vel
366 3019 615 3071 taurus:
644 3006 740 3069 sic
770 3015 953 3071 certe
976 3005 1197 3071 Varro
1227 3030 1420 3092 neque
1446 3008 1799 3091 tarsipotim·
1820 3007 2069 3071 Lucani
2089 3028 2276 3092 quam
2304 3005 2429 3068 luci
2443 3052 2461 3083 ,

228 3105 485 3169 scilicet
514 3103 915 3180 dicerentur,
949 3106 1004 3168 si
1034 3105 1224 3169 lucae
1253 3106 1464 3170 boves
1496 3114 1724 3169 essent
1752 3105 2062 3169 Lucanae
2082 3153 2096 3167 .

400 3204 579 3266 1307.
624 3224 911 3266 nnnms
953 3226 1499 3268 11111111011113113.
1531 3203 1680 3268 Itali
1710 3214 1778 3267 et
1805 3202 2130 3267 Marullus
2161 3223 2429 3264 annm.

400 3302 576 3365 1315.
620 3300 1124 3365 Tenuit-leae
1163 3324 1519 3367 carn-mu
1556 3322 2060 3376 QUArnmns
2096 3320 2460 3373 UNDIQUE

231 3420 568 3465 emsa-as
587 3448 601 3462 .
633 3399 1004 3484 quadratus
1033 3402 1359 3487 quatientes
1377 3449 1391 3463 .
1423 3420 1664 3463 versus
1694 3413 1797 3463 est
1825 3420 1960 3461 uno
1983 3396 2314 3461 vocabulo
2343 3397 2460 3459 mi-

229 3521 359 3562 nus
389 3497 830 3562 Lucretianus
861 3547 877 3573 ‚
921 3496 1045 3562 sed
1089 3520 1175 3562 ex
1202 3499 1372 3562 libro
1404 3520 1474 3572 11,
1492 3497 1615 3560 632
1645 3496 1779 3560 11116
1805 3497 2030 3583 inepte
2061 3494 2428 3559 translatus
2447 3544 2460 3557 .

228 3595 399 3660 vidit
427 3595 559 3659 hoc
590 3595 807 3660 Faber
837 3620 851 3658 ε
883 3591 1132 3682 ‘neque
1164 3598 1335 3660 enim
1364 3595 1556 3660 facile
1587 3593 2011 3658 crediderim’
2040 3593 2258 3677 inquit
2280 3586 2460 3657 ‘cris-

231 3705 339 3759 tas
369 3694 699 3779 capitibus
729 3695 993 3758 leonum
1025 3716 1322 3758 annexas
1337 3696 1368 3757 ’.
1413 3702 1486 3757 at
1517 3691 1971 3758 Wakefieldus
2008 3694 2220 3757 mistas
2257 3692 2460 3755 inter·

230 3801 538 3880 pretatur
586 3786 881 3856 ‘villosas
930 3794 1106 3856 iuba-5
1160 3792 1593 3877 hirsutasque
1609 3793 1641 3867 ⁹,
1693 3802 1878 3878 caput
1930 3798 2152 3854 autem
2207 3792 2462 3854 cervices

230 3912 381 3955 esse
412 3915 428 3966 ς
485 3891 727 3975 quibus
773 3892 1133 3955 succlamat
1171 3884 1541 3973 ‘eleganter
1589 3899 1658 3954 et
1697 3889 2086 3975 magnific-el
2139 3888 2461 3972 It'orbiger

230 3989 399 4052 hacc
439 3989 660 4053 omnia
697 3989 860 4052 nihil
901 4012 1141 4053 curans
1184 3997 1397 4053 tacet.

402 4087 578 4150 1319.
626 4109 781 4150 ona
824 4110 1258 4151 rArEBAN'r
1289 4137 1303 4151 .
1348 4088 1671 4152 Marullus
1714 4109 2177 4150 PETEBANT.
2223 4105 2459 4147 versus

228 4193 389 4248 ante
433 4183 613 4247 hunc
656 4186 997 4269 proximus
1043 4194 1148 4249 est
1188 4185 1371 4271 apud
1401 4186 1691 4250 Nonium
1735 4208 1795 4270 p.
1823 4185 1955 4258 134,
1974 4186 2016 4248 8
2047 4233 2059 4247 .
2108 4185 2175 4247 in
2221 4204 2301 4244 6ο
2347 4181 2461 4264 qui

228 4283 411 4347 hunc
454 4283 760 4367 sequitur
803 4284 1181 4369 &rapiebant
1223 4284 1553 4370 oblongus
1588 4333 1603 4359 ‚
1664 4281 2035 4367 quadratus
2085 4280 2253 4343 male
2309 4279 2458 4341 dira·-

214 4382 475 4467 piebant
497 4429 510 4442 .
