3042 5192
663 459 807 530 248
1727 459 1827 527 VI

659 630 973 719 languida
1000 633 1361 697 semanimo
1391 653 1542 697 eum
1571 654 1857 719 eorpore
1885 635 2180 700 membra
2206 634 2476 702 videres

655 746 934 812 horrida
960 745 1256 833 paedore
1288 753 1357 810 et
1383 746 1625 832 pannis
1655 756 1980 834 cooperta
2007 750 2228 834 perire
2246 799 2263 826 ,

485 880 612 928 1270
659 861 1005 948 [corporis
1032 862 1277 926 inluvie
1294 909 1310 937 ,
1334 860 1489 946 pelli
1518 882 1725 946 super
1753 864 2019 929 ossibus
2047 866 2259 949 una‚]

652 977 986 1041 ulceribus
1020 976 1251 1040 taetris
1278 997 1494 1061 prope
1520 976 1652 1040 iam
1682 976 2004 1063 sordique
2034 979 2330 1064 sepulta.

656 1092 876 1157 omnia
906 1089 1194 1176 denique
1225 1098 1460 1156 saneta
1487 1089 1686 1155 deum
1717 1089 1999 1157 delubra
2025 1093 2322 1178 replerat

655 1206 1052 1293 corporibus
1080 1227 1263 1270 mors
1295 1206 1614 1270 exanimis
1645 1213 2056 1292 onerataque
2081 1208 2334 1295 passim

654 1328 897 1386 cuneta
926 1319 1368 1385 cadaveribus
1396 1321 1758 1386 caelestum
1787 1321 2038 1407 templa
2061 1323 2337 1389 tenebat
2354 1372 2370 1398 ‚

484 1415 610 1501 {275
652 1435 1033 1522 hospitibus
1060 1435 1212 1499 loca
1242 1456 1412 1520 quae
1443 1435 1858 1520 complerant
1886 1434 2306 1501 aedituentes
2323 1486 2338 1500 .

652 1573 777 1615 nec
805 1550 935 1615 iam
962 1550 1193 1636 religio
1225 1548 1449 1615 divom
1475 1571 1603 1614 nee
1630 1549 1902 1614 numina
1927 1552 2150 1636 magni

654 1664 1125 1751 pendebantur
1157 1665 1362 1728 enim:
1385 1685 1709 1750 praesens
1740 1664 1939 1731 dolor
1969 1668 2418 1753 exsuperabat
2437 1717 2451 1730 .

655 1802 784 1844 nee
811 1802 957 1845 mos
986 1780 1094 1844 ille
1125 1779 1509 1865 sepulturae
1536 1781 1928 1847 remanebat
1953 1783 2022 1845 in
2049 1781 2217 1847 urbe
2235 1829 2252 1859 ,

657 1916 792 1981 quo
822 1896 972 1981 pius
1000 1894 1111 1958 hie
1139 1894 1430 1981 populus
1460 1915 1728 1980 semper
1757 1902 2118 1961 consuerat
2143 1894 2436 1962 humari:

488 2026 614 2074 1280
658 2011 1093 2099 perturbatus
1125 2009 1296 2075 enim
1325 2015 1512 2074 totus
1540 2009 1928 2095 trepidabat
1944 2059 1961 2089 ‚
1983 2019 2052 2076 et
2078 2032 2255 2076 unus

657 2125 941 2212 quisque
973 2146 1167 2189 suum
1192 2145 1319 2209 pro
1348 2144 1423 2188 re
1453 2131 1858 2210 eonpostum
1884 2132 2177 2191 maestus
2206 2124 2555 2192 humabat.

655 2240 998 2327 multaque
1026 2260 1138 2317 res
1170 2238 1431 2304 subitae
1463 2245 1535 2303 et
1561 2247 1926 2324 paupertas
1956 2238 2235 2304 horrida
2263 2241 2508 2306 suasit:

657 2377 942 2442 namque
972 2376 1132 2419 suos
1163 2354 1698 2440 consanguineos
1726 2345 1942 2420 aliena
1967 2375 2286 2440 rogorum

656 2472 931 2558 insuper
963 2477 1270 2535 extructa
1295 2469 1551 2555 ingenti
1581 2469 1869 2534 elamore
1897 2468 2215 2535 locabant
2228 2518 2246 2546 ‚

458 2602 613 2648 -1285
660 2585 1178 2671 subdebantque
1205 2584 1391 2649 faces
1408 2632 1425 2661 ‚
1446 2584 1657 2649 multo
1688 2605 1839 2648 eum
1867 2584 2191 2669 sanguine
2219 2605 2422 2671 saepe

655 2700 953 2765 rixantes
982 2699 1209 2785 potius
1240 2720 1439 2785 quam
1467 2719 1758 2784 corpora
1787 2697 2261 2766 desererentur
2278 2748 2293 2764 .

665 2981 797 3029 1270
822 2974 977 3046 pellis
1014 2977 1035 3045 ΙΙ
1079 2981 1204 3030 1271
1226 2975 1511 3029 Viceribus
1541 2976 1561 3045 11
1585 2973 1854 3044 sordeque
1889 2973 1909 3043 ΙΙ
1950 2979 2080 3027 1272
2104 2973 2342 3028 rellerat.
2371 2975 2392 3044 ΙΙ
2419 2980 2547 3028 1274
2573 2973 2805 3028 manebat.
2825 2973 2840 3034 ῃ

667 3064 794 3112 1281
822 3066 1143 3132 eonpostum
1165 3067 1431 3114 omi-soum.
1470 3058 1492 3127 ΙΙ
1535 3063 1663 3110 1282
1700 3074 1790 3111 res
1814 3065 2082 3112 omissum.
2121 3057 2144 3128 ss
2179 3056 2386 3112 subitas
2415 3058 2438 3126 ΙΙ
2479 3057 2794 3116 messanicus
