<?xml version="1.0" encoding="UTF-8"?>
<!DOCTYPE html PUBLIC "-//W3C//DTD XHTML 1.0 Transitional//EN"
    "http://www.w3.org/TR/xhtml1/DTD/xhtml1-transitional.dtd">
<html xmlns="http://www.w3.org/1999/xhtml" xml:lang="en" lang="en">
 <head>
  <title>
</title>
<meta http-equiv="Content-Type" content="text/html;charset=utf-8" />
  <meta name='ocr-system' content='tesseract 3.04.00' />
  <meta name='ocr-capabilities' content='ocr_page ocr_carea ocr_par ocr_line ocrx_word'/>
</head>
<body>
  <div class='ocr_page' id='page_1' title='image "./tlucreticarider04unkngoog_0521.png"; bbox 0 0 3042 5192; ppageno 0'>
   <div class='ocr_carea' id='block_1_1' title="bbox 1269 466 2431 540">
    <p class='ocr_par' dir='ltr' id='par_1_1' title="bbox 1269 466 2431 540">
     <span class='ocr_line' id='line_1_1' title="bbox 1269 466 2431 540; baseline 0.004 -5"><span class='ocrx_word' id='word_1_1' title='bbox 1269 466 1368 535; x_wconf 85' lang='lat' dir='ltr'><strong>IV</strong></span> <span class='ocrx_word' id='word_1_2' title='bbox 2290 472 2431 540; x_wconf 87' lang='lat'><strong>219</strong></span> 
     </span>
    </p>
   </div>
   <div class='ocr_carea' id='block_1_2' title="bbox 219 640 2471 4568">
    <p class='ocr_par' dir='ltr' id='par_1_2' title="bbox 231 640 2434 927">
     <span class='ocr_line' id='line_1_2' title="bbox 239 640 2433 731; baseline 0 -21"><span class='ocrx_word' id='word_1_3' title='bbox 239 668 308 710; x_wconf 86' lang='lat' dir='ltr'><strong>ne</strong></span> <span class='ocrx_word' id='word_1_4' title='bbox 345 643 751 731; x_wconf 80' lang='lat' dir='ltr'><strong>dispergatur</strong></span> <span class='ocrx_word' id='word_1_5' title='bbox 782 692 794 706; x_wconf 93' lang='lat'><strong>.</strong></span> <span class='ocrx_word' id='word_1_6' title='bbox 830 640 1180 706; x_wconf 77' lang='lat' dir='ltr'>Vitruvius</span> <span class='ocrx_word' id='word_1_7' title='bbox 1224 640 1310 706; x_wconf 89' lang='lat' dir='ltr'><strong>de</strong></span> <span class='ocrx_word' id='word_1_8' title='bbox 1351 641 1621 706; x_wconf 86' lang='lat' dir='ltr'><strong>theatro</strong></span> <span class='ocrx_word' id='word_1_9' title='bbox 1649 643 1769 719; x_wconf 84' lang='lat' dir='ltr'><strong>v‚3</strong></span> <span class='ocrx_word' id='word_1_10' title='bbox 1802 644 1916 709; x_wconf 87' lang='lat' dir='ltr'><strong>Sol</strong></span> <span class='ocrx_word' id='word_1_11' title='bbox 1939 647 2099 709; x_wconf 75' lang='lat' dir='ltr'><strong>enim</strong></span> <span class='ocrx_word' id='word_1_12' title='bbox 2141 666 2279 711; x_wconf 79' lang='lat' dir='ltr'><strong>cum</strong></span> <span class='ocrx_word' id='word_1_13' title='bbox 2318 649 2433 711; x_wconf 80' lang='lat' dir='ltr'><strong>im-</strong></span> 
     </span>
     <span class='ocr_line' id='line_1_3' title="bbox 231 742 2434 831; baseline 0.002 -24"><span class='ocrx_word' id='word_1_14' title='bbox 231 746 340 831; x_wconf 73' lang='lat' dir='ltr'><strong>plet</strong></span> <span class='ocrx_word' id='word_1_15' title='bbox 360 743 489 808; x_wconf 62' lang='lat' dir='ltr'><strong>eim-</strong></span> <span class='ocrx_word' id='word_1_16' title='bbox 502 742 922 806; x_wconf 71' lang='lat' dir='ltr'><strong>rotunditatem</strong></span> <span class='ocrx_word' id='word_1_17' title='bbox 935 788 955 821; x_wconf 90' lang='lat'><em>‚</em></span> <span class='ocrx_word' id='word_1_18' title='bbox 986 750 1114 819; x_wconf 60' lang='lat' dir='ltr'><strong>aer,</strong></span> <span class='ocrx_word' id='word_1_19' title='bbox 1145 742 1460 806; x_wconf 64' lang='lat' dir='ltr'><strong>conclusus</strong></span> <span class='ocrx_word' id='word_1_20' title='bbox 1488 752 1819 807; x_wconf 75' lang='lat' dir='ltr'><strong><em>curvatura</em></strong></span> <span class='ocrx_word' id='word_1_21' title='bbox 1852 767 2047 831; x_wconf 76' lang='lat' dir='ltr'><strong>neque</strong></span> <span class='ocrx_word' id='word_1_22' title='bbox 2074 745 2299 811; x_wconf 73' lang='lat' dir='ltr'><strong>habens</strong></span> <span class='ocrx_word' id='word_1_23' title='bbox 2316 770 2434 831; x_wconf 78' lang='lat' dir='ltr'><strong>po-</strong></span> 
     </span>
     <span class='ocr_line' id='line_1_4' title="bbox 238 839 1565 927; baseline -0.003 -20"><span class='ocrx_word' id='word_1_24' title='bbox 238 852 469 907; x_wconf 70' lang='lat' dir='ltr'><strong>testatan</strong></span> <span class='ocrx_word' id='word_1_25' title='bbox 493 840 757 926; x_wconf 70' lang='lat' dir='ltr'><strong>vaqandc‘</strong></span> <span class='ocrx_word' id='word_1_26' title='bbox 772 887 790 918; x_wconf 90' lang='lat'><em>‚</em></span> <span class='ocrx_word' id='word_1_27' title='bbox 819 839 1116 903; x_wconf 73' lang='lat' dir='ltr'><strong>versando</strong></span> <span class='ocrx_word' id='word_1_28' title='bbox 1146 839 1537 927; x_wconf 72' lang='lat' dir='ltr'><strong>confervescit</strong></span> <span class='ocrx_word' id='word_1_29' title='bbox 1550 889 1565 903; x_wconf 91' lang='lat'><strong>.</strong></span> 
     </span>
    </p>

    <p class='ocr_par' dir='ltr' id='par_1_3' title="bbox 235 938 2443 2601">
     <span class='ocr_line' id='line_1_5' title="bbox 378 938 2435 1013; baseline 0.002 -11"><span class='ocrx_word' id='word_1_30' title='bbox 378 938 469 1002; x_wconf 89' lang='lat'><strong>90.</strong></span> <span class='ocrx_word' id='word_1_31' title='bbox 511 959 755 1013; x_wconf 75' lang='lat' dir='ltr'><strong>onon,</strong></span> <span class='ocrx_word' id='word_1_32' title='bbox 784 958 1072 1012; x_wconf 68' lang='lat' dir='ltr'><strong>rmum,</strong></span> <span class='ocrx_word' id='word_1_33' title='bbox 1100 956 1389 1013; x_wconf 53' lang='lat' dir='ltr'><strong>wiron,</strong></span> <span class='ocrx_word' id='word_1_34' title='bbox 1417 959 1685 1013; x_wconf 70' lang='lat' dir='ltr'><strong>Arous</strong></span> <span class='ocrx_word' id='word_1_35' title='bbox 1727 960 1923 1002; x_wconf 71' lang='grc' dir='ltr'><strong>ΛΜΑ</strong></span> <span class='ocrx_word' id='word_1_36' title='bbox 1963 962 2108 1005; x_wconf 73' lang='lat' dir='ltr'><strong>ass</strong></span> <span class='ocrx_word' id='word_1_37' title='bbox 2140 941 2435 1007; x_wconf 70' lang='lat' dir='ltr'><strong>Cons1-</strong></span> 
     </span>
     <span class='ocr_line' id='line_1_6' title="bbox 240 1040 2435 1116; baseline 0.003 -16"><span class='ocrx_word' id='word_1_38' title='bbox 240 1059 446 1101; x_wconf 59' lang='lat' dir='ltr'><strong>mass</strong></span> <span class='ocrx_word' id='word_1_39' title='bbox 479 1084 495 1112; x_wconf 91' lang='lat'>‚</span> <span class='ocrx_word' id='word_1_40' title='bbox 540 1057 728 1099; x_wconf 65' lang='lat' dir='ltr'><strong>mco</strong></span> <span class='ocrx_word' id='word_1_41' title='bbox 775 1057 1173 1099; x_wconf 54' lang='lat' dir='ltr'><strong>mrsuszm</strong></span> <span class='ocrx_word' id='word_1_42' title='bbox 1220 1058 1472 1101; x_wconf 76' lang='lat' dir='ltr'><strong>ansus</strong></span> <span class='ocrx_word' id='word_1_43' title='bbox 1518 1059 1961 1103; x_wconf 68' lang='lat' dir='ltr'><strong>Anunmmr</strong></span> <span class='ocrx_word' id='word_1_44' title='bbox 1995 1087 2011 1116; x_wconf 83' lang='lat'><strong>‚</strong></span> <span class='ocrx_word' id='word_1_45' title='bbox 2056 1040 2175 1105; x_wconf 83' lang='lat' dir='ltr'><strong>Ex</strong></span> <span class='ocrx_word' id='word_1_46' title='bbox 2223 1062 2435 1107; x_wconf 63' lang='lat' dir='ltr'><strong>Atro</strong></span> 
     </span>
     <span class='ocr_line' id='line_1_7' title="bbox 240 1137 2435 1210; baseline 0.004 -13"><span class='ocrx_word' id='word_1_47' title='bbox 240 1155 408 1210; x_wconf 67' lang='lat' dir='ltr'><strong>Qum</strong></span> <span class='ocrx_word' id='word_1_48' title='bbox 447 1155 605 1197; x_wconf 73' lang='lat' dir='ltr'><strong>nun</strong></span> <span class='ocrx_word' id='word_1_49' title='bbox 646 1154 1670 1210; x_wconf 70' lang='lat' dir='ltr'><strong>vnn1unr‚sxrnlnsncus</strong></span> <span class='ocrx_word' id='word_1_50' title='bbox 1710 1158 1974 1201; x_wconf 65' lang='lat' dir='ltr'><strong>ona-As</strong></span> <span class='ocrx_word' id='word_1_51' title='bbox 2019 1137 2435 1205; x_wconf 62' lang='lat' dir='ltr'><strong>Somnus—</strong></span> 
     </span>
     <span class='ocr_line' id='line_1_8' title="bbox 237 1230 2437 1319; baseline 0.004 -24"><span class='ocrx_word' id='word_1_52' title='bbox 237 1254 369 1296; x_wconf 75' lang='lat' dir='ltr'><strong>run</strong></span> <span class='ocrx_word' id='word_1_53' title='bbox 409 1254 549 1295; x_wconf 70' lang='lat' dir='ltr'><strong>rna</strong></span> <span class='ocrx_word' id='word_1_54' title='bbox 594 1254 784 1296; x_wconf 70' lang='lat' dir='ltr'><strong>mna</strong></span> <span class='ocrx_word' id='word_1_55' title='bbox 827 1253 1199 1295; x_wconf 71' lang='lat' dir='ltr'><strong>rnnxuu.</strong></span> <span class='ocrx_word' id='word_1_56' title='bbox 1245 1230 1607 1298; x_wconf 89' lang='lat' dir='ltr'><strong>Corrector</strong></span> <span class='ocrx_word' id='word_1_57' title='bbox 1649 1233 2009 1319; x_wconf 85' lang='lat' dir='ltr'><strong>quadrati,</strong></span> <span class='ocrx_word' id='word_1_58' title='bbox 2054 1236 2250 1314; x_wconf 79' lang='lat' dir='ltr'><strong>Itali,</strong></span> <span class='ocrx_word' id='word_1_59' title='bbox 2289 1237 2437 1303; x_wconf 87' lang='lat' dir='ltr'><strong>Bri-</strong></span> 
     </span>
     <span class='ocr_line' id='line_1_9' title="bbox 237 1330 2438 1425; baseline 0.003 -31"><span class='ocrx_word' id='word_1_60' title='bbox 237 1331 455 1397; x_wconf 85' lang='lat' dir='ltr'><strong>xicnsis</strong></span> <span class='ocrx_word' id='word_1_61' title='bbox 491 1330 746 1407; x_wconf 82' lang='lat' dir='ltr'><strong>editor,</strong></span> <span class='ocrx_word' id='word_1_62' title='bbox 785 1343 962 1420; x_wconf 63' lang='lat' dir='ltr'><strong>atque</strong></span> <span class='ocrx_word' id='word_1_63' title='bbox 1003 1351 1248 1395; x_wconf 69' lang='lat' dir='ltr'><strong>AmAE</strong></span> <span class='ocrx_word' id='word_1_64' title='bbox 1289 1355 1430 1397; x_wconf 76' lang='lat' dir='ltr'><strong>res.</strong></span> <span class='ocrx_word' id='word_1_65' title='bbox 1474 1339 1619 1395; x_wconf 88' lang='lat' dir='ltr'><strong>tum</strong></span> <span class='ocrx_word' id='word_1_66' title='bbox 1646 1331 2009 1399; x_wconf 82' lang='lat' dir='ltr'>Lambinus</span> <span class='ocrx_word' id='word_1_67' title='bbox 2051 1333 2141 1399; x_wconf 87' lang='lat' dir='ltr'><strong>ad</strong></span> <span class='ocrx_word' id='word_1_68' title='bbox 2181 1336 2438 1425; x_wconf 57' lang='lat' dir='ltr'><strong>dff‘ff&#39;nsae</strong></span> 
     </span>
     <span class='ocr_line' id='line_1_10' title="bbox 237 1428 2438 1516; baseline 0.003 -24"><span class='ocrx_word' id='word_1_69' title='bbox 237 1438 394 1494; x_wconf 88' lang='lat' dir='ltr'><strong>recte</strong></span> <span class='ocrx_word' id='word_1_70' title='bbox 445 1429 709 1495; x_wconf 76' lang='lat' dir='ltr'><strong>addidit</strong></span> <span class='ocrx_word' id='word_1_71' title='bbox 759 1455 847 1496; x_wconf 82' lang='lat' dir='ltr'><strong>e.-</strong></span> <span class='ocrx_word' id='word_1_72' title='bbox 901 1429 1063 1493; x_wconf 91' lang='lat' dir='ltr'><strong>mihi</strong></span> <span class='ocrx_word' id='word_1_73' title='bbox 1120 1430 1342 1516; x_wconf 84' lang='lat' dir='ltr'><strong>aptius</strong></span> <span class='ocrx_word' id='word_1_74' title='bbox 1398 1428 1669 1494; x_wconf 80' lang='lat' dir='ltr'><strong>videtur</strong></span> <span class='ocrx_word' id='word_1_75' title='bbox 1724 1432 2043 1496; x_wconf 75' lang='lat' dir='ltr'><strong>seiunctis</strong></span> <span class='ocrx_word' id='word_1_76' title='bbox 2091 1433 2438 1499; x_wconf 85' lang='lat' dir='ltr'><strong>vocabulis</strong></span> 
     </span>
     <span class='ocr_line' id='line_1_11' title="bbox 239 1526 2440 1618; baseline 0.003 -26"><span class='ocrx_word' id='word_1_77' title='bbox 239 1529 409 1593; x_wconf 82' lang='lat' dir='ltr'><strong>scribi</strong></span> <span class='ocrx_word' id='word_1_78' title='bbox 442 1531 666 1618; x_wconf 59' lang='lat' dir='ltr'><strong>dffusa</strong></span> <span class='ocrx_word' id='word_1_79' title='bbox 693 1552 775 1593; x_wconf 88' lang='lat' dir='ltr'><strong>e.</strong></span> <span class='ocrx_word' id='word_1_80' title='bbox 818 1550 1025 1615; x_wconf 90' lang='lat' dir='ltr'><strong>porro</strong></span> <span class='ocrx_word' id='word_1_81' title='bbox 1055 1527 1418 1592; x_wconf 80' lang='lat' dir='ltr'><strong>Lambinus</strong></span> <span class='ocrx_word' id='word_1_82' title='bbox 1460 1535 1533 1592; x_wconf 91' lang='lat' dir='ltr'><strong>et</strong></span> <span class='ocrx_word' id='word_1_83' title='bbox 1561 1526 1863 1593; x_wconf 75' lang='lat' dir='ltr'><strong>Gifanius</strong></span> <span class='ocrx_word' id='word_1_84' title='bbox 1890 1529 2117 1594; x_wconf 86' lang='lat' dir='ltr'><strong>furtim</strong></span> <span class='ocrx_word' id='word_1_85' title='bbox 2146 1532 2289 1605; x_wconf 85' lang='lat' dir='ltr'><strong>sic,</strong></span> <span class='ocrx_word' id='word_1_86' title='bbox 2331 1532 2440 1598; x_wconf 67' lang='lat' dir='ltr'><strong>Em</strong></span> 
     </span>
     <span class='ocr_line' id='line_1_12' title="bbox 238 1627 2437 1714; baseline 0.002 -23"><span class='ocrx_word' id='word_1_87' title='bbox 238 1628 338 1691; x_wconf 73' lang='lat' dir='ltr'><strong>alto</strong></span> <span class='ocrx_word' id='word_1_88' title='bbox 371 1628 509 1714; x_wconf 73' lang='lat' dir='ltr'><strong>quia</strong></span> <span class='ocrx_word' id='word_1_89' title='bbox 548 1629 698 1691; x_wconf 83' lang='lat' dir='ltr'><strong>dum</strong></span> <span class='ocrx_word' id='word_1_90' title='bbox 733 1630 978 1692; x_wconf 73' lang='lat' dir='ltr'><strong>veniunt</strong></span> <span class='ocrx_word' id='word_1_91' title='bbox 1014 1629 1374 1693; x_wconf 72' lang='lat' dir='ltr'><strong>intrinsecus</strong></span> <span class='ocrx_word' id='word_1_92' title='bbox 1412 1637 1581 1691; x_wconf 79' lang='lat' dir='ltr'><strong>ortae</strong></span> <span class='ocrx_word' id='word_1_93' title='bbox 1603 1675 1622 1707; x_wconf 91' lang='lat'><strong><em>,</em></strong></span> <span class='ocrx_word' id='word_1_94' title='bbox 1664 1627 1852 1712; x_wconf 87' lang='lat' dir='ltr'><strong>quod</strong></span> <span class='ocrx_word' id='word_1_95' title='bbox 1894 1628 2289 1693; x_wconf 88' lang='lat' dir='ltr'><strong>simillimum</strong></span> <span class='ocrx_word' id='word_1_96' title='bbox 2334 1637 2437 1695; x_wconf 87' lang='lat' dir='ltr'><strong>est</strong></span> 
     </span>
     <span class='ocr_line' id='line_1_13' title="bbox 237 1725 2436 1817; baseline 0.003 -30"><span class='ocrx_word' id='word_1_97' title='bbox 237 1725 430 1789; x_wconf 82' lang='lat' dir='ltr'><strong>versui</strong></span> <span class='ocrx_word' id='word_1_98' title='bbox 453 1726 521 1789; x_wconf 91' lang='lat' dir='ltr'><strong>in</strong></span> <span class='ocrx_word' id='word_1_99' title='bbox 548 1726 722 1792; x_wconf 89' lang='lat' dir='ltr'><strong>libro</strong></span> <span class='ocrx_word' id='word_1_100' title='bbox 747 1747 818 1789; x_wconf 78' lang='lat' dir='ltr'><strong>vl</strong></span> <span class='ocrx_word' id='word_1_101' title='bbox 855 1725 1010 1789; x_wconf 89' lang='lat'>1141</span> <span class='ocrx_word' id='word_1_102' title='bbox 1033 1774 1050 1802; x_wconf 90' lang='lat'>‚</span> <span class='ocrx_word' id='word_1_103' title='bbox 1081 1727 1256 1791; x_wconf 86' lang='lat' dir='ltr'><strong>Nam</strong></span> <span class='ocrx_word' id='word_1_104' title='bbox 1271 1727 1518 1810; x_wconf 63' lang='lat' dir='ltr'><strong>pendat-3</strong></span> <span class='ocrx_word' id='word_1_105' title='bbox 1542 1727 1785 1790; x_wconf 70' lang='lat' dir='ltr'><strong>veniens</strong></span> <span class='ocrx_word' id='word_1_106' title='bbox 1803 1727 2310 1817; x_wconf 71' lang='lat' dir='ltr'><strong>Aeqyptifinihm</strong></span> <span class='ocrx_word' id='word_1_107' title='bbox 2336 1751 2436 1792; x_wconf 80' lang='lat' dir='ltr'><strong>or-</strong></span> 
     </span>
     <span class='ocr_line' id='line_1_14' title="bbox 238 1823 2437 1912; baseline 0.002 -25"><span class='ocrx_word' id='word_1_108' title='bbox 238 1833 346 1906; x_wconf 68' lang='lat' dir='ltr'><strong>tus,-</strong></span> <span class='ocrx_word' id='word_1_109' title='bbox 370 1824 508 1908; x_wconf 88' lang='lat' dir='ltr'><strong>pari</strong></span> <span class='ocrx_word' id='word_1_110' title='bbox 532 1824 602 1888; x_wconf 91' lang='lat' dir='ltr'><strong>in</strong></span> <span class='ocrx_word' id='word_1_111' title='bbox 631 1831 927 1910; x_wconf 89' lang='lat' dir='ltr'><strong>utroque</strong></span> <span class='ocrx_word' id='word_1_112' title='bbox 956 1844 1083 1888; x_wconf 90' lang='lat' dir='ltr'><strong>nec</strong></span> <span class='ocrx_word' id='word_1_113' title='bbox 1108 1823 1394 1888; x_wconf 84' lang='lat' dir='ltr'><strong>ferenda</strong></span> <span class='ocrx_word' id='word_1_114' title='bbox 1419 1824 1490 1887; x_wconf 87' lang='lat' dir='ltr'><strong>in</strong></span> <span class='ocrx_word' id='word_1_115' title='bbox 1519 1824 1798 1912; x_wconf 80' lang='lat' dir='ltr'><strong>simplici</strong></span> <span class='ocrx_word' id='word_1_116' title='bbox 1825 1826 2163 1890; x_wconf 86' lang='lat' dir='ltr'><strong>sententia</strong></span> <span class='ocrx_word' id='word_1_117' title='bbox 2190 1827 2437 1891; x_wconf 76' lang='lat' dir='ltr'><strong>oratio·</strong></span> 
     </span>
     <span class='ocr_line' id='line_1_15' title="bbox 239 1920 2443 2012; baseline 0.003 -28"><span class='ocrx_word' id='word_1_118' title='bbox 239 1921 324 1984; x_wconf 90' lang='lat' dir='ltr'><strong>nis</strong></span> <span class='ocrx_word' id='word_1_119' title='bbox 359 1920 762 1986; x_wconf 88' lang='lat' dir='ltr'><strong>abundantia</strong></span> <span class='ocrx_word' id='word_1_120' title='bbox 790 1971 805 1985; x_wconf 90' lang='lat'><strong>.</strong></span> <span class='ocrx_word' id='word_1_121' title='bbox 844 1945 922 1986; x_wconf 67' lang='lat' dir='ltr'><strong>em</strong></span> <span class='ocrx_word' id='word_1_122' title='bbox 964 1923 1088 1987; x_wconf 76' lang='lat' dir='ltr'><strong>alto</strong></span> <span class='ocrx_word' id='word_1_123' title='bbox 1131 1928 1200 1986; x_wconf 90' lang='lat' dir='ltr'><strong>et</strong></span> <span class='ocrx_word' id='word_1_124' title='bbox 1237 1924 1605 1987; x_wconf 59' lang='lat' dir='ltr'><strong>exta-insecus</strong></span> <span class='ocrx_word' id='word_1_125' title='bbox 1643 1923 1771 1988; x_wconf 85' lang='lat' dir='ltr'><strong>sibi</strong></span> <span class='ocrx_word' id='word_1_126' title='bbox 1807 1925 2089 1988; x_wconf 82' lang='lat' dir='ltr'><strong>invicem</strong></span> <span class='ocrx_word' id='word_1_127' title='bbox 2125 1925 2443 2012; x_wconf 84' lang='lat' dir='ltr'><strong>opposita</strong></span> 
     </span>
     <span class='ocr_line' id='line_1_16' title="bbox 239 2019 2438 2108; baseline 0.001 -26"><span class='ocrx_word' id='word_1_128' title='bbox 239 2040 363 2083; x_wconf 87' lang='lat' dir='ltr'><strong>esse</strong></span> <span class='ocrx_word' id='word_1_129' title='bbox 400 2021 578 2086; x_wconf 89' lang='lat' dir='ltr'><strong>solus</strong></span> <span class='ocrx_word' id='word_1_130' title='bbox 600 2019 1066 2085; x_wconf 88' lang='lat' dir='ltr'><strong>Wakefieldus</strong></span> <span class='ocrx_word' id='word_1_131' title='bbox 1098 2021 1122 2105; x_wconf 91' lang='lat'>(</span> <span class='ocrx_word' id='word_1_132' title='bbox 1139 2042 1290 2084; x_wconf 85' lang='lat' dir='ltr'><strong>nam</strong></span> <span class='ocrx_word' id='word_1_133' title='bbox 1321 2020 1462 2084; x_wconf 90' lang='lat' dir='ltr'><strong>eius</strong></span> <span class='ocrx_word' id='word_1_134' title='bbox 1492 2021 1786 2086; x_wconf 87' lang='lat' dir='ltr'><strong>asseclas</strong></span> <span class='ocrx_word' id='word_1_135' title='bbox 1813 2021 1978 2085; x_wconf 90' lang='lat' dir='ltr'><strong>nihil</strong></span> <span class='ocrx_word' id='word_1_136' title='bbox 2004 2024 2270 2108; x_wconf 89' lang='lat' dir='ltr'><strong>moror)</strong></span> <span class='ocrx_word' id='word_1_137' title='bbox 2300 2044 2438 2087; x_wconf 93' lang='lat' dir='ltr'><strong>non</strong></span> 
     </span>
     <span class='ocr_line' id='line_1_17' title="bbox 239 2116 2442 2207; baseline 0.002 -27"><span class='ocrx_word' id='word_1_138' title='bbox 239 2116 382 2183; x_wconf 90' lang='lat' dir='ltr'><strong>vidit</strong></span> <span class='ocrx_word' id='word_1_139' title='bbox 408 2143 421 2182; x_wconf 75' lang='grc' dir='ltr'><strong><em>ε</em></strong></span> <span class='ocrx_word' id='word_1_140' title='bbox 459 2119 614 2183; x_wconf 85' lang='lat' dir='ltr'><strong>huic</strong></span> <span class='ocrx_word' id='word_1_141' title='bbox 647 2119 818 2183; x_wconf 89' lang='lat' dir='ltr'><strong>enim</strong></span> <span class='ocrx_word' id='word_1_142' title='bbox 848 2121 1219 2185; x_wconf 62' lang='lat' dir='ltr'><strong>extrinseca-s·</strong></span> <span class='ocrx_word' id='word_1_143' title='bbox 1243 2118 1426 2183; x_wconf 82' lang='lat' dir='ltr'><strong>valet</strong></span> <span class='ocrx_word' id='word_1_144' title='bbox 1452 2118 1523 2183; x_wconf 91' lang='lat' dir='ltr'><strong>id</strong></span> <span class='ocrx_word' id='word_1_145' title='bbox 1555 2118 1743 2204; x_wconf 90' lang='lat' dir='ltr'><strong>quod</strong></span> <span class='ocrx_word' id='word_1_146' title='bbox 1754 2118 1942 2207; x_wconf 71' lang='lat' dir='ltr'><strong>foras</strong></span> <span class='ocrx_word' id='word_1_147' title='bbox 1968 2168 1983 2183; x_wconf 87' lang='lat'><strong>.</strong></span> <span class='ocrx_word' id='word_1_148' title='bbox 2030 2140 2191 2205; x_wconf 85' lang='lat' dir='ltr'><strong>ergo</strong></span> <span class='ocrx_word' id='word_1_149' title='bbox 2225 2169 2241 2196; x_wconf 88' lang='lat'>‚</span> <span class='ocrx_word' id='word_1_150' title='bbox 2284 2121 2442 2205; x_wconf 84' lang='lat' dir='ltr'><strong>quia</strong></span> 
     </span>
     <span class='ocr_line' id='line_1_18' title="bbox 239 2215 2437 2305; baseline 0.001 -25"><span class='ocrx_word' id='word_1_151' title='bbox 239 2215 310 2280; x_wconf 86' lang='lat' dir='ltr'><strong>de</strong></span> <span class='ocrx_word' id='word_1_152' title='bbox 345 2217 881 2305; x_wconf 77' lang='lat' dir='ltr'><strong>interpunctione</strong></span> <span class='ocrx_word' id='word_1_153' title='bbox 921 2217 1213 2281; x_wconf 85' lang='lat' dir='ltr'><strong>dubitari</strong></span> <span class='ocrx_word' id='word_1_154' title='bbox 1255 2237 1393 2280; x_wconf 89' lang='lat' dir='ltr'><strong>non</strong></span> <span class='ocrx_word' id='word_1_155' title='bbox 1435 2225 1671 2303; x_wconf 90' lang='lat' dir='ltr'><strong>potest</strong></span> <span class='ocrx_word' id='word_1_156' title='bbox 1694 2266 1711 2294; x_wconf 92' lang='lat'>‚</span> <span class='ocrx_word' id='word_1_157' title='bbox 1753 2228 1921 2282; x_wconf 79' lang='lat' dir='ltr'><strong>ortae</strong></span> <span class='ocrx_word' id='word_1_158' title='bbox 1946 2218 2259 2282; x_wconf 84' lang='lat' dir='ltr'><strong>vitiosum</strong></span> <span class='ocrx_word' id='word_1_159' title='bbox 2303 2226 2437 2283; x_wconf 88' lang='lat' dir='ltr'><strong>est.</strong></span> 
     </span>
     <span class='ocr_line' id='line_1_19' title="bbox 237 2313 2441 2401; baseline 0.001 -23"><span class='ocrx_word' id='word_1_160' title='bbox 237 2315 406 2398; x_wconf 88' lang='lat' dir='ltr'><strong>periit</strong></span> <span class='ocrx_word' id='word_1_161' title='bbox 439 2316 546 2382; x_wconf 92' lang='lat' dir='ltr'><strong>hic</strong></span> <span class='ocrx_word' id='word_1_162' title='bbox 573 2317 981 2383; x_wconf 86' lang='lat' dir='ltr'><strong>vocabulum</strong></span> <span class='ocrx_word' id='word_1_163' title='bbox 1007 2337 1168 2381; x_wconf 82' lang='lat' dir='ltr'><strong>vere</strong></span> <span class='ocrx_word' id='word_1_164' title='bbox 1197 2315 1671 2380; x_wconf 88' lang='lat' dir='ltr'><strong>Lucretianum</strong></span> <span class='ocrx_word' id='word_1_165' title='bbox 1689 2363 1706 2391; x_wconf 86' lang='lat'>‚</span> <span class='ocrx_word' id='word_1_166' title='bbox 1737 2313 1921 2401; x_wconf 89' lang='lat' dir='ltr'><strong>quod</strong></span> <span class='ocrx_word' id='word_1_167' title='bbox 1954 2317 2240 2381; x_wconf 81' lang='lat' dir='ltr'><strong>recurrit</strong></span> <span class='ocrx_word' id='word_1_168' title='bbox 2264 2316 2441 2381; x_wconf 80' lang='lat' dir='ltr'><strong>infra</strong></span> 
     </span>
     <span class='ocr_line' id='line_1_20' title="bbox 235 2412 2439 2503; baseline 0 -27"><span class='ocrx_word' id='word_1_169' title='bbox 235 2435 406 2479; x_wconf 85' lang='lat' dir='ltr'><strong>versu</strong></span> <span class='ocrx_word' id='word_1_170' title='bbox 442 2416 564 2481; x_wconf 86' lang='lat'><strong>329</strong></span> <span class='ocrx_word' id='word_1_171' title='bbox 590 2466 607 2493; x_wconf 91' lang='lat'>‚</span> <span class='ocrx_word' id='word_1_172' title='bbox 649 2417 1006 2481; x_wconf 61' lang='lat' dir='ltr'><strong>extrinseci?</strong></span> <span class='ocrx_word' id='word_1_173' title='bbox 1035 2435 1295 2479; x_wconf 72' lang='lat' dir='ltr'><strong>ron&#39;rs</strong></span> <span class='ocrx_word' id='word_1_174' title='bbox 1327 2414 1707 2479; x_wconf 70' lang='lat' dir='ltr'><strong>Scindtmtw·</strong></span> <span class='ocrx_word' id='word_1_175' title='bbox 1735 2436 1857 2499; x_wconf 79' lang='lat' dir='ltr'><strong>per</strong></span> <span class='ocrx_word' id='word_1_176' title='bbox 1896 2415 2012 2478; x_wconf 78' lang='lat' dir='ltr'><strong>iter</strong></span> <span class='ocrx_word' id='word_1_177' title='bbox 2036 2412 2280 2503; x_wconf 69' lang='lat' dir='ltr'><strong>flea-mn</strong></span> <span class='ocrx_word' id='word_1_178' title='bbox 2303 2462 2322 2494; x_wconf 88' lang='lat'><strong><em>,</em></strong></span> <span class='ocrx_word' id='word_1_179' title='bbox 2367 2414 2439 2478; x_wconf 86' lang='lat' dir='ltr'><strong>id</strong></span> 
     </span>
     <span class='ocr_line' id='line_1_21' title="bbox 237 2514 648 2601; baseline 0.01 -26"><span class='ocrx_word' id='word_1_180' title='bbox 237 2520 326 2577; x_wconf 86' lang='lat' dir='ltr'><strong>est</strong></span> <span class='ocrx_word' id='word_1_181' title='bbox 351 2514 612 2601; x_wconf 83' lang='lat' dir='ltr'><strong>oblique</strong></span> <span class='ocrx_word' id='word_1_182' title='bbox 632 2563 648 2579; x_wconf 92' lang='lat'><strong>.</strong></span> 
     </span>
    </p>

    <p class='ocr_par' dir='ltr' id='par_1_4' title="bbox 234 2610 2442 2997">
     <span class='ocr_line' id='line_1_22' title="bbox 373 2610 2442 2697; baseline -0 -20"><span class='ocrx_word' id='word_1_183' title='bbox 373 2612 466 2677; x_wconf 82' lang='lat'><strong>94.</strong></span> <span class='ocrx_word' id='word_1_184' title='bbox 490 2636 646 2691; x_wconf 71' lang='lat' dir='ltr'><strong>QuA</strong></span> <span class='ocrx_word' id='word_1_185' title='bbox 690 2632 1235 2677; x_wconf 63' lang='lat' dir='ltr'><strong>cona-nunnu-</strong></span> <span class='ocrx_word' id='word_1_186' title='bbox 1275 2632 1516 2675; x_wconf 68' lang='lat' dir='ltr'><strong>axum</strong></span> <span class='ocrx_word' id='word_1_187' title='bbox 1558 2632 1873 2676; x_wconf 71' lang='lat' dir='ltr'><strong>coonrA</strong></span> <span class='ocrx_word' id='word_1_188' title='bbox 1894 2660 1908 2675; x_wconf 90' lang='lat'><strong>.</strong></span> <span class='ocrx_word' id='word_1_189' title='bbox 1931 2610 2250 2697; x_wconf 90' lang='lat' dir='ltr'><strong>Impressi</strong></span> <span class='ocrx_word' id='word_1_190' title='bbox 2269 2612 2442 2676; x_wconf 87' lang='lat' dir='ltr'><strong>male</strong></span> 
     </span>
     <span class='ocr_line' id='line_1_23' title="bbox 236 2708 2441 2797; baseline -0 -23"><span class='ocrx_word' id='word_1_191' title='bbox 236 2713 563 2777; x_wconf 66' lang='lat' dir='ltr'><strong>ammzdaemt</strong></span> <span class='ocrx_word' id='word_1_192' title='bbox 589 2762 604 2776; x_wconf 90' lang='lat'><strong>.</strong></span> <span class='ocrx_word' id='word_1_193' title='bbox 651 2711 986 2797; x_wconf 82' lang='lat' dir='ltr'><strong>oblongus</strong></span> <span class='ocrx_word' id='word_1_194' title='bbox 1023 2710 1239 2796; x_wconf 85' lang='lat' dir='ltr'><strong>prima</strong></span> <span class='ocrx_word' id='word_1_195' title='bbox 1276 2731 1477 2773; x_wconf 84' lang='lat' dir='ltr'><strong>manu</strong></span> <span class='ocrx_word' id='word_1_196' title='bbox 1515 2710 1718 2774; x_wconf 77' lang='lat' dir='ltr'><strong>exiere</strong></span> <span class='ocrx_word' id='word_1_197' title='bbox 1745 2758 1762 2786; x_wconf 86' lang='lat'>‚</span> <span class='ocrx_word' id='word_1_198' title='bbox 1806 2708 1992 2795; x_wconf 91' lang='lat' dir='ltr'><strong>quod</strong></span> <span class='ocrx_word' id='word_1_199' title='bbox 2031 2716 2263 2796; x_wconf 86' lang='lat' dir='ltr'><strong>potest</strong></span> <span class='ocrx_word' id='word_1_200' title='bbox 2292 2731 2441 2774; x_wconf 88' lang='lat' dir='ltr'><strong>esse</strong></span> 
     </span>
     <span class='ocr_line' id='line_1_24' title="bbox 234 2806 2442 2897; baseline 0 -25"><span class='ocrx_word' id='word_1_201' title='bbox 234 2811 408 2874; x_wconf 64' lang='lat' dir='ltr'><strong>aveir-e</strong></span> <span class='ocrx_word' id='word_1_202' title='bbox 437 2860 450 2874; x_wconf 89' lang='lat'><strong><em>.</em></strong></span> <span class='ocrx_word' id='word_1_203' title='bbox 495 2809 870 2897; x_wconf 87' lang='lat' dir='ltr'><strong>quadratus</strong></span> <span class='ocrx_word' id='word_1_204' title='bbox 912 2820 1109 2876; x_wconf 76' lang='lat' dir='ltr'><strong>com-te</strong></span> <span class='ocrx_word' id='word_1_205' title='bbox 1136 2835 1157 2873; x_wconf 93' lang='lat'><strong>.·</strong></span> <span class='ocrx_word' id='word_1_206' title='bbox 1202 2807 1324 2873; x_wconf 91' lang='lat' dir='ltr'><strong>sed</strong></span> <span class='ocrx_word' id='word_1_207' title='bbox 1363 2807 1436 2871; x_wconf 92' lang='lat' dir='ltr'><strong>id</strong></span> <span class='ocrx_word' id='word_1_208' title='bbox 1467 2806 1657 2892; x_wconf 91' lang='lat' dir='ltr'><strong>quod</strong></span> <span class='ocrx_word' id='word_1_209' title='bbox 1686 2808 2018 2894; x_wconf 84' lang='lat' dir='ltr'><strong>oblongus</strong></span> <span class='ocrx_word' id='word_1_210' title='bbox 2049 2815 2118 2872; x_wconf 87' lang='lat' dir='ltr'><strong>et</strong></span> <span class='ocrx_word' id='word_1_211' title='bbox 2143 2808 2294 2873; x_wconf 84' lang='lat' dir='ltr'><strong>Itali</strong></span> <span class='ocrx_word' id='word_1_212' title='bbox 2322 2809 2442 2873; x_wconf 87' lang='lat' dir='ltr'><strong>ha-</strong></span> 
     </span>
     <span class='ocr_line' id='line_1_25' title="bbox 235 2906 1596 2997; baseline -0.001 -27"><span class='ocrx_word' id='word_1_213' title='bbox 235 2906 375 2972; x_wconf 82' lang='lat' dir='ltr'><strong>bent</strong></span> <span class='ocrx_word' id='word_1_214' title='bbox 400 2910 694 2974; x_wconf 88' lang='lat' dir='ltr'><strong>concinit</strong></span> <span class='ocrx_word' id='word_1_215' title='bbox 723 2930 872 2973; x_wconf 91' lang='lat' dir='ltr'><strong>cum</strong></span> <span class='ocrx_word' id='word_1_216' title='bbox 899 2910 1125 2997; x_wconf 58' lang='lat' dir='ltr'><strong>diffusa</strong></span> <span class='ocrx_word' id='word_1_217' title='bbox 1150 2907 1220 2972; x_wconf 91' lang='lat' dir='ltr'><strong>in</strong></span> <span class='ocrx_word' id='word_1_218' title='bbox 1248 2928 1452 2974; x_wconf 85' lang='lat' dir='ltr'><strong>versu</strong></span> <span class='ocrx_word' id='word_1_219' title='bbox 1480 2907 1558 2970; x_wconf 85' lang='lat'><strong>91</strong></span> <span class='ocrx_word' id='word_1_220' title='bbox 1581 2955 1596 2969; x_wconf 90' lang='lat'><strong>.</strong></span> 
     </span>
    </p>

    <p class='ocr_par' dir='ltr' id='par_1_5' title="bbox 219 3006 2471 4456">
     <span class='ocr_line' id='line_1_26' title="bbox 372 3006 2443 3085; baseline -0 -14"><span class='ocrx_word' id='word_1_221' title='bbox 372 3007 465 3071; x_wconf 85' lang='lat'><strong>97.</strong></span> <span class='ocrx_word' id='word_1_222' title='bbox 507 3007 943 3073; x_wconf 75' lang='lat' dir='ltr'><strong>Posramuo</strong></span> <span class='ocrx_word' id='word_1_223' title='bbox 985 3027 1376 3070; x_wconf 68' lang='lat' dir='ltr'><strong>siu-:cums</strong></span> <span class='ocrx_word' id='word_1_224' title='bbox 1423 3043 1495 3053; x_wconf 95' lang='lat'>—</span> <span class='ocrx_word' id='word_1_225' title='bbox 1547 3006 1778 3085; x_wconf 71' lang='lat' dir='ltr'><strong>QUAE</strong></span> <span class='ocrx_word' id='word_1_226' title='bbox 1822 3025 2146 3081; x_wconf 68' lang='lat' dir='ltr'><strong>eunoun</strong></span> <span class='ocrx_word' id='word_1_227' title='bbox 2188 3027 2443 3070; x_wconf 77' lang='lat' dir='ltr'>APPA-</span> 
     </span>
     <span class='ocr_line' id='line_1_27' title="bbox 232 3105 2443 3193; baseline 0.002 -27"><span class='ocrx_word' id='word_1_228' title='bbox 232 3124 410 3170; x_wconf 62' lang='grc' dir='ltr'><strong>κεπτ</strong></span> <span class='ocrx_word' id='word_1_229' title='bbox 428 3155 442 3169; x_wconf 92' lang='grc'><strong>.</strong></span> <span class='ocrx_word' id='word_1_230' title='bbox 471 3106 576 3172; x_wconf 91' lang='lat' dir='ltr'><strong>Ita</strong></span> <span class='ocrx_word' id='word_1_231' title='bbox 595 3128 803 3172; x_wconf 80' lang='lat' dir='ltr'><strong>versu</strong></span> <span class='ocrx_word' id='word_1_232' title='bbox 825 3105 943 3169; x_wconf 86' lang='lat'><strong>331</strong></span> <span class='ocrx_word' id='word_1_233' title='bbox 971 3106 1262 3170; x_wconf 57' lang='lat' dir='ltr'><strong>Pluribus</strong></span> <span class='ocrx_word' id='word_1_234' title='bbox 1287 3105 1438 3172; x_wconf 72' lang='lat' dir='ltr'><strong>haec</strong></span> <span class='ocrx_word' id='word_1_235' title='bbox 1463 3109 1723 3193; x_wconf 74' lang='lat' dir='ltr'><strong>speculis</strong></span> <span class='ocrx_word' id='word_1_236' title='bbox 1748 3108 2072 3171; x_wconf 74' lang='lat' dir='ltr'><strong>videantur</strong></span> <span class='ocrx_word' id='word_1_237' title='bbox 2097 3109 2166 3170; x_wconf 79' lang='lat' dir='ltr'><strong>in</strong></span> <span class='ocrx_word' id='word_1_238' title='bbox 2192 3107 2443 3171; x_wconf 67' lang='lat' dir='ltr'><strong>aedibus</strong></span> 
     </span>
     <span class='ocr_line' id='line_1_28' title="bbox 229 3202 2443 3293; baseline 0.002 -27"><span class='ocrx_word' id='word_1_239' title='bbox 229 3225 338 3268; x_wconf 70' lang='lat' dir='ltr'><strong>esse</strong></span> <span class='ocrx_word' id='word_1_240' title='bbox 353 3253 366 3266; x_wconf 91' lang='lat'><strong>.</strong></span> <span class='ocrx_word' id='word_1_241' title='bbox 407 3205 601 3293; x_wconf 78' lang='lat' dir='ltr'><strong>Usque</strong></span> <span class='ocrx_word' id='word_1_242' title='bbox 632 3205 788 3269; x_wconf 86' lang='lat' dir='ltr'><strong>adeo</strong></span> <span class='ocrx_word' id='word_1_243' title='bbox 814 3205 1056 3290; x_wconf 78' lang='lat' dir='ltr'><strong>speculo</strong></span> <span class='ocrx_word' id='word_1_244' title='bbox 1082 3205 1150 3268; x_wconf 79' lang='lat' dir='ltr'><strong>in</strong></span> <span class='ocrx_word' id='word_1_245' title='bbox 1175 3206 1485 3290; x_wconf 52' lang='lat' dir='ltr'><strong>spectabam</strong></span> <span class='ocrx_word' id='word_1_246' title='bbox 1511 3206 1840 3271; x_wconf 73' lang='lat' dir='ltr'><strong>translucet</strong></span> <span class='ocrx_word' id='word_1_247' title='bbox 1864 3207 2070 3290; x_wconf 77' lang='lat' dir='ltr'><strong>imaqo</strong></span> <span class='ocrx_word' id='word_1_248' title='bbox 2101 3254 2115 3268; x_wconf 92' lang='lat'><strong>.</strong></span> <span class='ocrx_word' id='word_1_249' title='bbox 2157 3202 2443 3270; x_wconf 86' lang='lat' dir='ltr'><strong>Ovidius</strong></span> 
     </span>
     <span class='ocr_line' id='line_1_29' title="bbox 233 3299 2447 3389; baseline 0.002 -26"><span class='ocrx_word' id='word_1_250' title='bbox 233 3299 290 3363; x_wconf 88' lang='lat' dir='ltr'><strong>in</strong></span> <span class='ocrx_word' id='word_1_251' title='bbox 324 3303 477 3368; x_wconf 88' lang='lat' dir='ltr'><strong>artis</strong></span> <span class='ocrx_word' id='word_1_252' title='bbox 515 3302 882 3368; x_wconf 81' lang='lat' dir='ltr'><strong>amatoriae</strong></span> <span class='ocrx_word' id='word_1_253' title='bbox 923 3325 1021 3379; x_wconf 89' lang='lat'>111,</span> <span class='ocrx_word' id='word_1_254' title='bbox 1050 3303 1169 3368; x_wconf 83' lang='lat'><strong>681</strong></span> <span class='ocrx_word' id='word_1_255' title='bbox 1219 3303 1563 3389; x_wconf 77' lang='lat' dir='ltr'><strong>Praecipue</strong></span> <span class='ocrx_word' id='word_1_256' title='bbox 1601 3305 1658 3368; x_wconf 72' lang='grc' dir='ltr'><strong>εἰ</strong></span> <span class='ocrx_word' id='word_1_257' title='bbox 1696 3305 1893 3368; x_wconf 63' lang='lat' dir='ltr'><strong>adam</strong></span> <span class='ocrx_word' id='word_1_258' title='bbox 1933 3303 2051 3368; x_wconf 76' lang='lat' dir='ltr'><strong>erit</strong></span> <span class='ocrx_word' id='word_1_259' title='bbox 2086 3304 2447 3389; x_wconf 68' lang='lat' dir='ltr'><strong>speculoque</strong></span> 
     </span>
     <span class='ocr_line' id='line_1_30' title="bbox 225 3400 2451 3488; baseline -0 -22"><span class='ocrx_word' id='word_1_260' title='bbox 225 3401 496 3484; x_wconf 74' lang='lat' dir='ltr'><strong>placebit,</strong></span> <span class='ocrx_word' id='word_1_261' title='bbox 523 3404 714 3468; x_wconf 72' lang='lat' dir='ltr'><strong>Posse</strong></span> <span class='ocrx_word' id='word_1_262' title='bbox 737 3424 848 3467; x_wconf 77' lang='lat' dir='ltr'><strong>suo</strong></span> <span class='ocrx_word' id='word_1_263' title='bbox 878 3403 1046 3488; x_wconf 70' lang='lat' dir='ltr'><strong>tanqi</strong></span> <span class='ocrx_word' id='word_1_264' title='bbox 1075 3403 1276 3466; x_wconf 78' lang='lat' dir='ltr'><strong>credet</strong></span> <span class='ocrx_word' id='word_1_265' title='bbox 1302 3425 1510 3467; x_wconf 80' lang='lat' dir='ltr'><strong>amore</strong></span> <span class='ocrx_word' id='word_1_266' title='bbox 1539 3404 1687 3467; x_wconf 72' lang='lat' dir='ltr'><strong>deas</strong></span> <span class='ocrx_word' id='word_1_267' title='bbox 1704 3452 1718 3466; x_wconf 92' lang='lat'><strong>.</strong></span> <span class='ocrx_word' id='word_1_268' title='bbox 1749 3402 2076 3467; x_wconf 80' lang='lat' dir='ltr'><strong>Martialis</strong></span> <span class='ocrx_word' id='word_1_269' title='bbox 2106 3401 2278 3478; x_wconf 86' lang='lat'><strong>11‚66</strong></span> <span class='ocrx_word' id='word_1_270' title='bbox 2308 3400 2451 3465; x_wconf 86' lang='lat' dir='ltr'><strong>Hoc</strong></span> 
     </span>
     <span class='ocr_line' id='line_1_31' title="bbox 219 3487 2471 3588; baseline 0.001 -26"><span class='ocrx_word' id='word_1_271' title='bbox 219 3496 450 3583; x_wconf 72' lang='lat' dir='ltr'><strong>facinus</strong></span> <span class='ocrx_word' id='word_1_272' title='bbox 478 3502 728 3588; x_wconf 72' lang='lat' dir='ltr'><strong>Lalaqe</strong></span> <span class='ocrx_word' id='word_1_273' title='bbox 765 3501 1008 3588; x_wconf 78' lang='lat' dir='ltr'><strong>speculo</strong></span> <span class='ocrx_word' id='word_1_274' title='bbox 1048 3501 1216 3588; x_wconf 73' lang='lat' dir='ltr'><strong>quod</strong></span> <span class='ocrx_word' id='word_1_275' title='bbox 1248 3501 1485 3565; x_wconf 75' lang='lat' dir='ltr'><strong>viderat</strong></span> <span class='ocrx_word' id='word_1_276' title='bbox 1511 3550 1526 3564; x_wconf 93' lang='lat'><strong>.</strong></span> <span class='ocrx_word' id='word_1_277' title='bbox 1570 3500 1895 3565; x_wconf 83' lang='lat' dir='ltr'><strong>Horatius</strong></span> <span class='ocrx_word' id='word_1_278' title='bbox 1937 3508 2160 3565; x_wconf 90' lang='lat' dir='ltr'><strong>utrum</strong></span> <span class='ocrx_word' id='word_1_279' title='bbox 2200 3501 2270 3564; x_wconf 88' lang='lat' dir='ltr'><strong>in</strong></span> <span class='ocrx_word' id='word_1_280' title='bbox 2299 3487 2471 3564; x_wconf 67' lang='lat' dir='ltr'><strong>car-⁸</strong></span> 
     </span>
     <span class='ocr_line' id='line_1_32' title="bbox 233 3598 2449 3688; baseline 0.001 -27"><span class='ocrx_word' id='word_1_281' title='bbox 233 3598 454 3664; x_wconf 91' lang='lat' dir='ltr'><strong>minum</strong></span> <span class='ocrx_word' id='word_1_282' title='bbox 491 3623 582 3678; x_wconf 77' lang='lat' dir='ltr'><strong>xv,</strong></span> <span class='ocrx_word' id='word_1_283' title='bbox 606 3601 686 3666; x_wconf 84' lang='lat'><strong>10</strong></span> <span class='ocrx_word' id='word_1_284' title='bbox 726 3621 876 3665; x_wconf 89' lang='lat' dir='ltr'><strong>cum</strong></span> <span class='ocrx_word' id='word_1_285' title='bbox 914 3600 1416 3688; x_wconf 84' lang='lat' dir='ltr'><strong>praepositione</strong></span> <span class='ocrx_word' id='word_1_286' title='bbox 1455 3601 1727 3686; x_wconf 71' lang='lat' dir='ltr'><strong>quotiens</strong></span> <span class='ocrx_word' id='word_1_287' title='bbox 1763 3610 1819 3664; x_wconf 76' lang='lat' dir='ltr'><strong>te</strong></span> <span class='ocrx_word' id='word_1_288' title='bbox 1856 3602 1924 3664; x_wconf 78' lang='lat' dir='ltr'><strong>in</strong></span> <span class='ocrx_word' id='word_1_289' title='bbox 1959 3601 2200 3686; x_wconf 76' lang='lat' dir='ltr'><strong>speculo</strong></span> <span class='ocrx_word' id='word_1_290' title='bbox 2225 3600 2449 3664; x_wconf 71' lang='lat' dir='ltr'><strong>videris</strong></span> 
     </span>
     <span class='ocr_line' id='line_1_33' title="bbox 231 3696 2447 3786; baseline 0 -25"><span class='ocrx_word' id='word_1_291' title='bbox 231 3696 466 3762; x_wconf 77' lang='lat' dir='ltr'><strong>alter-um</strong></span> <span class='ocrx_word' id='word_1_292' title='bbox 502 3721 591 3763; x_wconf 86' lang='lat' dir='ltr'><strong>an</strong></span> <span class='ocrx_word' id='word_1_293' title='bbox 631 3710 688 3764; x_wconf 79' lang='lat' dir='ltr'><strong>te</strong></span> <span class='ocrx_word' id='word_1_294' title='bbox 723 3701 966 3785; x_wconf 72' lang='lat' dir='ltr'><strong>speculo</strong></span> <span class='ocrx_word' id='word_1_295' title='bbox 1005 3699 1149 3768; x_wconf 81' lang='lat' dir='ltr'><strong>sine</strong></span> <span class='ocrx_word' id='word_1_296' title='bbox 1187 3697 1690 3786; x_wconf 84' lang='lat' dir='ltr'><strong>praepositione</strong></span> <span class='ocrx_word' id='word_1_297' title='bbox 1733 3699 2085 3784; x_wconf 87' lang='lat' dir='ltr'><strong>scripserit</strong></span> <span class='ocrx_word' id='word_1_298' title='bbox 2125 3720 2275 3762; x_wconf 89' lang='lat' dir='ltr'><strong>cum</strong></span> <span class='ocrx_word' id='word_1_299' title='bbox 2307 3719 2447 3762; x_wconf 90' lang='lat' dir='ltr'><strong>non</strong></span> 
     </span>
     <span class='ocr_line' id='line_1_34' title="bbox 233 3789 2449 3882; baseline 0.001 -25"><span class='ocrx_word' id='word_1_300' title='bbox 233 3794 379 3859; x_wconf 85' lang='lat' dir='ltr'><strong>satis</strong></span> <span class='ocrx_word' id='word_1_301' title='bbox 420 3804 690 3862; x_wconf 87' lang='lat' dir='ltr'><strong>constet</strong></span> <span class='ocrx_word' id='word_1_302' title='bbox 715 3845 732 3873; x_wconf 93' lang='lat'>‚</span> <span class='ocrx_word' id='word_1_303' title='bbox 776 3796 1065 3861; x_wconf 89' lang='lat' dir='ltr'><strong>Orellius</strong></span> <span class='ocrx_word' id='word_1_304' title='bbox 1106 3796 1387 3860; x_wconf 90' lang='lat' dir='ltr'><strong>alterum</strong></span> <span class='ocrx_word' id='word_1_305' title='bbox 1429 3796 1679 3882; x_wconf 86' lang='lat' dir='ltr'><strong>probat</strong></span> <span class='ocrx_word' id='word_1_306' title='bbox 1710 3845 1727 3873; x_wconf 90' lang='lat'>,</span> <span class='ocrx_word' id='word_1_307' title='bbox 1760 3789 1873 3860; x_wconf 87' lang='lat' dir='ltr'><strong>‘ne</strong></span> <span class='ocrx_word' id='word_1_308' title='bbox 1907 3795 2195 3861; x_wconf 84' lang='lat' dir='ltr'><strong>elidatur</strong></span> <span class='ocrx_word' id='word_1_309' title='bbox 2229 3797 2308 3860; x_wconf 68' lang='grc' dir='ltr'><strong>ιε’</strong></span> <span class='ocrx_word' id='word_1_310' title='bbox 2349 3796 2449 3859; x_wconf 87' lang='lat' dir='ltr'><strong>in·</strong></span> 
     </span>
     <span class='ocr_line' id='line_1_35' title="bbox 233 3893 2452 3976; baseline -0 -18"><span class='ocrx_word' id='word_1_311' title='bbox 233 3893 364 3976; x_wconf 78' lang='lat' dir='ltr'><strong>quit</strong></span> <span class='ocrx_word' id='word_1_312' title='bbox 391 3944 406 3970; x_wconf 93' lang='lat'>,</span> <span class='ocrx_word' id='word_1_313' title='bbox 444 3894 625 3960; x_wconf 89' lang='lat' dir='ltr'><strong>idem</strong></span> <span class='ocrx_word' id='word_1_314' title='bbox 664 3897 735 3961; x_wconf 93' lang='lat' dir='ltr'><strong>in</strong></span> <span class='ocrx_word' id='word_1_315' title='bbox 774 3896 947 3961; x_wconf 89' lang='lat' dir='ltr'><strong>libro</strong></span> <span class='ocrx_word' id='word_1_316' title='bbox 979 3895 1178 3971; x_wconf 85' lang='lat'>111‚29</span> <span class='ocrx_word' id='word_1_317' title='bbox 1218 3917 1358 3959; x_wconf 91' lang='lat' dir='ltr'><strong>non</strong></span> <span class='ocrx_word' id='word_1_318' title='bbox 1399 3894 1749 3960; x_wconf 87' lang='lat' dir='ltr'><strong>offendens</strong></span> <span class='ocrx_word' id='word_1_319' title='bbox 1778 3894 1869 3960; x_wconf 87' lang='lat' dir='ltr'><strong>ad</strong></span> <span class='ocrx_word' id='word_1_320' title='bbox 1894 3894 2063 3960; x_wconf 90' lang='lat' dir='ltr'><strong>illud</strong></span> <span class='ocrx_word' id='word_1_321' title='bbox 2099 3895 2327 3961; x_wconf 73' lang='lat' dir='ltr'><strong>Virtute</strong></span> <span class='ocrx_word' id='word_1_322' title='bbox 2352 3916 2452 3957; x_wconf 82' lang='lat' dir='ltr'><strong>me</strong></span> 
     </span>
     <span class='ocr_line' id='line_1_36' title="bbox 231 3990 2448 4082; baseline 0.001 -31"><span class='ocrx_word' id='word_1_323' title='bbox 231 3990 444 4059; x_wconf 76' lang='lat' dir='ltr'><strong>involvo</strong></span> <span class='ocrx_word' id='word_1_324' title='bbox 459 4045 478 4075; x_wconf 87' lang='lat'><strong><em>,</em></strong></span> <span class='ocrx_word' id='word_1_325' title='bbox 507 4017 730 4082; x_wconf 89' lang='lat' dir='ltr'><strong>neque</strong></span> <span class='ocrx_word' id='word_1_326' title='bbox 760 3995 829 4059; x_wconf 91' lang='lat' dir='ltr'><strong>in</strong></span> <span class='ocrx_word' id='word_1_327' title='bbox 860 3993 1083 4081; x_wconf 90' lang='lat' dir='ltr'><strong>epodo</strong></span> <span class='ocrx_word' id='word_1_328' title='bbox 1116 3994 1349 4079; x_wconf 90' lang='lat' dir='ltr'><strong>quinto</strong></span> <span class='ocrx_word' id='word_1_329' title='bbox 1380 3993 1493 4057; x_wconf 91' lang='lat' dir='ltr'><strong>ubi</strong></span> <span class='ocrx_word' id='word_1_330' title='bbox 1526 4001 1633 4059; x_wconf 87' lang='lat' dir='ltr'><strong>est</strong></span> <span class='ocrx_word' id='word_1_331' title='bbox 1662 3993 1828 4074; x_wconf 76' lang='lat' dir='ltr'><strong>Quid</strong></span> <span class='ocrx_word' id='word_1_332' title='bbox 1851 4005 1921 4059; x_wconf 75' lang='lat' dir='ltr'><strong>ut</strong></span> <span class='ocrx_word' id='word_1_333' title='bbox 1942 4016 2204 4059; x_wconf 81' lang='lat' dir='ltr'><strong>noverca</strong></span> <span class='ocrx_word' id='word_1_334' title='bbox 2229 4015 2326 4056; x_wconf 84' lang='lat' dir='ltr'><strong>me</strong></span> <span class='ocrx_word' id='word_1_335' title='bbox 2354 3993 2448 4055; x_wconf 79' lang='lat' dir='ltr'><strong>in-</strong></span> 
     </span>
     <span class='ocr_line' id='line_1_37' title="bbox 231 4090 2452 4181; baseline -0 -28"><span class='ocrx_word' id='word_1_336' title='bbox 231 4092 400 4155; x_wconf 60' lang='lat' dir='ltr'><strong>m</strong></span> <span class='ocrx_word' id='word_1_337' title='bbox 425 4141 439 4155; x_wconf 91' lang='lat'><strong>.</strong></span> <span class='ocrx_word' id='word_1_338' title='bbox 482 4101 758 4181; x_wconf 87' lang='lat' dir='ltr'><strong>poterat</strong></span> <span class='ocrx_word' id='word_1_339' title='bbox 800 4095 971 4158; x_wconf 87' lang='lat' dir='ltr'><strong>scire</strong></span> <span class='ocrx_word' id='word_1_340' title='bbox 1013 4095 1085 4157; x_wconf 89' lang='lat' dir='ltr'><strong>in</strong></span> <span class='ocrx_word' id='word_1_341' title='bbox 1127 4099 1369 4178; x_wconf 88' lang='lat' dir='ltr'><strong>quarto</strong></span> <span class='ocrx_word' id='word_1_342' title='bbox 1414 4092 1778 4157; x_wconf 87' lang='lat' dir='ltr'><strong>carminum</strong></span> <span class='ocrx_word' id='word_1_343' title='bbox 1805 4092 1976 4157; x_wconf 90' lang='lat' dir='ltr'><strong>libro</strong></span> <span class='ocrx_word' id='word_1_344' title='bbox 2007 4091 2280 4156; x_wconf 83' lang='lat' dir='ltr'><strong>vocales</strong></span> <span class='ocrx_word' id='word_1_345' title='bbox 2309 4090 2452 4154; x_wconf 92' lang='lat' dir='ltr'><strong>lon-</strong></span> 
     </span>
     <span class='ocr_line' id='line_1_38' title="bbox 232 4187 2448 4278; baseline -0.002 -23"><span class='ocrx_word' id='word_1_346' title='bbox 232 4205 340 4271; x_wconf 82' lang='lat' dir='ltr'><strong>gas</strong></span> <span class='ocrx_word' id='word_1_347' title='bbox 375 4212 512 4256; x_wconf 90' lang='lat' dir='ltr'><strong>non</strong></span> <span class='ocrx_word' id='word_1_348' title='bbox 558 4192 714 4258; x_wconf 89' lang='lat' dir='ltr'><strong>elidi</strong></span> <span class='ocrx_word' id='word_1_349' title='bbox 748 4242 764 4270; x_wconf 88' lang='lat'>‚</span> <span class='ocrx_word' id='word_1_350' title='bbox 803 4213 1026 4278; x_wconf 87' lang='lat' dir='ltr'><strong>neque</strong></span> <span class='ocrx_word' id='word_1_351' title='bbox 1065 4200 1183 4257; x_wconf 89' lang='lat' dir='ltr'><strong>aut</strong></span> <span class='ocrx_word' id='word_1_352' title='bbox 1221 4192 1289 4256; x_wconf 91' lang='lat' dir='ltr'><strong>in</strong></span> <span class='ocrx_word' id='word_1_353' title='bbox 1325 4192 1615 4256; x_wconf 86' lang='lat' dir='ltr'><strong>carmine</strong></span> <span class='ocrx_word' id='word_1_354' title='bbox 1644 4192 1846 4257; x_wconf 89' lang='lat' dir='ltr'><strong>tertio</strong></span> <span class='ocrx_word' id='word_1_355' title='bbox 1877 4194 1965 4256; x_wconf 77' lang='lat' dir='ltr'><strong>tui</strong></span> <span class='ocrx_word' id='word_1_356' title='bbox 1991 4202 2078 4257; x_wconf 76' lang='lat' dir='ltr'><strong>est</strong></span> <span class='ocrx_word' id='word_1_357' title='bbox 2100 4187 2448 4254; x_wconf 85' lang='lat' dir='ltr'><strong>ferendum</strong></span> 
     </span>
     <span class='ocr_line' id='line_1_39' title="bbox 233 4286 2452 4378; baseline -0.002 -25"><span class='ocrx_word' id='word_1_358' title='bbox 233 4305 367 4353; x_wconf 82' lang='lat' dir='ltr'><strong>esse</strong></span> <span class='ocrx_word' id='word_1_359' title='bbox 396 4291 608 4356; x_wconf 87' lang='lat' dir='ltr'><strong>autin</strong></span> <span class='ocrx_word' id='word_1_360' title='bbox 641 4314 823 4357; x_wconf 90' lang='lat' dir='ltr'><strong>nono</strong></span> <span class='ocrx_word' id='word_1_361' title='bbox 857 4293 1032 4357; x_wconf 65' lang='lat' dir='ltr'><strong>Voltu</strong></span> <span class='ocrx_word' id='word_1_362' title='bbox 1058 4304 1117 4358; x_wconf 79' lang='lat' dir='ltr'><strong>et</strong></span> <span class='ocrx_word' id='word_1_363' title='bbox 1131 4316 1277 4378; x_wconf 80' lang='lat' dir='ltr'><strong>per,</strong></span> <span class='ocrx_word' id='word_1_364' title='bbox 1309 4312 1595 4378; x_wconf 90' lang='lat' dir='ltr'><strong>quorum</strong></span> <span class='ocrx_word' id='word_1_365' title='bbox 1622 4291 1896 4376; x_wconf 88' lang='lat' dir='ltr'><strong>reliquit</strong></span> <span class='ocrx_word' id='word_1_366' title='bbox 1923 4290 2202 4356; x_wconf 89' lang='lat' dir='ltr'><strong>alterum</strong></span> <span class='ocrx_word' id='word_1_367' title='bbox 2231 4336 2248 4363; x_wconf 91' lang='lat'>‚</span> <span class='ocrx_word' id='word_1_368' title='bbox 2289 4286 2452 4350; x_wconf 88' lang='lat' dir='ltr'><strong>alte-</strong></span> 
     </span>
     <span class='ocr_line' id='line_1_40' title="bbox 233 4391 720 4456; baseline 0.012 -6"><span class='ocrx_word' id='word_1_369' title='bbox 233 4405 364 4451; x_wconf 86' lang='lat' dir='ltr'><strong>rum</strong></span> <span class='ocrx_word' id='word_1_370' title='bbox 392 4391 720 4456; x_wconf 82' lang='lat' dir='ltr'><strong>correxit.</strong></span> 
     </span>
    </p>

    <p class='ocr_par' dir='ltr' id='par_1_6' title="bbox 385 4487 2448 4568">
     <span class='ocr_line' id='line_1_41' title="bbox 385 4487 2448 4568; baseline -0.002 -18"><span class='ocrx_word' id='word_1_371' title='bbox 385 4487 518 4554; x_wconf 88' lang='grc'>100.</span> <span class='ocrx_word' id='word_1_372' title='bbox 575 4489 1241 4568; x_wconf 58' lang='lat' dir='ltr'><strong>Qunnnoomnnm</strong></span> <span class='ocrx_word' id='word_1_373' title='bbox 1294 4510 1554 4552; x_wconf 73' lang='lat' dir='ltr'><strong>snum</strong></span> <span class='ocrx_word' id='word_1_374' title='bbox 1606 4510 1890 4552; x_wconf 72' lang='lat' dir='ltr'>SPECIE</span> <span class='ocrx_word' id='word_1_375' title='bbox 1946 4508 2152 4552; x_wconf 69' lang='lat' dir='ltr'><strong>sun-r</strong></span> <span class='ocrx_word' id='word_1_376' title='bbox 2203 4504 2448 4548; x_wconf 60' lang='lat' dir='ltr'><strong>raas-</strong></span> 
     </span>
    </p>
   </div>
  </div>
 </body>
</html>
