3042 5192
1258 480 1358 547 VI
2282 486 2422 556 207

199 654 731 743 quandoquidem
763 652 967 719 semel
994 652 1250 718 institui
1280 653 1738 718 conscendere
1768 677 2032 721 currum

194 779 531 836 ventosum
561 777 631 834 et
661 777 926 833 certant
952 769 1339 854 plangentia
1366 766 1630 833 flamina
1655 791 1952 846 rursum3

195 907 352 972 quae
379 885 634 949 fuerint
650 934 667 960 ‚
692 886 837 950 sine
854 933 870 960 ‚
892 884 1163 971 placato
1193 902 1523 947 conversa
1549 881 1780 949 furore
1800 936 1814 949 .

95 1021 143 1062 ao
267 1000 503 1064 Cetera
532 1021 710 1084 quae
736 1000 880 1063 fieri
906 1000 976 1062 in
1002 999 1202 1063 terris
1232 997 1554 1083 caeloque
1583 1007 1858 1064 tuentur

195 1115 491 1179 mortales
509 1164 527 1190 ‚
552 1113 817 1202 pavidis
848 1135 998 1178 cum
1026 1110 1328 1198 pendent
1354 1114 1668 1178 mentibu'
1699 1136 1901 1203 saepe
1920 1166 1936 1192 ‚

194 1229 345 1293 haec
370 1228 634 1294 faciunt
663 1230 918 1293 animos
946 1227 1210 1292 humilis
1240 1226 1595 1291 formidine
1627 1228 1851 1294 divom

194 1342 683 1431 depressosque
712 1349 1026 1429 premunt
1051 1339 1143 1406 ad
1174 1349 1419 1406 terram
1448 1351 1815 1428 propterea
1844 1347 2031 1431 quod

192 1459 557 1544 ignorantia
587 1479 936 1523 causarum
966 1455 1274 1521 conferre
1305 1455 1586 1521 deorum

92 1592 139 1634 55
193 1574 359 1660 cogit
386 1572 476 1637 ad
504 1573 856 1659 imperium
886 1594 995 1638 res
1025 1579 1095 1636 et
1124 1571 1498 1636 concedere
1529 1593 1808 1659 regnum
1827 1625 1840 1638 .

88 1705 138 1748 5³3
190 1709 327 1751 nam
352 1689 524 1752 bene
558 1689 677 1773 qui
707 1687 998 1753 didicere
1029 1687 1197 1752 deos
1229 1709 1538 1759 securum
1568 1709 1768 1775 agere
1797 1710 2032 1755 aevom
2052 1741 2067 1767 ‚

187 1805 238 1866 si
262 1813 474 1867 tamen
502 1804 767 1867 interea
792 1804 1119 1867 mirantur
1149 1824 1283 1888 qua
1309 1804 1571 1867 ratione

89 1933 139 1978 60
193 1940 483 2004 quaeque
512 1919 659 2004 geri
687 1918 954 2004 possint
972 1967 987 1993 ,
1009 1918 1404 2003 praesertim
1431 1919 1635 1982 rebus
1666 1919 1736 1982 in
1763 1920 1892 1985 illis

191 2053 349 2116 quae
380 2054 629 2121 supera
659 2040 863 2119 caput
902 2033 1219 2097 aetheriis
1249 2041 1616 2097 cernuntur
1644 2034 1713 2097 in
1744 2036 1879 2098 oris
1899 2085 1913 2110 ‚

189 2168 406 2211 rursus
434 2149 503 2211 in
535 2152 852 2233 antiquas
880 2147 1263 2211 referuntur
1290 2148 1627 2233 religionis
1648 2197 1663 2223 ,

189 2269 250 2325 et
278 2261 584 2327 dominos
612 2263 786 2326 acris
815 2261 1201 2326 adsciscunt
1218 2310 1234 2337 ‚
1256 2263 1478 2327 omnia
1504 2283 1710 2349 posse

187 2397 345 2460 quos
370 2379 600 2443 miseri
629 2376 915 2441 credunt
932 2425 947 2453 ‚
968 2377 1185 2462 ignari
1215 2376 1378 2463 quid
1408 2386 1616 2462 queat
1643 2399 1791 2441 esse
1811 2427 1826 2454 ‚

86 2505 135 2549 ⁴35
190 2491 338 2575 quid
364 2501 663 2578 nequeat
682 2541 696 2568 ,
717 2492 906 2556 finita
935 2499 1240 2578 potestas
1270 2492 1560 2577 denique
1591 2493 1830 2578 cuique

186 2628 305 2690 qua
330 2629 483 2672 nam
512 2608 605 2672 sit
632 2607 875 2671 rationi
903 2615 1109 2692 atque
1138 2606 1271 2671 alte
1302 2607 1621 2672 terminus
1649 2608 1972 2680 haerens:

188 2743 309 2806 quo
338 2723 548 2809 magis
583 2729 884 2786 errantes
915 2743 1117 2787 caeca
1141 2723 1401 2786 ratione
1428 2721 1739 2787 feruntur
1758 2774 1771 2786 .

187 2857 346 2920 quae
372 2838 499 2902 nisi
528 2838 799 2924 respuis
832 2858 917 2900 ex
944 2838 1162 2902 animo
1191 2837 1527 2923 longeque
1559 2840 1843 2904 remittis

184 2948 277 3014 dis
302 2950 584 3038 indigna
610 2959 851 3038 putare
881 2954 1232 3039 alienaque
1258 2954 1446 3037 pacis
1477 2974 1706 3018 eorum
1729 3003 1744 3028 ‚

83 3077 132 3122 70
183 3063 459 3131 delibata
492 3066 694 3130 deum
722 3089 848 3153 per
872 3075 943 3132 te
971 3068 1095 3150 tibi
1120 3068 1391 3131 numina
1420 3076 1657 3132 sancta

182 3201 368 3267 saepe
398 3183 727 3258 oberunt3
757 3202 895 3245 non
924 3203 1060 3268 quo
1088 3182 1327 3247 violari
1355 3205 1608 3248 summa
1638 3183 1836 3248 deum
1864 3185 1966 3249 vis

180 3297 380 3380 possit
396 3345 413 3372 ‚
434 3303 513 3361 ut
545 3317 633 3359 ex
659 3296 761 3360 ira
787 3317 1042 3384 poenas
1070 3306 1303 3385 petere
1331 3299 1590 3363 inbibat
1617 3300 1790 3364 acris
1807 3348 1823 3376 ,

178 3409 287 3473 sed
316 3412 472 3495 quia
501 3419 651 3475 tute
683 3412 804 3475 tibi
831 3411 1098 3498 placida
1127 3435 1277 3477 cum
1307 3434 1474 3500 pace
1505 3414 1771 3497 quiet-os

178 3526 537 3590 constitues
566 3546 847 3611 magnos
874 3527 1117 3592 irarum
1150 3528 1423 3592 volvere
1453 3527 1696 3593 fluctus
1713 3577 1729 3605 ‚

78 3648 126 3692 75
176 3659 287 3702 nec
318 3639 606 3706 delubra
635 3639 834 3705 deum
861 3642 1128 3727 placido
1159 3664 1307 3706 cum
1335 3650 1614 3730 pectore
1644 3642 1860 3714 adibis
1879 3692 1895 3719 ‚

176 3773 285 3816 nec
315 3754 400 3819 de
433 3777 728 3841 corpore
760 3778 931 3842 quae
962 3765 1199 3822 sancto
1231 3758 1584 3822 simulacra
1608 3757 1917 3822 feruntur

174 3866 233 3930 in
260 3881 518 3935 mentes
547 3870 889 3936 hominum
919 3870 1183 3937 divinae
1211 3873 1445 3937 nuntia
1471 3871 1726 3937 formae
1745 3921 1761 3944 ‚

181 4208 237 4254 47
260 4203 525 4275 insignem
563 4206 585 4275 ΙΙ
622 4212 689 4260 48
715 4208 1017 4262 Ventorum
1041 4210 1271 4263 exirtant
1292 4209 1570 4281 placentur
1596 4211 1771 4264 omnia
1806 4211 1826 4280 ΙΙ
1865 4217 1929 4264 49
1953 4211 2063 4265 sint
2088 4215 2109 4281 ΙΙ
2146 4212 2353 4267 favore.
2383 4215 2402 4282 ΙΙ

183 4290 235 4336 ⁵1
262 4289 540 4341 montibus
567 4290 589 4359 ΙΙ
615 4296 680 4341 52
710 4289 784 4342 Et
807 4296 829 4361 ΙΙ
870 4297 936 4344 56
957 4299 1021 4345 57
1042 4298 1194 4346 =90
1214 4299 1275 4346 91
1305 4292 1325 4361 ΙΙ
1364 4299 1427 4346 63
1454 4294 1732 4348 adciscunt
1756 4296 1775 4366 ΙΙ
1803 4301 1866 4348 64
1893 4296 2100 4349 miseris
2138 4296 2159 4363 ΙΙ
2195 4302 2260 4348 68
2286 4296 2404 4348 lon·

176 4367 326 4505 ςὶφέῐ
344 4372 580 4506 τεωίῒιί.
607 4372 629 4441 ΙΙ
656 4380 715 4426 '71
746 4373 977 4428 oderunt
1015 4377 1035 4444 ΙΙ
1070 4376 1285 4431 violaris
1322 4376 1343 4446 ΙΙ
1380 4383 1444 4430 72
1469 4378 1548 4430 ire
1582 4378 1604 4447 ΙΙ
1643 4383 1706 4431 73
1732 4379 1969 4449 quietus.
2009 4381 2031 4448 ΙΙ
2069 4385 2132 4431 74
2158 4378 2342 4431 fletus.
2383 4381 2403 4444 ΙΙ

184 4456 241 4500 76
328 4471 461 4507 erun
497 4494 511 4507 .
