3042 5192
1251 441 1351 509 VI
2275 441 2414 510 409

357 617 496 683 986.
528 639 849 693 Λιορυε
895 639 1308 680 saronem.
1352 616 1704 700 Oblongus
1732 615 1989 702 aloqzme
2013 664 2031 695 ‚
2076 627 2420 680 corrector

199 716 333 779 eius
375 723 557 779 recte
596 736 954 790 Amoous
987 764 1000 777 .
1043 735 1193 777 nam
1224 713 1388 779 nihil
1418 736 1593 799 opus
1624 720 1729 777 est
1759 734 1906 777 cum
1934 713 2259 778 Lambino
2291 716 2419 779 alia

197 813 483 876 scribere
518 837 533 876 ε
581 813 859 900 primum
903 820 1373 876 enumerantur
1413 833 1586 896 quae
1629 811 1757 874 alia
1788 812 1911 875 alio
1937 819 2297 896 penetrent
2330 811 2419 876 ad

193 911 392 974 varios
416 933 655 991 sen-sue,
687 918 1002 974 secuntur
1033 930 1203 995 quae
1232 909 1361 972 alia
1389 910 1636 974 aliunde
1663 910 1939 973 veniant
1956 957 1970 972 .
1999 909 2168 972 haec
2198 917 2420 974 autem

195 1008 346 1091 quia
375 1029 415 1071 a
445 1030 519 1072 se
546 1009 829 1072 invicem
858 1009 1154 1093 separari
1182 1030 1320 1070 non
1351 1006 1633 1083 debent,
1674 1008 1732 1070 is
1764 1006 1934 1071 ordo
1965 1028 2278 1071 versuum
2305 1031 2419 1072 ve-

191 1127 304 1169 rus
336 1114 440 1170 est
472 1128 666 1191 quem
694 1106 1153 1170 Wakefieldus
1180 1105 1373 1171 fecit:
1405 1128 1530 1170 nec
1557 1106 1684 1169 nisi
1714 1106 2064 1191 speciebus
2095 1106 2420 1171 absolut-is

191 1203 278 1267 ad
309 1226 577 1270 causam
616 1206 711 1270 ita
743 1204 948 1269 rediri
977 1212 1208 1291 potest
1235 1214 1313 1267 ut
1340 1212 1546 1290 poeta
1575 1224 1648 1268 se
1680 1225 1823 1267 eam
1841 1206 2037 1289 paulo
2067 1216 2206 1269 ante
2232 1217 2420 1269 oslen-

189 1302 344 1366 dicse
374 1301 587 1376 dicat,
620 1302 806 1388 quod
835 1302 1091 1366 fecerat
1118 1323 1323 1367 versu
1346 1302 1462 1366 981
1500 1311 1569 1365 et
1593 1301 1859 1366 duobus
1888 1302 2240 1387 proximis,
2272 1323 2419 1367 ver-

189 1421 333 1463 sum
365 1400 490 1464 990
520 1400 734 1463 solum
765 1399 987 1464 adfert
1014 1400 1276 1464 Nonius
1306 1423 1370 1485 p.
1392 1400 1534 1477 2⁶27,
1551 1399 1633 1463 26
1653 1448 1666 1461 .

355 1499 497 1563 991.
527 1499 961 1562 PRAETERE
998 1520 1319 1561 mansur:
1342 1545 1355 1559 .
1390 1498 1826 1562 Correctores
1856 1505 2122 1562 veteres
2150 1499 2419 1563 PRAE-

186 1619 491 1660 TEREA.
523 1597 671 1661 Itali
701 1605 768 1660 et
796 1597 1099 1682 impressi
1128 1619 1494 1660 manans.

356 1695 501 1758 992.
531 1696 808 1769 Arous
836 1715 1082 1758 amun
1116 1716 1341 1758 murs
1362 1742 1375 1757 .
1406 1694 1742 1757 Antonius
1773 1692 1968 1757 Marii
2000 1703 2068 1757 et
2096 1693 2420 1760 Marullus

180 1794 368 1877 liquis
398 1840 417 1872 ‚
461 1792 820 1856 Lambinus
852 1815 975 1877 per
1014 1793 1183 1876 liyna
1216 1840 1229 1854 .
1272 1813 1503 1856 verum
1551 1800 1656 1855 est
1698 1789 1888 1876 quod
1914 1791 2424 1881 Havcrcampus

183 1898 443 1953 temere
482 1889 831 1954 Vossianis
869 1888 1193 1952 adscribit
1222 1938 1237 1965 ‚
1283 1911 1570 1953 morus
1601 1939 1616 1965 ‚
1660 1888 1748 1953 de
1790 1889 2013 1953 resina
2053 1890 2249 1976 lignis
2284 1914 2420 1956 ma·

180 1996 394 2051 nante
426 1985 883 2074 accipiendum
901 2036 914 2050 .

353 2086 496 2150 997.
526 2108 908 2161 vamum,
937 2085 1078 2150 989.
1112 2108 1494 2150 1613111111.
1524 2085 1631 2149 Ita
1660 2084 1963 2149 codices.

358 2184 537 2248 1000.
570 2207 664 2247 Er
707 2206 1006 2247 OMNES.
1045 2183 1434 2247 Correctum
1463 2184 1530 2245 in
1563 2182 1857 2268 oblongo
1890 2205 2168 2247 omms.

361 2282 541 2346 1001.
573 2303 968 2347 ΡΕιιοῐΛτ
1011 2304 1111 2344 um
1132 2330 1145 2343 .
1180 2281 1532 2366 Oblongus
1550 2281 1954 2365 perliceatum
1972 2328 1985 2343 .
2027 2280 2222 2344 Marii
2249 2280 2421 2345 filius

186 2388 253 2444 et
280 2380 613 2444 Marullus
656 2401 1105 2463 PELLICIAT·
1142 2401 1286 2443 vnn
1316 2427 1331 2454 ‚
1371 2386 1557 2441 recte
1588 2399 1602 2439 ε
1648 2397 1785 2439 11011
1828 2377 2051 2461 potuit
2093 2377 2283 2441 aliter
2312 2377 2423 2442 hic

186 2479 487 2542 scribere
515 2477 869 2540 Lucretius
913 2498 1112 2563 quam
1154 2476 1423 2561 scripsit
1465 2476 1534 2538 in
1566 2497 1630 2549 v,
1653 2474 1812 2538 1005
1844 2474 2117 2539 Subdola
2131 2476 2424 2560 pellicere

181 2576 571 2663 infraudmn
603 2623 616 2637 .
662 2574 898 2639 Lucilii
924 2596 1165 2639 versus
1207 2595 1247 2637 a
1274 2573 1470 2638 Velio
1502 2572 1738 2657 Longo
1768 2595 1833 2658 p.
1853 2570 2016 2635 2227
2046 2572 2299 2637 relatus
2326 2574 2423 2636 vi-

184 2672 387 2738 detur
416 2674 488 2737 in
517 2672 700 2735 hunc
727 2673 998 2737 modum
1030 2671 1367 2737 emendari
1394 2692 1598 2756 posse
1629 2718 1644 2745 ‚
1677 2672 1745 2733 in
1760 2673 2115 2756 praeposito
2131 2696 2254 2757 per
2283 2674 2422 2736 Pel-

180 2773 448 2837 liciendo
476 2820 495 2851 ,
538 2772 650 2835 hoc
677 2783 763 2835 est
787 2773 852 2834 in
881 2771 1152 2835 ducendo
1182 2818 1201 2850 ,
1240 2772 1544 2856 yeminato
1573 2770 1611 2833 l.
1639 2767 1713 2832 id
1742 2776 1847 2832 est
1874 2816 1889 2843 ‚
1934 2769 2004 2831 in
2025 2771 2423 2854 pelliciendo,

181 2870 371 2956 quod
414 2871 498 2934 fit
524 2893 647 2955 per
686 2870 1074 2956 praeposito
1106 2917 1122 2944 ‚
1179 2870 1206 2932 l
1244 2868 1530 2931 litteram
1574 2866 1909 2952 geminare
1956 2865 2163 2930 debes
2197 2914 2211 2928 .
2258 2868 2422 2932 Put—

179 2970 414 3034 schius
449 2969 619 3032 haec
650 2967 839 3031 dedit
868 3015 883 3042 ‚
924 2968 1062 3031 Nec
1102 2966 1278 3029 aliter
1313 2967 1486 3050 apud
1512 2965 1827 3029 Lucilium
1856 2966 2073 3049 leyicur
2090 3013 2103 3027 .
2148 2966 2214 3027 in
2234 2988 2423 3049 prae-

165 3071 481 3154 positione
498 3090 619 3153 per
642 3089 680 3129 L
710 3066 969 3130 lic-iendo
983 3112 1002 3144 ‚
1032 3064 1198 3151 quod
1224 3073 1309 3127 est
1332 3062 1704 3142 inducendo,
1728 3063 2001 3145 qeminat
2026 3062 2065 3124 l.
2098 3060 2222 3125 sed
2253 3082 2424 3146 quae

178 3176 529 3240 secuntur,
547 3165 839 3251 pellicere
865 3164 1104 3227 malunt
1121 3184 1309 3248 quam
1323 3161 1661 3246 perlicere,
1692 3180 1772 3222 ea
1792 3157 1967 3222 Velii
1989 3158 2206 3245 Longi
2237 3181 2389 3223 6336
2407 3208 2423 3235 ,

176 3286 319 3328 11011
347 3263 624 3338 Lucilii,
654 3262 1039 3348 apparebit,
1070 3261 1126 3324 si
1156 3280 1329 3346 quae
1357 3263 1877 3345 praecesserunt
1901 3255 2145 3341 legeris
2165 3306 2179 3320 .

354 3361 540 3426 1005.
580 3360 753 3424 1017.
786 3381 983 3424 vaca
1027 3381 1194 3423 rvr.
1229 3355 1616 3436 Quadratus
1645 3355 1868 3419 vacesit
1891 3355 2250 3439 utrobique
2270 3405 2284 3418 .
2317 3377 2423 3419 cc-

176 3468 400 3524 terum
448 3458 611 3522 mihi
652 3457 874 3522 adhuc
920 3453 1376 3542 quaerendum
1423 3451 1693 3516 videtur
1740 3451 1982 3536 quibus
2037 3452 2425 3516 auctoribus

175 3561 386 3646 vulgo
444 3559 517 3621 in
571 3557 873 3621 oratione
929 3555 1150 3619 soluta
1204 3553 1538 3617 scribatur
1585 3548 1971 3635 vacuefactm
2002 3598 2016 3612 .
2072 3570 2227 3612 116111
2266 3550 2425 3614 1111111

179 3667 374 3722 certo
424 3662 700 3720 constat
739 3654 874 3718 hoc
915 3675 1127 3739 genus
1170 3651 1497 3717 vocabula
1529 3700 1544 3727 ‚
1591 3650 1676 3714 de
1720 3650 1962 3734 quibus
1999 3649 2126 3713 alia
2156 3648 2292 3713 dixi
2335 3650 2426 3714 ad

176 3757 427 3821 librum
460 3777 556 3831 111,
574 3753 698 3818 906
727 3802 743 3828 ,
784 3773 1005 3837 neque
1034 3752 1385 3837 trisyllaba
1414 3770 1565 3813 esse
1595 3747 1721 3811 nisi
1753 3748 2124 3833 composita
2152 3748 2319 3821 sint,
2348 3755 2426 3811 ut

177 3856 381 3920 obsole
403 3853 564 3943 fieri
591 3900 610 3932 ,
652 3871 872 3936 neque
901 3849 1365 3936 monosyllaba
1402 3847 1530 3911 nisi
1563 3872 1596 3915 e
1623 3847 1847 3910 littera
1876 3845 2136 3909 abiecta
2167 3895 2182 3921 ‚
2225 3846 2422 3933 calfa-

177 3977 316 4017 cere
362 3950 637 4039 olfacere
670 3999 683 4013 .
728 3956 997 4035 praeter
1038 3947 1208 4012 haec
1249 3955 1470 4011 tamen
1500 3942 2006 4010 concedendum
2036 3952 2142 4008 est
2170 3944 2423 4008 Teren-

180 4051 349 4113 tium
398 4048 642 4112 duabis
683 4047 961 4134 syllabis
1004 4047 1073 4109 in
1115 4067 1316 4109 unam
1359 4043 1663 4109 conflatis
1709 4042 1958 4107 dixisse
1999 4043 2068 4105 in
2097 4041 2423 4126 Adelphis

178 4172 221 4223 1,
245 4151 300 4223 1,
319 4148 408 4211 29
441 4147 523 4210 49
553 4169 648 4222 111,
665 4145 723 4222 3,
741 4147 822 4210 60
853 4145 1211 4232 consvefeci
1224 4192 1242 4224 ,
1275 4143 1717 4230 cmmiesacere
1730 4189 1750 4222 ‚
1780 4141 2183 4225 cmwvefacio
2211 4164 2233 4202 .·
2271 4160 2425 4202 116111

177 4247 593 4311 vocabulum
637 4244 1042 4331 dactylicum
1069 4266 1385 4308 versuum
1426 4240 1597 4305 ratio
1643 4261 1780 4303 non
1809 4237 2100 4302 admittit
2130 4286 2143 4298 .
2189 4244 2426 4299 contra

179 4345 474 4432 syllabis
531 4342 823 4407 diductis
872 4341 1280 4407 Prudentius
1337 4337 1836 4404 cathemerinon
1891 4333 2142 4420 hymno
2189 4356 2305 4409 vn,
2339 4334 2423 4398 84

179 4443 455 4508 Fulmen
484 4443 724 4528 beniqni
750 4440 1233 4528 mauwegfactum
1250 4440 1453 4525 patris
1472 4486 1485 4499 .
1516 4437 1711 4523 plura
1738 4432 1976 4497 horum
2016 4438 2082 4496 et
2117 4430 2422 4495 similium
