3042 5192
644 422 783 491 410
1703 421 1803 488 VI

640 597 942 684 exempla
982 597 1050 660 in
1093 596 1399 660 versibus
1440 617 1580 659 non
1618 595 1840 659 inveni
1871 619 1886 657 ε
1935 595 2425 660 contrahuntur
2472 606 2688 662 autem
2727 608 2840 661 tam

638 705 823 760 recte
868 716 1066 780 quam
1108 718 1264 774 suo,
1320 693 1551 757 Ordine
1580 718 1644 757 se
1670 717 1771 757 svo
1799 716 2120 779 quaeque:
2162 696 2382 759 suescit
2407 695 2580 757 enim
2611 696 2718 779 qui
2745 696 2840 759 ali-

640 793 803 880 quid
846 815 1034 857 suum
1074 791 1236 856 facit
1274 798 1391 855 aut
1430 813 1593 854 suus
1635 790 1752 854 fit.
1801 791 1869 853 in
1909 791 2305 877 apocalypsi
2341 791 2661 855 Iohannis
2693 793 2747 867 S
2779 794 2834 855 ll

636 895 855 956 bonus
897 898 966 954 et
995 891 1310 974 antiquus
1341 887 1562 951 codex
1587 887 2079 952 Laurentianus
2107 889 2316 953 habet
2344 891 2418 953 de
2449 892 2627 976 aquis
2655 939 2674 971 ‚
2716 914 2842 976 qma

638 1015 852 1055 amare
878 990 1097 1077 factae
1138 999 1328 1052 sunt·
1302 1035 1322 1069 ‚
1384 986 1570 1072 quod
1623 1008 1761 1050 non
1814 985 2019 1050 debet
2072 987 2165 1051 ita
2207 987 2505 1072 intellegi
2547 990 2731 1073 quasi
2769 988 2842 1052 sit

637 1089 1052 1176 amarqfactae
1082 1136 1097 1163 ‚
1152 1084 1275 1150 sed
1307 1135 1322 1160 ‚
1368 1084 1705 1170 quomodo
1750 1085 2127 1148 accuratius
2171 1084 2528 1149 Fuldensis
2559 1135 2576 1159 ‚
2616 1110 2841 1150 amarae

620 1189 837 1275 factae
869 1236 881 1249 .
927 1185 1186 1249 Nonius
1231 1191 1455 1247 tamen
1498 1183 1954 1269 obscur-efacere
1989 1181 2159 1246 dixit
2184 1208 2248 1269 p.
2266 1182 2408 1258 246,
2426 1183 2512 1248 28
2541 1206 2661 1248 suo
2691 1185 2839 1271 peri·

638 1286 824 1363 culo;
856 1305 1053 1370 quem
1083 1304 1289 1367 supra
1313 1280 1600 1345 vidimus
1622 1280 1862 1343 horum
1892 1281 2254 1344 verborum
2281 1282 2610 1345 rationem
2632 1304 2838 1369 parum

634 1395 865 1449 tenere
898 1433 913 1458 ‚
953 1385 1146 1467 isque
1191 1381 1386 1443 etiam
1416 1379 1787 1466 pur-efacere
1826 1377 1996 1442 dixit
2035 1402 2099 1463 p.
2126 1379 2258 1454 114,
2281 1379 2358 1443 19
2387 1379 2589 1451 370,4
2620 1429 2634 1451 ,
2680 1380 2840 1465 quod

634 1483 815 1547 unde
846 1481 1205 1546 deductum
1236 1480 1325 1543 sit
1349 1499 1487 1541 non
1515 1476 1830 1563 intellego
1851 1525 1864 1538 .
2932 1470 2938 1479 '

804 1581 982 1645 1006.
1027 1600 1482 1642 remonon
1526 1599 1773 1641 FERRE
1807 1626 1820 1637 .
1865 1575 2215 1662 Oblongus
2259 1579 2474 1662 prima
2507 1599 2704 1641 manu
2721 1581 2840 1664 pri·

633 1680 1105 1767 modiaferrae.
1136 1676 1286 1739 Itali
1312 1698 1553 1739 rmum
1575 1723 1588 1736 .

806 1776 982 1841 1007.
1028 1797 1158 1837 ΝΤ
1201 1796 1296 1837 Ur
1341 1795 1473 1848 om
1510 1822 1522 1834 .
1568 1773 2001 1863 Marullusfit
2044 1785 2109 1836 ut
2150 1798 2307 1860 quae
2338 1800 2360 1836 .-
2397 1774 2842 1864 Naugeriusfit

634 1896 898 1950 UTQUE
929 1921 945 1948 ‚
988 1880 1175 1935 recte
1208 1920 1221 1933 .
1249 1871 1335 1959 fit
1358 1882 1429 1934 ut
1454 1879 1560 1935 est
1585 1894 1715 1958 pro
1746 1894 1881 1935 uno
1911 1871 2241 1936 vocabulo
2261 1920 2276 1947 ,
2318 1873 2415 1936 sic
2445 1874 2514 1936 in
2545 1874 2841 1962 1v‚944fi1

632 1975 722 2037 uti
737 1995 896 2058 pars
922 1971 1064 2034 inde
1092 1970 1327 2033 animai
1355 1968 1645 2033 Eiciatur
1658 1996 1683 2053 ,-
1711 1969 1784 2034 id
1814 1977 1918 2034 est
1945 1972 2184 2060 indefit
2209 1973 2299 2033 uti
2315 2019 2329 2033 .
2363 1971 2430 2034 in
2463 1996 2552 2045 w,
2571 1973 2690 2037 204
2720 1973 2842 2037 Hac

634 2075 815 2137 etiam
826 2071 911 2161 fit
946 2071 1034 2132 uti
1074 2070 1148 2132 de
1177 2090 1361 2131 causa
1388 2069 1628 2132 mobilis
1654 2070 1758 2132 ille
1787 2070 2042 2133 Devolet
2063 2072 2129 2132 in
2156 2080 2386 2133 terram
2412 2120 2427 2132 .
2475 2080 2546 2135 et
2575 2071 2694 2134 727
2728 2072 2842 2150 Quo

615 2172 701 2261 fit
734 2171 823 2233 uti
838 2179 1024 2254 pacto
1068 2166 1219 2230 liber
1255 2167 1456 2229 mium
1498 2168 1692 2231 exitus
1732 2169 1901 2232 amni
1930 2167 2018 2231 Ec
2033 2168 2325 2252 proclivi-s
2351 2170 2493 2233 item
2502 2171 2634 2259 fiat
2667 2173 2842 2233 utinm

632 2270 886 2354 impetus
911 2266 1091 2329 undis
1110 2313 1124 2327 .

801 2364 978 2429 1009.
1009 2382 1510 2426 mumolunus
1553 2383 2042 2427 ELEMEN‘ns.
2073 2362 2193 2426 Ex
2224 2362 2489 2429 addidit
2518 2377 2842 2431 corrector

635 2462 979 2550 quadrati,
1007 2459 1341 2524 Antonius
1369 2457 1598 2533 Marii,
1626 2459 1951 2527 Marullus
1971 2513 1984 2525 .

804 2560 978 2625 1011.
1006 2558 1238 2637 QUAM
1268 2579 1545 2619 VALIDI
1576 2581 1812 2623 remu
1842 2585 2212 2627 NATURAE
2244 2586 2636 2628 muamus
2666 2566 2840 2628 uon·

632 2681 787 2723 non
807 2707 820 2720 .
855 2658 1215 2720 Corrector
1246 2654 1518 2740 oblongi
1544 2654 1705 2720 fecit
1723 2657 1907 2723 horro
1921 2708 1940 2739 ,
1973 2660 2159 2745 quod
2187 2684 2328 2725 non
2355 2662 2676 2747 intellego
2694 2714 2708 2726 .
2737 2660 2839 2726 sed

630 2754 1039 2822 inconditam
1081 2753 1448 2817 orationem
1493 2755 1659 2818 scite
1691 2759 1985 2822 correxit
2013 2758 2472 2824 Wakefieldus
2503 2759 2839 2825 scribendo

630 2876 956 2920 NATURA
996 2875 1120 2916 ET.

802 2952 980 3017 1012.
1037 2972 1248 3026 Quor>
1292 2972 1631 3014 mortun
1669 2974 1768 3015 Ex
1807 2975 2271 3019 ntem-:uns
2302 3004 2316 3018 .
2368 2956 2733 3022 Lambinus
2770 2980 2840 3020 ne

628 3052 881 3117 monito
914 3048 1182 3136 quidem
1210 3048 1461 3112 lectore
1492 3047 1683 3114 dedit
1710 3052 1877 3137 quod
1888 3054 2087 3137 paulo
2116 3054 2384 3117 diximus
2411 3069 2552 3120 ante
2570 3106 2584 3120 .
2613 3056 2840 3121 W'ake·

628 3150 867 3215 fieldus
909 3148 981 3212 id
1023 3146 1212 3233 quod
1251 3147 1401 3211 libri
1438 3146 1694 3217 habent
1733 3150 2024 3215 restituit
2051 3200 2067 3227 ‚
2108 3151 2245 3215 irae
2276 3152 2504 3218 studio
2532 3155 2841 3240 interpre-

628 3250 755 3315 tari
787 3249 1035 3313 oblitus
1068 3297 1081 3310 .
1125 3246 1284 3311 mihi
1330 3245 1602 3310 dubium
1632 3268 1772 3311 non
1801 3247 2066 3313 videtur
2096 3251 2256 3335 quin
2284 3258 2492 3336 poeta
2518 3254 2842 3339 scripserit

630 3371 670 3423 Q
688 3370 781 3411 uo
812 3371 855 3410 n
872 3368 1168 3411 norrun
1197 3369 1273 3408 ex
1301 3346 1634 3425 elementis,
1665 3346 1936 3410 conciso
1968 3347 2259 3433 quodam
2282 3348 2552 3413 dicendi
2581 3372 2810 3437 genere
2827 3400 2842 3417 .

629 3446 817 3509 cuius
861 3444 1069 3508 simile
1109 3442 1478 3529 exemplum
1520 3465 1658 3507 non
1686 3466 1966 3531 possum
1992 3467 2299 3533 promere
2328 3497 2343 3523 ‚
2386 3449 2612 3533 qualia
2639 3449 2844 3513 forent

629 3546 848 3606 ducere
878 3567 953 3606 ex
980 3565 1170 3605 manu
1198 3590 1215 3621 ‚
1259 3563 1333 3604 ex
1345 3541 1541 3628 fune,
1577 3565 1651 3605 ex
1681 3555 1895 3609 catena
1914 3593 1927 3607 .
1961 3545 2201 3619 Graeci
2229 3546 2398 3611 haec
2426 3547 2842 3633 frequentant

628 3640 718 3706 ad
748 3639 1246 3725 significandam
1274 3639 1733 3716 instrumenti,
1769 3664 1904 3727 quo
1934 3643 2188 3728 aliquid
2217 3643 2504 3722 ducitur,
2534 3647 2843 3711 continui·

630 3746 835 3804 tatem
865 3786 878 3800 .
925 3738 1178 3801 scilicet
1219 3738 1456 3803 anulus
1500 3761 1585 3802 ex
1627 3739 1969 3805 elementis
2012 3740 2171 3805 ferri
2215 3742 2590 3809 cohaerens
2628 3743 2842 3808 iisdem

630 3837 972 3902 elementis
999 3837 1070 3899 in
1098 3857 1381 3900 vacuum
1410 3837 1694 3903 ducitur.

797 3935 974 4000 1013.
1005 3957 1043 3997 Ε
1085 3958 1338 3999 ranno
1369 3984 1382 3997 .
1428 3936 1780 4023 Oblongus
1821 3948 1876 4001 te
1898 3938 2083 4025 ferro
2111 3964 2131 4000 .·
2169 3936 2326 4000 hinc
2358 3939 2516 4003 olim
2555 3938 2844 4025 impressi

628 4034 890 4122 referre,
918 4032 1070 4097 Itali
1100 4034 1174 4097 de
1184 4033 1371 4121 ferro
1391 4084 1404 4097 .

798 4132 977 4198 1014.
1010 4154 1053 4195 A
1069 4156 1108 4196 Ν
1128 4155 1221 4197 υῐ.
1238 4156 1275 4195 L
1292 4155 1414 4196 us.
1449 4133 1810 4198 Corrector
1840 4133 2109 4219 oblongi
2140 4156 2351 4197 ANUL
2367 4156 2457 4199 us
2477 4184 2492 4198 .

797 4232 975 4296 1016.
1009 4253 1456 4306 οΑΕοιερυΕ
1493 4255 1573 4295 m
1607 4255 1701 4297 Eo
1740 4254 2252 4297 confluamus
2289 4254 2569 4298 Ansltr.
2603 4234 2846 4297 Oblon-

628 4351 753 4411 gus
799 4333 995 4394 caecis
1035 4332 1143 4417 qui
1169 4379 1184 4405 ‚
1230 4338 1299 4392 et
1340 4330 1552 4414 prima
1593 4352 1792 4395 manu
1837 4331 2287 4416 cmnpayinibus
2313 4379 2331 4408 ,
2378 4339 2452 4395 ut
2495 4353 2691 4395 versu
2731 4330 2848 4393 919
