3042 5192
629 452 771 520 226
1687 447 1788 515 IV

625 628 760 690 vela
775 625 1068 711 phaselim
1097 646 1263 710 aqua
1278 670 1297 701 ,
1349 622 1531 701 Quod
1552 644 1736 707 snper
1763 633 1849 685 est
1860 672 1879 702 ,
1922 624 2177 712 avfferre
2194 623 2385 708 pede-s·
2403 633 2726 707 properate
2751 624 2828 685 Ια-

626 726 862 789 borem.
894 724 997 786 uhi
1009 723 1309 810 feramur
1337 729 1561 783 autem
1590 722 2085 784 coniunctivum
2114 721 2181 783 in
2210 721 2507 784 membro
2538 721 2624 782 ab
2651 719 2830 783 iuter-

625 822 975 906 rogatione
1016 819 1355 906 pendente
1395 819 1615 882 locum
1657 818 1908 881 habere
1956 818 2105 902 quis
2145 817 2394 902 neget?
2446 824 2516 881 ct
2558 817 2831 881 simillimi

626 927 785 982 sunt
827 919 870 980 ii
917 917 1321 981 coniunctivi
1353 939 1526 1001 quos
1566 916 1890 980 habemus
1917 916 1985 978 in
2024 916 2172 978 libri
2204 938 2279 978 111
2308 937 2513 977 versu
2542 915 2665 978 507
2696 916 2833 978 etin

624 1041 696 1081 w
713 1017 868 1082 855.
911 1025 1256 1102 postremo
1294 1017 1504 1095 Quone
1535 1017 1708 1078 citius
1735 1026 1878 1078 eunt
1913 1014 2284 1078 rectissime
2315 1012 2567 1077 dictum
2608 1022 2738 1082 est,
2772 1023 2835 1075 ut.

627 1114 791 1178 nihil
830 1136 1001 1200 opus
1048 1115 1137 1178 sit
1178 1115 1407 1178 Nonne
1449 1114 1743 1177 scribere
1795 1135 1943 1177 cum
1990 1120 2374 1176 correctore
2427 1111 2739 1196 quadrati
2781 1119 2835 1173 et

626 1213 950 1289 Maru1103
1005 1211 1234 1298 quod
1218 1233 1286 1274 m
1318 1212 1612 1296 oblongo
1657 1211 1838 1286 solo,
1866 1221 2023 1275 ante
2056 1233 2254 1296 quam
2282 1212 2341 1275 is
2372 1212 2835 1295 corrigeretur,

624 1311 752 1375 fuit
788 1313 920 1391 Quo
958 1334 1180 1397 neque
1230 1310 1736 1388 Quintilianus
1720 1332 1789 1373 m
1831 1334 1872 1385 1,
1896 1311 1989 1386 10,
2005 1311 2044 1373 3
2087 1321 2198 1373 aut
2232 1333 2353 1396 quo
2388 1310 2609 1372 melius
2637 1310 2729 1371 vel
2749 1309 2833 1370 de-

608 1410 830 1498 fendet
853 1432 1029 1472 reum
1057 1409 1152 1472 vel
1175 1419 1341 1492 reyet
1366 1409 1620 1471 consilia
1642 1410 1750 1494 qui
1772 1409 2040 1472 citharae
2060 1431 2237 1472 sonos
2264 1408 2611 1471 nominatim
2640 1419 2695 1470 et
2715 1431 2835 1491 ‹spa-

624 1510 724 1571 tiis
752 1505 1138 1570 distinxerit?
1180 1506 1313 1568 hoc
1345 1504 1610 1568 dicendi
1654 1527 1866 1590 genus
1894 1505 2318 1593 Propertium
2356 1505 2605 1568 decere
2639 1505 2834 1568 existi-

622 1606 924 1669 mabam
908 1626 978 1667 1n
1010 1602 1297 1666 disticho
1329 1602 1419 1666 ad
1446 1604 1875 1667 imitationem
1908 1604 2233 1668 orationis
2260 1603 2557 1666 Lucretii
2590 1625 2834 1688 compo·

624 1704 757 1766 sito
785 1749 800 1775 ‚
853 1701 1021 1777 1‚2‚9
1051 1749 1067 1775 ,
1116 1701 1229 1764 ubi
1261 1723 1380 1787 quo
1407 1702 1623 1764 melius
1652 1703 1888 1786 scripsi
1916 1749 1931 1776 ,
1985 1724 2132 1766 cum
2162 1702 2311 1765 libri
2346 1700 2655 1765 habeant
2680 1724 2833 1787 qnos,

621 1801 845 1885 Aspice
875 1822 993 1885 quo
1019 1800 1333 1861 summittit
1360 1800 1383 1883 (
1397 1799 1627 1884 potius
1653 1799 2021 1882 manumittat)
2061 1800 2278 1864 Imma-s·
2300 1801 2595 1888 formosa
2640 1800 2835 1864 colores
2907 1802 2923 1823 ⁸
2982 1791 2983 1798 ἵ

623 1898 711 1962 Et
727 1898 970 1960 veniant
995 1896 1258 1960 hederae
1274 1907 1480 1981 spoide
1505 1919 1620 1959 sua
1646 1898 1863 1960 melius
1875 1923 1902 1981 ,-
1932 1897 2118 1983 quod
2140 1897 2632 1984 Hertzbergius
2661 1920 2728 1962 sc
2753 1898 2831 1960 in-

622 1995 939 2080 tellegere
979 1995 1250 2080 negavit
1282 2042 1295 2056 .
1342 2001 1414 2058 at
1464 2015 1589 2078 ego
1646 1994 1935 2059 vicissim
1978 1997 2103 2059 viri
2156 1995 2525 2059 doctissimi
2590 2004 2832 2060 senten·

621 2094 782 2157 tiam
809 2093 1013 2157 miror
1034 2141 1050 2169 ‚
1083 2093 1196 2178 qui
1225 2092 1561 2177 Propertii
1589 2092 1799 2155 verba
1826 2093 1922 2157 ita
1948 2096 2431 2179 interpretetur
2461 2103 2537 2157 ut
2566 2095 2833 2158 hederam

625 2201 693 2257 ct
721 2194 1004 2258 arbatum
1032 2193 1205 2255 inter
1235 2194 1494 2270 coloreS,
1539 2191 1611 2255 id
1642 2201 1745 2256 est
1773 2193 1946 2255 inter
1974 2191 2175 2256 flores
2206 2191 2551 2256 coloratos
2570 2240 2587 2264 ‚
2633 2211 2832 2255 nume·

621 2314 810 2357 rasse
847 2292 1190 2356 videatur:
1234 2289 1395 2356 dicit
1438 2292 1611 2355 enim
1646 2286 1911 2378 ‘Aspice
1953 2290 2214 2353 colores
2255 2311 2427 2374 quos
2469 2299 2664 2354 terra
2701 2290 2831 2352 sub-

619 2392 855 2454 mittit:
883 2392 1013 2454 iam
1040 2388 1303 2454 videbis
1332 2398 1409 2453 ut
1437 2397 1684 2475 sponte
1715 2411 1837 2452 sua
1863 2389 2096 2451 melius
2126 2388 2398 2451 veniant
2416 2390 2448 2449 .’

786 2488 928 2553 210.
960 2488 1195 2566 QUAM
1237 2509 1529 2551 cnm-:121
1572 2509 1883 2551 ntorum.
1934 2486 2367 2550 Correctores
2412 2486 2831 2572 antiquissimi

618 2608 863 2649 Moru,

787 2683 928 2746 211.
970 2704 1112 2745 sun
1166 2703 1303 2745 mu
1355 2704 1773 2746 SPLENDOR
1821 2704 2068 2758 AQUA.
2133 2682 2494 2746 Corrector
2543 2683 2829 2768 quadrati

614 2783 724 2846 sul>
753 2783 887 2845 divo
920 2788 987 2843 et
1015 2782 1205 2866 aquai
1222 2829 1235 2842 .
1277 2780 1387 2844 sub
1416 2781 1524 2843 diu
1556 2781 1869 2844 scribitur
1898 2779 2080 2865 apud
2109 2779 2417 2844 Plautum
2439 2827 2454 2854 ‚
2490 2784 2609 2866 qui
2640 2805 2716 2846 eo
2744 2803 2833 2845 se·

615 2880 746 2943 mel
773 2901 936 2943 usus
969 2886 1104 2952 est,
1135 2879 1205 2941 in
1233 2900 1435 2942 versu
1464 2878 1766 2942 mutilato
1797 2878 2251 2942 Mostellariae
2282 2902 2379 2954 111,
2398 2879 2455 2952 2,
2474 2880 2591 2954 78,
2636 2882 2703 2944 in
2730 2878 2831 2941 Vi-

615 2979 814 3042 truvii
842 2979 1013 3042 libro
1046 2976 1228 3052 v‚9‚5
1261 2985 1329 3040 et
1358 2977 1430 3051 6,
1472 2976 1629 3040 item
1660 2999 1748 3052 vx,
1768 2977 1881 3051 3‚9
1912 3000 2029 3052 vn,
2052 2977 2190 3050 1‚5‚
2232 2978 2298 3040 in
2326 2977 2547 3042 Plinio
2583 2977 2831 3042 Chime-

616 3077 797 3140 tiano
842 3097 1106 3163 semper
1154 3074 1318 3159 (hoc
1348 3074 1826 3160 Dalecampum
1857 3077 2092 3139 testari
2123 3075 2389 3161 Siligius
2417 3076 2631 3140 refert
2658 3074 2741 3140 ad
2768 3076 2829 3138 li-

615 3175 808 3238 brum
830 3197 1014 3238 xxxv
1038 3196 1101 3258 p.
1115 3173 1363 3256 xxvm)
1382 3222 1398 3247 ‚
1422 3172 1606 3258 apud
1626 3172 1906 3236 Paulum
1930 3175 2435 3259 epitomatorem
2454 3172 2643 3238 Festi
2665 3198 2727 3259 p.
2744 3174 2831 3238 54

612 3272 945 3335 Asconius
978 3272 1091 3356 qui
1119 3270 1291 3334 falso
1334 3271 1576 3335 dicitur
1606 3270 1693 3334 ad
1734 3272 1973 3335 librum
2011 3273 2081 3335 in
2109 3270 2393 3335 Verrem
2435 3273 2571 3342 1,51
2616 3274 2725 3336 sed
2755 3273 2829 3333 ila

613 3370 987 3447 declinatur,
1030 3367 1142 3431 Ῐιοσ
1187 3370 1356 3432 dium
1369 3417 1389 3449 ,
1431 3368 1613 3432 hui-143
1651 3371 1740 3433 dii
1783 3376 1907 3432 etc.
1966 3368 2207 3434 Festus
2251 3394 2314 3456 p.
2339 3370 2575 3444 1852?
2608 3371 2830 3446 Dialis,

612 3467 760 3552 quia
787 3466 1053 3528 universi
1079 3467 1294 3529 mundi
1318 3468 1603 3531 sacerdos
1621 3516 1639 3546 ,
1669 3470 1778 3553 qui
1806 3469 2151 3553 appellatur
2179 3470 2348 3531 dium
2371 3518 2385 3531 .
2418 3468 2545 3532 sed
2574 3471 2674 3532 dio
2702 3468 2827 3530 sive

612 3564 748 3626 divo
796 3570 862 3627 et
885 3553 1013 3627 'diu
1036 3611 1055 3642 ,
1107 3563 1280 3627 sicut
1300 3564 1474 3650 freto
1516 3573 1585 3628 et
1611 3565 1822 3651 from,
1875 3565 2188 3629 dicuntur
2228 3588 2270 3630 a
2310 3566 2577 3632 duobus
2604 3568 2829 3636 rectis⁹

610 3682 785 3745 quac
829 3668 986 3724 sunt
1026 3662 1163 3724 dius
1206 3668 1275 3724 et
1313 3662 1550 3724 divum.
1594 3670 1950 3749 utrumque
1979 3674 2233 3728 rectum
2262 3686 2304 3728 a
2332 3664 2640 3729 Varrone
2668 3662 2827 3727 indi-

612 3768 835 3824 catum
875 3768 1042 3845 puto
1075 3760 1160 3823 dc
1205 3760 1431 3845 lingua
1458 3760 1701 3825 Latina
1728 3763 1959 3826 librov
1990 3762 2147 3848 p.72
2163 3812 2182 3842 ,
2228 3763 2340 3827 ubi
2385 3764 2483 3828 sic
2513 3763 2827 3827 Florenti-

607 3880 735 3923 nus
778 3858 999 3922 codex
1028 3907 1041 3921 .
1100 3857 1239 3922 Hoc
1281 3860 1444 3922 idem
1490 3862 1690 3945 mayis
1732 3861 1985 3925 ostendit
2024 3863 2333 3947 antiquius
2372 3863 2535 3925 Iovi-s·
2586 3883 2826 3925 nomen.-

605 3980 754 4020 nam
795 3959 941 4021 olim
971 3959 1188 4022 Diovis
1229 3969 1286 4021 et
1312 3958 1587 4042 Dispiter
1627 3961 1852 4039 dictus,
1895 3961 1964 4022 id
2004 3971 2090 4023 est
2114 3961 2241 4023 dies
2255 3971 2476 4045 paz'er.
2525 3984 2565 4022 α
2589 3982 2710 4044 quo
2738 3958 2827 4020 dei

606 4055 754 4118 dicti
781 4057 887 4141 qui
915 4056 1058 4118 inde
1071 4102 1090 4133 ,
1121 4065 1178 4118 et
1205 4052 1348 4118 dics
1380 4067 1436 4118 et
1465 4054 1687 4119 divum
1708 4106 1721 4119 .
1770 4059 1929 4122 unde
1954 4057 2063 4121 sub
2092 4059 2228 4121 divo
2257 4059 2395 4121 dius
2425 4058 2635 4122 Edit&
2652 4083 2675 4118 .·
2714 4057 2823 4118 ita·

604 4176 722 4239 que
743 4154 884 4216 inde
905 4154 1034 4215 eius
1048 4153 1438 4239 perforatum
1460 4164 1675 4216 tectum
1690 4204 1708 4234 ,
1739 4167 1809 4218 ut
1826 4180 1899 4219 ea
1919 4157 2197 4219 videatur
2226 4157 2431 4219 divum
2444 4204 2463 4234 ,
2493 4157 2563 4219 id
2583 4165 2669 4216 es!
2693 4177 2823 4216 cae-

604 4252 732 4315 lum
753 4300 766 4313 .
810 4249 1238 4314 scribendum
1269 4252 1372 4314 aio
1406 4263 1463 4314 el
1488 4253 1626 4316 dius
1654 4265 1711 4316 et
1737 4255 1937 4316 divum
1958 4302 1976 4333 ‚
2023 4274 2235 4338 eaque
2262 4254 2358 4316 ita
2385 4249 2823 4334 intellegenda

602 4355 680 4412 ut
709 4347 849 4412 dixi
879 4371 892 4410 :
936 4369 1088 4412 nam
1116 4370 1334 4432 neque
1363 4349 1430 4411 in
1459 4350 1597 4412 dius
1626 4350 1955 4416 adiectivo
1997 4352 2182 4414 notio
2213 4361 2495 4437 apparet
2526 4349 2651 4413 diei
2682 4348 2820 4410 sive

602 4445 768 4509 caeli
796 4494 813 4521 ‚
855 4465 1074 4530 neque
1122 4446 1271 4511 dius
1303 4446 1533 4512 Fidius
1563 4450 1945 4535 simpliciter
1974 4452 2112 4514 dius
2141 4448 2269 4512 dici
2306 4457 2561 4534 potest.
2604 4446 2753 4509 sine
2782 4467 2819 4507 u
