3042 5192
1304 492 1366 560 II
2359 500 2446 566 43

97 690 149 729 so
285 670 352 732 Si
382 688 666 733 cessare
698 676 908 754 putas
939 686 1157 729 rerum
1186 664 1550 752 primordia
1576 688 1780 754 posse

205 781 680 868 cessandoque
709 802 934 845 novos
962 800 1182 844 rerum
1211 781 1611 867 progignere
1641 790 1862 846 motus
1882 833 1896 853 ,

205 900 391 964 avius
421 920 465 961 a
492 918 663 961 vera
691 896 895 981 longe
924 894 1183 960 ratione
1211 895 1481 981 vagaris
1502 945 1515 958 .

204 1037 353 1079 nam
386 1013 711 1100 quoniam
741 1032 868 1099 per
893 1011 1090 1074 inane
1117 1017 1480 1096 vagantur,
1503 1019 1748 1075 cuncta
1775 1026 2122 1078 necessest

207 1138 320 1195 aut
347 1128 699 1215 gravitate
730 1146 855 1190 sua
882 1124 1039 1189 ferri
1066 1123 1433 1212 primordia
1458 1144 1680 1189 rerum
1698 1176 1713 1201 ‚

96 1264 151 1308 35
207 1254 321 1310 aut
348 1246 493 1309 ictu
522 1241 707 1306 forte
737 1241 1045 1306 alterius.
1069 1260 1221 1303 nam
1252 1260 1401 1303 cum
1431 1240 1565 1303 cita
1592 1261 1797 1327 saepe

208 1360 409 1423 obvia
439 1356 810 1422 conflixere
828 1405 844 1431 ‚
864 1355 941 1419 fit
967 1363 1043 1419 ut
1071 1354 1340 1419 diversa
1365 1363 1647 1442 repente

174 1462 181 1470 ’
210 1473 581 1539 dissiliant:
603 1492 827 1557 neque
859 1471 1029 1534 enim
1056 1470 1292 1533 mirum
1311 1519 1327 1544 ‚
1352 1468 1706 1534 durissima
1733 1492 1906 1556 quae
1936 1473 2070 1537 sint

210 1586 632 1676 ponderibus
662 1584 895 1651 solidis
923 1606 1142 1670 neque
1174 1583 1530 1670 quicquam
1558 1607 1600 1648 a
1626 1594 1819 1672 tergo
1851 1587 2000 1651 ibus
2031 1589 2284 1655 obstet.
2334 1618 2340 1625 ·

217 1712 283 1767 et
312 1725 450 1789 quo
480 1701 721 1765 iactari
746 1701 957 1786 magis
988 1700 1207 1764 omnia
1233 1699 1536 1763 materiai

103 1836 162 1881 so
220 1838 509 1905 corpora
537 1814 899 1904 pervideas
918 1864 933 1889 ‚
954 1814 1379 1879 reminiscere
1406 1814 1620 1878 totius
1645 1815 1847 1879 imum

220 1933 309 1997 nil
336 1953 490 1997 esse
518 1933 592 1995 in
622 1952 873 1996 summa
894 1978 909 2005 ‚
931 1948 1152 2015 neque
1180 1927 1432 1993 habere
1459 1928 1574 1992 ubi
1603 1950 1895 2017 corpora
1921 1933 2132 2019 prima

220 2048 634 2123 consistant3
667 2045 978 2130 quoniam
1007 2045 1295 2132 spatium
1325 2044 1467 2108 sine
1493 2043 1624 2107 fine
1653 2044 2064 2132 modoquest
2081 2096 2096 2122 ‚

218 2164 724 2246 inmensumque
752 2168 985 2248 patere
1013 2160 1082 2222 in
1112 2165 1389 2222 cunctas
1418 2155 1718 2244 undique
1744 2163 1959 2248 partis

218 2278 521 2365 pluribus
553 2273 827 2339 ostendi
855 2282 923 2337 et
950 2282 1135 2337 certa
1161 2274 1424 2337 ratione
1452 2274 1910 2360 probatumst.

105 2409 162 2453 95
220 2389 407 2476 quod
439 2390 759 2476 quoniam
789 2396 1085 2463 constat,
1110 2389 1181 2451 ni
1208 2388 1442 2452 mirum
1460 2437 1476 2464 ‚
1500 2388 1684 2452 nulla
1714 2390 1903 2474 quies
1935 2399 2040 2456 est

220 2503 485 2571 reddita
517 2503 917 2591 corporibus
949 2503 1175 2589 primis
1204 2523 1326 2590 per
1354 2503 1551 2566 inane
1580 2503 1989 2591 profundum
2010 2555 2024 2577 ,

222 2618 340 2684 sed
366 2618 585 2705 magis
615 2616 901 2681 adsiduo
930 2618 1255 2704 varioque
1287 2618 1581 2682 exercita
1607 2626 1795 2682 motu

224 2735 461 2822 partim
490 2732 860 2797 intervallis
888 2733 1146 2818 magnis
1176 2732 1474 2797 confulta
1500 2732 1834 2797 resultant
1851 2783 1867 2809 ,

222 2871 379 2937 pars
411 2849 613 2912 etiam
641 2848 957 2912 brevibus
987 2848 1220 2935 spatiis
1246 2854 1581 2913 vexantur
1611 2849 1696 2913 ab
1725 2848 1864 2913 ictu
1884 2899 1897 2911 .

91 2980 171 3027 100
223 2971 292 3028 et
323 2983 499 3048 quae
528 2983 811 3048 cumque
837 2962 1048 3049 magis
1079 2960 1425 3027 condenso
1456 2962 1814 3028 conciliatu

227 3077 488 3163 exiguis
516 3076 881 3141 intervallis
911 3085 1235 3141 convecta
1261 3077 1597 3142 resultant
1613 3127 1629 3153 ‚

224 3189 622 3279 indupedita
650 3192 790 3256 suis
828 3193 1165 3279 perplexis
1205 3192 1353 3278 ipsa
1378 3190 1644 3277 figuris,

227 3306 388 3371 hacc
417 3305 682 3371 validas
712 3306 857 3370 saxi
885 3304 1147 3370 radices
1178 3314 1247 3369 et
1274 3304 1419 3370 fera
1446 3305 1608 3370 ferri

230 3443 517 3509 corpora
548 3422 964 3486 constituunt
981 3470 996 3496 ‚
1021 3430 1090 3486 et
1119 3429 1344 3485 cetera
1373 3419 1459 3484 de
1488 3441 1732 3506 genere
1762 3420 2000 3485 horum

94 3550 175 3595 105
226 3537 511 3623 paucula
541 3557 713 3621 quae
743 3557 948 3622 porro
976 3557 1286 3622 magnum
1313 3557 1438 3623 per
1464 3536 1662 3599 inane
1691 3547 2053 3623 vagantur.

229 3660 455 3715 cetera
484 3649 820 3714 dissiliunt
846 3649 1045 3737 longe
1064 3700 1080 3727 ‚
1102 3650 1434 3737 longeque
1461 3661 1813 3716 recursant

230 3765 295 3828 in
320 3766 586 3852 magnis
612 3765 1011 3829 intervallis:
1035 3765 1203 3829 haec
1231 3771 1388 3830 aera
1419 3786 1645 3829 rarum

230 3879 570 3945 sufficiunt
597 3880 793 3944 nobis
825 3888 893 3945 et
919 3878 1277 3968 splendida
1303 3880 1551 3944 lumina
1580 3880 1740 3945 solis
1758 3928 1774 3955 ‚

228 3995 573 4082 multaque
602 4002 954 4082 praeterea
980 4017 1290 4081 magnum
1319 4018 1441 4083 per
1466 3996 1666 4061 inane
1693 3996 2023 4081 vagantur
2041 4045 2056 4070 ‚

102 4122 178 4169 110
227 4110 523 4175 conciliis
551 4131 774 4175 rerum
807 4132 976 4196 quae
1006 4118 1165 4176 sunt
1190 4112 1440 4176 reiecta
1466 4132 1593 4175 nec
1621 4132 1904 4196 usquam

240 4396 299 4440 84
336 4389 467 4440 terri
517 4391 538 4456 ΙΙ
587 4395 651 4441 85
691 4405 811 4441 cum
847 4396 1115 4445 omissum.
1163 4391 1186 4458 ΙΙ
1235 4395 1300 4441 86
1335 4388 1640 4441 conflexerc
1687 4388 1709 4455 ΙΙ
1755 4390 1832 4442 uti
1882 4389 1902 4458 ΙΙ
1951 4396 2015 4440 88
2051 4386 2291 4456 tergibus
2340 4386 2361 4455 Η
2399 4393 2462 4437 94

242 4469 477 4524 ostendit
506 4480 559 4523 ct-
594 4471 617 4539 ΙΙ
654 4477 721 4525 95
758 4471 922 4526 multa
957 4470 979 4538 11
1015 4479 1081 4526 99
1118 4474 1332 4527 brevius
1367 4472 1389 4540 ΙΙ
1432 4479 1523 4526 104
1565 4471 1632 4525 de
1654 4479 1920 4529 omissum.
1958 4471 1981 4539 ΙΙ
2021 4478 2113 4525 105
2153 4469 2384 4522 I'aucuia
