3042 5192
624 440 761 509 188
1683 435 1752 501 V

609 612 1053 700 nympharum
1072 659 1088 686 ‚
1112 610 1354 697 quibus
1385 631 1421 673 e
1451 610 1716 674 scibant
1741 608 1972 672 umori’
1999 607 2253 674 fluenta

454 745 554 793 950
608 727 865 791 lubrica
890 726 1197 812 proluvie
1224 726 1411 811 larga
1438 724 1664 789 lavere
1692 722 1918 788 umida
1945 744 2111 788 saxa
2128 773 2143 800 ‚

607 840 831 905 umida
859 862 1023 906 saxa
1041 890 1056 917 ,
1079 861 1283 926 super
1310 838 1505 904 viridi
1536 838 1856 904 stillantia
1881 860 2113 903 musco
2134 888 2150 913 ‚

490 1005 497 1014 .
610 963 677 1020 et
705 956 945 1041 partim
973 955 1177 1041 plano
1208 962 1471 1018 scatere
1501 962 1709 1040 atque
1738 974 2087 1040 erumpere
2117 976 2354 1042 campo
2375 1005 2388 1018 .

604 1092 731 1134 nec
761 1069 919 1134 dum
949 1091 1058 1134 res
1086 1070 1223 1156 igni
1252 1069 1514 1133 scibant
1541 1076 1837 1134 tractare
1871 1089 2093 1154 neque
2122 1069 2220 1133 uti

604 1185 889 1273 pellibus
921 1191 989 1249 et
1019 1183 1248 1271 spoliis
1279 1206 1527 1270 corpus
1556 1184 1806 1249 vestire
1832 1183 2124 1248 ferarum
2142 1233 2157 1257 ‚

449 1319 549 1364 955
604 1299 725 1366 sed
753 1321 1028 1365 nemora
1057 1307 1259 1384 atque
1291 1320 1495 1364 cavos
1522 1299 1770 1363 montis
1801 1298 2138 1385 silvasque
2168 1300 2478 1367 colebant
2495 1351 2511 1378 ‚

603 1424 671 1481 et
697 1415 978 1480 frutices
1005 1415 1180 1479 inter
1208 1413 1597 1478 condebant
1625 1413 1932 1500 squalida
1959 1416 2287 1491 membra,

599 1531 885 1595 verbera
910 1536 1265 1594 ventorum
1291 1529 1506 1593 vitare
1533 1529 1897 1615 imbrisque
1928 1530 2146 1594 coacti
2163 1579 2177 1593 .

600 1667 725 1709 nec
756 1666 1099 1710 commune
1126 1645 1378 1709 bonum
1404 1650 1722 1731 poterant
1750 1653 2060 1730 spectare
2078 1693 2096 1721 ‚
2117 1665 2338 1731 neque
2366 1646 2517 1710 ullis

599 1761 898 1825 moribus
925 1761 1099 1825 inter
1129 1777 1203 1824 se
1233 1759 1499 1823 scibant
1524 1779 1652 1823 nec
1680 1758 1940 1845 legibus
1968 1760 2068 1824 uti
2084 1809 2098 1823 .

444 1892 543 1940 960
600 1874 788 1961 quod
817 1877 1055 1960 cuique
1087 1873 1424 1939 obtulerat
1449 1872 1745 1961 praedae
1773 1873 2050 1939 fortuna
2066 1923 2082 1951 ,
2104 1874 2365 1940 ferebat

599 1997 842 2076 sponte
872 2012 993 2055 sua
1023 1990 1149 2054 sibi
1179 1988 1462 2074 quisque
1490 1988 1714 2053 valere
1745 1997 1814 2053 et
1838 1989 2068 2054 vivere
2101 1988 2347 2055 doctus
2367 2042 2380 2054 .

598 2112 666 2169 et
693 2102 927 2169 Venus
954 2105 1023 2168 in
1052 2105 1235 2169 silvis
1262 2103 1585 2189 iungebat
1611 2126 1902 2191 corpora
1930 2113 2298 2170 amantum:

597 2220 998 2285 conciliabat
1027 2219 1197 2282 enim
1225 2218 1336 2284 vel
1360 2226 1591 2283 mutua
1620 2241 1952 2305 quamque
1982 2218 2228 2306 cupido

593 2335 703 2398 vel
731 2335 1028 2400 violenta
1054 2334 1178 2398 viri
1206 2334 1309 2400 vis
1338 2343 1544 2420 atque
1572 2335 1855 2421 inpensa
1880 2333 2089 2400 libido

438 2466 536 2512 965
593 2450 701 2513 vel
728 2451 1017 2536 pretium
1036 2499 1052 2526 ‚
1075 2448 1356 2535 glandes
1387 2457 1593 2535 atque
1622 2450 1839 2515 arbita
1865 2450 1976 2515 vel
2000 2450 2150 2538 pira
2178 2450 2353 2515 lecta
2372 2500 2386 2514 .

594 2573 663 2629 et
690 2586 1001 2629 manuum
1027 2564 1195 2628 mira
1221 2563 1379 2628 freti
1405 2565 1655 2629 virtute
1684 2564 2068 2652 pedumque

592 2679 1158 2744 consectabantur
1188 2679 1520 2744 silvestria
1551 2680 1773 2745 saecla
1799 2680 2092 2745 ferarum
2112 2729 2128 2758 ,

589 2795 929 2880 multaque
956 2794 1314 2859 vincebant
1329 2843 1346 2870 ‚
1366 2795 1671 2860 vitabant
1697 2817 1918 2882 pauca
1943 2796 2217 2862 latebris
2236 2846 2251 2871 ‚

593 2910 1073 2995 saetigerisque
1101 2929 1304 2996 pares
1332 2909 1541 2974 subus

433 3043 532 3089 975
585 3025 941 3091 missilibus
972 3026 1151 3089 saxis
1182 3032 1251 3089 et
1274 3045 1517 3111 magno
1546 3023 1853 3111 pondere
1883 3024 2111 3090 clavae
2129 3075 2142 3090 .

1540 3140 1872 3205 silvestria
1896 3141 2192 3206 membra

432 3272 530 3319 970
587 3256 772 3321 nuda
800 3255 1054 3321 dabant
1082 3263 1301 3320 terrae
1319 3305 1334 3332 ,
1356 3262 1690 3321 nocturno
1717 3262 2026 3342 tempore
2057 3259 2236 3344 capti
2254 3308 2270 3333 ‚

586 3372 834 3435 circum
864 3393 937 3436 se
964 3371 1141 3436 foliis
1171 3393 1250 3436 ac
1278 3371 1634 3436 frondibus
1661 3370 2082 3436 involventes
2101 3421 2115 3434 .

583 3508 711 3550 nec
740 3486 1067 3573 plangore
1097 3486 1271 3549 diem
1297 3507 1542 3572 magno
1574 3486 1917 3572 solemque
1945 3508 2071 3574 per
2100 3508 2301 3573 agros

586 3603 1000 3688 quaerebant
1027 3601 1256 3690 pavidi
1282 3601 1592 3690 palantes
1618 3602 1839 3666 noctis
1866 3601 1936 3664 in
1961 3602 2212 3666 umbris
2231 3651 2247 3678 ‚

584 3716 709 3782 sed
737 3718 921 3782 taciti
948 3718 1427 3804 respectabant
1454 3737 1828 3802 somnoque
1859 3718 2103 3802 sepulti
2120 3767 2136 3795 ‚

427 3848 527 3896 970
582 3833 742 3898 dum
769 3856 967 3899 rosea
994 3833 1142 3899 face
1171 3833 1275 3898 sol
1300 3831 1581 3896 inferret
1607 3832 1856 3896 lumina
1883 3833 2107 3897 caelo:

580 3971 623 4014 a
649 3951 876 4035 parvis
909 3948 1097 4036 quod
1126 3949 1298 4013 enim
1328 3954 1737 4012 consuerant
1765 3968 2040 4013 cernere
2069 3968 2331 4034 semper

578 4064 838 4129 alterno
867 4066 1181 4130 tenebras
1212 4071 1281 4128 et
1307 4064 1520 4128 lucem
1551 4071 1854 4149 tempore
1881 4064 2063 4150 gigni
2080 4112 2096 4139 ‚

576 4202 714 4242 non
747 4189 890 4244 erat
916 4188 994 4244 ut
1020 4180 1163 4243 fieri
1189 4187 1426 4266 posset
1452 4178 1750 4243 mirarier
1775 4199 2089 4263 umquam

580 4333 645 4342 *—

585 4383 684 4428 949
721 4394 909 4430 umore
957 4378 977 4446 ΙΙ
1027 4383 1125 4429 953
1163 4376 1397 4430 scribant
1446 4380 1468 4448 Η
1518 4383 1618 4430 959
1656 4376 1896 4430 sciebant
1953 4378 1974 4447 ΙΙ
2024 4384 2122 4431 962
2159 4378 2376 4449 lugebat
2423 4380 2444 4448 ss
2490 4385 2591 4433 970
2624 4375 2791 4432 Nuda-

586 4461 715 4515 bant
750 4461 772 4530 ΙΙ
810 4466 907 4515 973
946 4459 1153 4533 parvidi
1192 4461 1212 4531 ΙΙ
1249 4467 1347 4515 976
1384 4470 1538 4515 rotea
1573 4461 1594 4530 ΙΙ
1631 4466 1728 4514 977
1767 4462 2000 4532 Apervis
