3042 5192
94 1083 181 1126 2⁸00

90 1656 177 1700 ³05

86 2807 171 2851 ⁸15

88 3385 174 3425 ³:¹1»

1338 428 1403 496 V

232 614 415 669 terra
444 605 571 676 sit,
597 624 637 665 e
667 609 851 666 terra
880 602 1195 687 quoniam
1225 611 1383 666 sunt
1412 611 1656 668 cuncta
1684 614 1938 670 creata.

228 720 579 804 multaque
610 739 792 782 nunc
822 716 1018 780 etiam
1049 716 1348 781 existunt
1389 718 1695 783 animalia
1723 721 1920 786 terris
1940 770 1954 796 ‚

227 833 555 898 imbribus
588 839 660 895 et
689 829 907 895 calido
938 831 1101 896 solis
1131 840 1449 897 concreta
1474 853 1763 920 vapore3

230 969 368 1033 quo
398 947 626 1011 minus
657 953 764 1011 est
790 947 1025 1011 mirum
1042 994 1059 1022 ‚
1082 946 1140 1010 si
1168 953 1309 1011 tum
1338 955 1497 1012 sunt
1522 948 1720 1034 plura
1748 959 1982 1018 coorta

232 1073 303 1127 et
328 1063 593 1127 maiora
610 1111 627 1139 ‚
648 1084 829 1126 nova
858 1061 1095 1126 tellure
1125 1069 1327 1147 atque
1356 1063 1633 1128 aethere
1663 1063 1925 1130 adulta.

228 1178 569 1265 principio
601 1198 815 1262 genus
843 1176 1116 1241 alituum
1143 1178 1505 1263 variaeque
1533 1178 1844 1244 volucres

230 1314 364 1357 ova
391 1292 868 1378 relinquebant
897 1290 1206 1358 exclusae
1235 1299 1542 1379 tempore
1570 1315 1780 1359 verno
1801 1344 1817 1371 ‚

227 1407 571 1472 folliculos
598 1414 680 1471 ut
705 1428 884 1471 nunc
913 1407 1145 1472 teretis
1175 1415 1432 1472 aestate
1462 1406 1736 1473 cicadae

226 1523 495 1587 lincunt
525 1529 770 1610 sponte
801 1543 923 1586 sua
949 1522 1197 1588 victum
1225 1523 1562 1609 vitamque
1590 1531 1932 1610 petentes,

227 1647 369 1702 tum
397 1637 527 1702 tibi
554 1645 739 1702 terra
767 1635 958 1701 dedit
984 1638 1235 1724 passim
1263 1639 1570 1703 mortalia
1597 1640 1820 1704 saecla
1838 1689 1851 1702 .

232 1753 483 1817 multus
517 1752 690 1814 enim
720 1751 902 1816 calor
932 1761 1137 1838 atque
1164 1775 1357 1818 umor
1386 1755 1753 1841 superabat
1779 1755 1849 1817 iu
1878 1757 2091 1819 arvis:

229 1867 365 1931 hoc
395 1867 509 1931 ubi
541 1888 849 1954 quaeque
879 1867 1011 1931 loci
1037 1868 1226 1954 regio
1258 1876 1644 1956 opportuna
1673 1867 1962 1934 dabatur
1981 1920 1995 1946 ‚

231 1982 637 2048 crescebant
663 1982 838 2047 uteri
862 1991 1111 2048 terram
1138 1982 1475 2048 radicibus
1504 1984 1679 2070 apti;

232 2120 407 2184 quos
437 2098 557 2162 ubi
586 2105 889 2186 tempore
917 2106 1179 2163 maturo
1209 2106 1368 2186 pate
1395 2097 1652 2163 fecerat
1679 2106 1907 2163 aestus

226 2213 557 2277 infantum
575 2261 592 2288 ‚
615 2212 876 2299 fugiens
905 2235 1202 2279 umorem
1231 2234 1567 2298 aurasque
1595 2222 1949 2300 petesseus
1968 2265 1981 2289 ,

226 2328 675 2393 convertebat
701 2328 791 2392 ibi
816 2336 1061 2394 natura
1087 2328 1417 2393 foramina
1444 2336 1670 2393 terrae

229 2453 298 2508 et
325 2465 568 2507 sucum
596 2444 784 2508 venis
814 2446 1101 2531 cogebat
1126 2442 1410 2509 fundere
1442 2444 1696 2531 apertis

227 2558 645 2623 consimilem
671 2559 864 2624 lactis
881 2608 897 2634 ‚
920 2560 1094 2624 sicut
1121 2581 1300 2623 nunc
1325 2559 1572 2623 femina
1601 2581 1907 2645 quaeque

228 2697 377 2738 cum
406 2675 678 2762 peperit
694 2723 710 2751 ,
736 2673 913 2739 dulci
939 2674 1238 2760 repletur
1263 2674 1441 2739 lacte
1457 2723 1474 2751 ‚
1499 2674 1689 2760 quod
1718 2678 1931 2740 omnis

224 2791 521 2877 impetus
551 2790 619 2852 in
647 2810 962 2854 mammas
990 2791 1408 2855 convertitur
1435 2790 1546 2854 ille
1576 2790 1900 2856 alimenti.

224 2915 408 2970 terra
437 2905 662 2969 cibum
689 2905 915 2991 pueris
931 2954 947 2981 ‚
969 2913 1228 2970 vestem
1257 2927 1471 2993 vapor
1489 2955 1504 2982 ‚
1527 2906 1741 2971 herba
1768 2907 1980 2970 cubile

226 3019 607 3107 praebebat
634 3019 842 3084 multa
871 3028 939 3085 et
966 3020 1148 3086 molli
1176 3021 1486 3107 lanugine
1516 3019 1902 3086 abundans.

223 3143 294 3199 at
320 3136 596 3199 novitas
622 3134 853 3198 mundi
879 3157 1005 3199 nec
1032 3134 1285 3221 frigora
1314 3135 1485 3199 dura
1512 3136 1734 3201 ciebat

222 3272 350 3313 nec
378 3249 621 3314 nimios
650 3257 877 3314 aestus
905 3272 1032 3314 nec
1059 3250 1315 3336 magnis
1344 3250 1598 3316 viribus
1627 3272 1824 3315 auras
1843 3300 1856 3313 .

229 3366 456 3429 omnia
485 3365 663 3428 enim
689 3367 943 3452 pariter
972 3374 1286 3430 crescunt
1316 3373 1385 3430 et
1412 3367 1664 3432 robora
1691 3373 1960 3430 sumunt
1978 3415 1992 3428 .

308 3481 543 3561 Quare
573 3480 768 3545 etiam
798 3487 1003 3565 atque
1034 3480 1241 3545 etiam-
1260 3488 1632 3546 maternum
1659 3503 1904 3547 nomen
1933 3480 2181 3568 adopta

225 3604 411 3659 terra
440 3602 631 3660 tenet
658 3596 892 3660 merito
911 3643 928 3672 ,
953 3595 1267 3681 quoniam
1296 3617 1507 3682 genus
1538 3598 1687 3683 ipsa
1715 3598 1966 3687 creavit

222 3711 593 3775 humanum
623 3717 825 3795 atque
854 3710 1093 3776 animal
1118 3732 1333 3799 prope
1362 3721 1548 3777 certo
1577 3720 1882 3799 tempore
1909 3711 2084 3776 fudit

224 3848 428 3890 omne
447 3874 465 3900 ‚
496 3823 687 3910 quod
712 3825 782 3888 in
807 3825 1063 3911 magnis
1095 3825 1461 3893 bacchatur
1489 3829 1810 3893 montibu’
1840 3829 2083 3916 passim
2106 3877 2120 3902 ‚

114 3959 169 4001 25
220 3943 579 4026 aeriasque
610 3940 805 4004 simul
830 3940 1141 4006 volucres
1170 3943 1561 4009 variantibu'
1589 3943 1819 4008 formis
1839 3994 1852 4007 .

224 4056 351 4121 sed
383 4057 545 4143 quia
570 4054 767 4118 finem
797 4055 1085 4141 aliquam
1114 4056 1419 4144 pariendi
1450 4058 1656 4123 debet
1682 4059 1932 4124 habere
1951 4107 1967 4132 ,

2348 435 2483 504 183

234 4339 334 4384 799
371 4341 462 4385 tus
510 4332 533 4400 ΙΙ
578 4340 680 4386 800
716 4333 919 4388 maiore
962 4336 983 4404 ΙΙ
1033 4341 1131 4389 8Ο2
1168 4336 1498 4405 reliquebaut
1543 4338 1565 4406 ΙΙ
1612 4344 1708 4390 805
1748 4338 1973 4408 primum
2011 4337 2031 4407 ΙΙ
2069 4342 2167 4389 809
2203 4343 2407 4389 aestas.
2444 4335 2464 4400 ιζ

234 4421 335 4467 812
374 4414 449 4469 Ut
488 4416 509 4484 ΙΙ
550 4422 650 4470 823
689 4418 863 4471 anima
897 4418 919 4486 ΙΙ
955 4426 1054 4472 824
1091 4420 1267 4490 magni
1305 4420 1327 4487 ΙΙ
1363 4427 1460 4473 825
1499 4420 1800 4491 Aeriaequc
