3042 5192
442 1561 597 1634 x25

534 2137 598 2182 30

535 2710 596 2756 35

534 3286 597 3331 40

534 3861 596 3906 45

667 451 807 519 206
1731 451 1830 518 VI

660 625 989 710 intellegit
1014 624 1106 688 ibi
1135 624 1365 688 vitium
1391 645 1512 688 vas
1546 623 1807 688 efficere
1836 626 2053 711 ipsum
2073 675 2088 700 ‚

661 741 1013 825 omniaque
1054 738 1226 802 illius
1255 738 1418 802 vitio
1457 741 1868 826 corrumpier
1910 741 2091 804 intus
2110 788 2126 816 ‚

662 876 833 939 quae
866 853 1131 918 conlata
1157 852 1323 916 foris
1342 902 1358 930 ,
1382 861 1452 917 et
1480 853 1833 919 commoda
1850 903 1865 930 ‚
1890 876 2173 941 cumque
2201 856 2542 935 venirentg

534 989 562 1031 2
658 970 902 1056 partim
933 967 1118 1054 quod
1145 967 1394 1032 fluxum
1422 976 1905 1054 pertusumque
1938 991 2087 1034 esse
2117 969 2422 1040 videbat.

658 1093 735 1149 ut
762 1084 945 1148 nulla
971 1090 1211 1167 posset
1237 1083 1496 1147 ratione
1530 1084 1858 1170 explerier
1885 1106 2231 1170 umquam3

659 1200 902 1286 partim
932 1197 1119 1283 quod
1148 1204 1368 1262 taetro
1402 1199 1591 1284 quasi
1623 1219 2074 1284 conspurcare
2105 1220 2347 1286 sapore

660 1315 879 1378 omnia
908 1313 1227 1377 cernebat
1244 1361 1259 1388 ‚
1290 1333 1464 1398 quae
1495 1333 1780 1397 cumque
1807 1320 2193 1399 receperat,
2214 1314 2396 1378 intus
2415 1364 2428 1376 .

657 1427 970 1492 veridicis
996 1428 1199 1514 igitur
1227 1427 1541 1512 purgavit
1567 1434 1850 1512 pectora
1881 1427 2076 1492 dictis
2096 1477 2111 1504 ‚

659 1551 727 1607 et
753 1543 951 1606 finem
981 1542 1218 1606 statuit
1247 1539 1641 1626 cuppedinis
1672 1550 1878 1627 atque
1905 1543 2197 1632 timoris,

662 1658 1104 1742 exposuitque
1132 1657 1382 1721 bonum
1412 1677 1735 1720 summum
1753 1706 1769 1732 ‚
1795 1678 1929 1742 quo
1959 1656 2295 1721 tendimus
2326 1678 2557 1722 omnes
2577 1708 2590 1732 ‚

664 1772 826 1860 quid
854 1773 1033 1837 foret
1050 1821 1066 1849 ‚
1091 1780 1294 1857 atque
1322 1772 1498 1836 viam
1523 1772 1925 1836 monstravit
1942 1820 1957 1846 ‚
1980 1773 2245 1836 tramite
2273 1794 2485 1858 parvo

662 1910 797 1975 qua
823 1908 1176 1976 possemus
1207 1886 1296 1950 ad
1329 1885 1400 1950 id
1428 1895 1618 1950 recto
1651 1885 2064 1950 contendere
2096 1909 2329 1962 cursu,

661 2002 908 2090 quidve
936 2004 1088 2067 mali
1115 2001 1293 2066 foret
1319 2002 1389 2064 in
1418 2001 1621 2066 rebus
1649 2001 2022 2066 mortalibu’
2052 2003 2301 2088 passim
2320 2051 2335 2076 ‚

665 2118 852 2205 quod
878 2118 1072 2183 fieret
1097 2115 1386 2181 naturali
1412 2116 1730 2201 varieque
1758 2117 2022 2180 volaret

661 2257 778 2299 seu
809 2255 1013 2298 causa
1042 2253 1160 2297 seu
1189 2211 1256 2295 ri
1275 2278 1289 2305 ,
1314 2228 1501 2315 quod
1531 2230 1627 2294 sic
1655 2239 1898 2295 natura
1926 2239 2239 2316 parasset
2257 2280 2272 2306 ‚

663 2358 731 2414 et
761 2349 1002 2435 quibus
1034 2369 1070 2411 e
1098 2346 1314 2432 portis
1344 2346 1606 2409 occurri
1637 2346 1878 2431 cuique
1910 2344 2181 2411 deceret
2199 2395 2215 2420 ‚

661 2471 729 2528 et
757 2484 968 2549 genus
996 2462 1357 2526 humanum
1383 2459 1637 2524 frustra
1663 2460 2055 2547 plerumque
2081 2462 2396 2547 probavit

657 2578 931 2642 volvere
960 2598 1267 2641 curarum
1295 2575 1508 2639 tristis
1536 2575 1606 2638 in
1633 2583 1913 2661 pectore
1942 2575 2187 2641 fluctus
2206 2625 2220 2639 .

662 2715 817 2757 nam
842 2691 1078 2755 veluti
1103 2691 1295 2776 pueri
1323 2689 1667 2775 trepidant
1696 2697 1902 2776 atque
1933 2691 2154 2755 omnia
2183 2691 2400 2755 caecis

664 2811 735 2871 in
764 2807 1059 2872 tenebris
1085 2812 1393 2869 metuunt
1411 2853 1425 2878 ‚
1450 2804 1548 2868 sic
1577 2826 1704 2869 nos
1733 2806 1803 2868 in
1830 2806 1982 2870 luce
2012 2807 2316 2871 timemus

659 2925 833 2987 inter
864 2921 1021 2986 dum
1039 2970 1055 2999 ‚
1075 2921 1211 2985 nilo
1244 2941 1417 3006 quae
1450 2927 1610 2985 sunt
1636 2920 1998 2985 metuenda
2026 2923 2235 3008 magis
2266 2943 2464 3007 quam

663 3059 835 3125 quae
862 3037 1055 3124 pueri
1082 3037 1151 3099 in
1181 3035 1477 3099 tenebris
1506 3036 1816 3122 pavitant
1840 3037 2234 3123 finguntque
2262 3036 2518 3101 futura.

659 3155 838 3218 hunc
867 3154 1069 3239 igitur
1097 3159 1423 3215 terrorem
1454 3152 1650 3215 animi
1681 3151 2131 3237 tenebrasque
2159 3159 2507 3216 necessest

659 3290 798 3332 non
826 3267 999 3332 radii
1029 3267 1188 3331 solis
1217 3287 1342 3330 nec
1369 3264 1593 3329 lucida
1621 3266 1756 3330 tela
1786 3265 1915 3331 diei

662 3382 1025 3447 discutiant
1042 3432 1056 3458 ‚
1080 3380 1201 3445 sed
1229 3388 1507 3445 naturae
1538 3383 1799 3468 species
1827 3382 2139 3467 ratioque
2158 3431 2172 3445 .

661 3520 796 3583 quo
825 3498 1037 3583 magis
1066 3497 1403 3581 inceptum
1431 3516 1708 3582 pergam
1735 3505 2091 3582 pertexere
2124 3496 2320 3561 dictis
2340 3545 2353 3558 .

741 3612 835 3676 Et
865 3613 1176 3697 quoniam
1207 3610 1405 3675 docui
1432 3610 1664 3676 mundi
1692 3611 1997 3676 mortalia
2026 3612 2276 3698 templa

664 3748 813 3792 esse
846 3735 915 3791 et
941 3727 1169 3791 nativo
1201 3727 1573 3792 consistere
1603 3748 1886 3811 corpore
1917 3728 2172 3791 caelum
2190 3776 2205 3802 ,

664 3852 731 3908 et
762 3863 933 3928 quae
964 3862 1246 3926 cumque
1271 3842 1341 3905 in
1372 3863 1452 3905 eo
1481 3842 1652 3906 fiunt
1678 3841 1930 3905 fateare
1957 3848 2306 3906 necessest

659 3958 981 4045 pleraque
1011 3955 1289 4020 dissolui
1307 4006 1322 4033 ‚
1348 3977 1521 4043 quae
1551 3964 1813 4022 restant
1838 3957 2113 4044 percipe
2140 3976 2347 4044 porro
2366 4004 2382 4029 ,

671 4271 730 4318 17
769 4264 852 4317 fas
887 4265 909 4334 ΙΙ
948 4270 1011 4315 22
1051 4280 1416 4334 conspurgare
1453 4264 1473 4334 ΙΙ
1511 4271 1578 4316 28
1614 4270 1757 4317 recta
1792 4265 1813 4333 ss
1853 4270 1916 4317 30
1953 4263 2116 4316 fuerit
2165 4264 2186 4332 ΙΙ
2242 4267 2302 4313 31
2344 4278 2472 4315 casu
2508 4264 2530 4330 ΙΙ
2570 4261 2817 4330 signatura
2855 4283 2858 4292 ·

668 4354 730 4400 32
770 4347 816 4399 E
856 4346 877 4415 ΙΙ
916 4352 977 4398 33
1016 4354 1233 4416 prusti-a
1268 4347 1289 4415 ΙΙ
1329 4353 1392 4398 34
1431 4346 1672 4400 Volnere
1709 4349 1729 4416 ΙΙ
1767 4353 1828 4398 35
1868 4346 2057 4400 caelis.
2094 4347 2114 4416 ΙΙ
2157 4351 2220 4399 44
2260 4353 2314 4398 et
2340 4353 2603 4400 omi-semu.
2642 4343 2662 4408 ΙΙ
2695 4348 2753 4394 45
2784 4337 2860 4389 fle·

664 4448 817 4501 mque
