3042 5192
635 463 773 530 382
1498 430 1513 443 ’
1609 464 1614 473 ·
1697 464 1796 531 vl

796 637 937 701 605.
969 658 1511 701 sunsrnucTA.
1556 639 1871 724 Impressi
1915 659 2419 713 sustineris,
2457 639 2688 724 itaque
2718 643 2841 705 An·

628 735 850 799 tonius
880 735 1107 798 Marii.

795 833 935 897 608.
968 833 1412 898 ancu‘lo
1442 857 1652 898 MARE
1685 854 2138 898 mmANTUR.
2171 833 2322 897 Hoc
2353 857 2491 919 quo
2521 837 2841 901 referatur

626 931 789 995 nihil
820 939 955 995 est:
984 953 1136 996 nam
1165 953 1361 996 nemo
1395 954 1476 997 ea
1497 931 1582 995 de
1613 952 1845 1006 causa,
1878 930 2064 1015 quod
2091 953 2274 995 mare
2302 934 2517 998 maius
2546 956 2682 999 non
2711 936 2838 1000 fieri

626 1031 932 1105 miratur,
978 1032 1164 1095 timet
1204 1052 1289 1094 ne
1329 1052 1548 1094 rerum
1581 1049 1833 1092 summa
1859 1037 2124 1113 pereat:
2171 1028 2303 1094 hoc
2334 1032 2509 1095 enim
2537 1055 2839 1119 praeces-

626 1137 841 1193 serat.
883 1127 1048 1192 illud
1072 1129 1290 1213 ipsum
1320 1137 1538 1192 autem
1571 1125 1756 1209 quod
1783 1133 2018 1211 poeta,
2067 1149 2214 1191 cum
2242 1131 2561 1217 principio
2604 1132 2839 1197 multos

624 1227 909 1312 aliquam
933 1236 1181 1290 certam
1210 1249 1348 1291 rem
1373 1228 1599 1289 mirari
1627 1225 1790 1288 dicit
1807 1272 1821 1299 ‚
1851 1228 2234 1290 necessario
2262 1228 2332 1290 in
2361 1237 2584 1292 mente
2615 1230 2838 1303 habet,

621 1347 952 1411 nusquam
990 1337 1304 1411 apparet,
1356 1322 1429 1387 id
1473 1332 1579 1387 est
1615 1323 1933 1388 mortales
1974 1325 2181 1388 multa
2221 1346 2394 1409 quae
2429 1330 2837 1394 naturalibus

623 1427 842 1488 causis
874 1423 1241 1487 efficiantur
1262 1421 1515 1485 frustra
1542 1422 1765 1484 mira-ri
1784 1472 1797 1485 .
1827 1443 1983 1485 nam
2011 1424 2317 1507 quamvis
2348 1426 2492 1489 eius
2519 1426 2704 1490 modi
2733 1429 2836 1492 ali-

624 1521 787 1607 quid
808 1523 876 1585 in
903 1522 1099 1585 huius
1128 1520 1276 1583 libri
1303 1520 1631 1606 principio
1657 1518 1906 1584 dictum
1929 1522 2017 1585 sit
2044 1520 2202 1585 inde
2233 1544 2272 1586 a.
2293 1544 2496 1588 versu
2519 1526 2603 1589 50
2631 1548 2834 1611 usque

621 1621 712 1685 ad
741 1621 820 1683 55
838 1668 854 1694 ‚
882 1628 1105 1684 tamen
1133 1619 1265 1681 illie
1295 1616 1379 1680 de
1410 1617 1763 1681 formidine
1792 1620 2009 1704 agitur
2028 1669 2043 1696 ‚
2084 1642 2225 1684 non
2256 1619 2341 1683 de
2369 1621 2832 1691 admiratione.

616 1720 726 1783 hic
756 1727 977 1783 autem
1007 1725 1323 1781 secuntur
1361 1717 1488 1780 alia
1516 1738 1690 1801 quae
1719 1716 2024 1781 homines
2055 1720 2272 1783 causis
2308 1742 2447 1783 non
2476 1731 2664 1785 recte
2693 1744 2833 1808 per·

619 1818 832 1904 ceptis
851 1818 1188 1895 mirantur,
1219 1816 1341 1878 654
1364 1815 1486 1879 760
1508 1815 1633 1879 850
1656 1815 1778 1879 910
1803 1815 1965 1880 1056
1989 1866 2002 1879 .
2032 1816 2169 1880 11110
2198 1816 2460 1883 accedit
2484 1819 2676 1904 quod
2703 1843 2830 1884 om-

616 1918 726 1981 nia
752 1916 922 1979 haec
940 1964 954 1991 ‚
987 1915 1227 2000 quibus
1257 1908 1436 1978 mare
1463 1913 1633 1977 fines
1663 1935 1824 1978 suos
1853 1936 1991 1977 non
2032 1914 2358 1980 excedere
2389 1916 2827 1985 demonstrat.

614 2036 752 2078 non
782 2014 945 2078 satis
975 2022 1131 2098 apte
1162 2013 1491 2076 collocata
1524 2020 1684 2077 sunt
1709 2013 1884 2075 inter
1913 2034 2022 2076 res
2048 2014 2258 2078 multo
2286 2017 2498 2102 magis
2527 2018 2826 2081 coniunc-

616 2123 768 2178 tas:
819 2133 972 2176 nam
1024 2133 1065 2175 a
1106 2120 1325 2175 terrae
1366 2111 1662 2174 motibus
1712 2110 2122 2176 commodius
2168 2111 2258 2176 ad
2294 2114 2556 2178 Aetnae
2597 2117 2826 2179 montis

617 2213 1003 2298 eruptiones
1026 2232 1224 2296 quam
1252 2209 1338 2272 ad
1368 2210 1568 2273 maris
1599 2209 2069 2273 continentiam
2099 2212 2454 2276 transitur.
2488 2236 2661 2299 quae
2690 2237 2820 2278 cum

613 2313 707 2376 ita
734 2312 873 2375 sint
890 2359 905 2386 ‚
934 2310 1126 2374 facile
1159 2317 1263 2373 est
1291 2307 1380 2372 ad
1411 2307 1954 2394 cognoscendum
1981 2330 2067 2372 ne
2095 2309 2206 2373 hic
2228 2309 2500 2394 quidem
2522 2311 2822 2377 Lucretio

613 2431 736 2496 per
764 2408 971 2472 fatum
1001 2407 1266 2471 licuisse
1303 2412 1541 2492 poema
1582 2428 1774 2470 suum
1802 2407 2152 2471 absolvere
2194 2409 2470 2493 eiusque
2510 2419 2733 2496 partes
2759 2424 2820 2475 et

613 2516 795 2573 recte
825 2507 1185 2592 disponere
1209 2513 1277 2569 et
1306 2513 1466 2592 apta
1491 2504 1802 2569 iunctura
1825 2507 2004 2571 inter
2031 2528 2181 2570 sese
2212 2516 2600 2572 conectere.
2633 2520 2818 2594 atque

611 2607 685 2670 id
712 2605 821 2670 vel
851 2626 933 2668 ex
963 2604 1095 2669 hoc
1121 2604 1506 2689 intellegere
1537 2625 1929 2715 possumus,
1970 2604 2191 2689 quod,
2227 2627 2376 2669 cum
2404 2628 2606 2671 versu
2635 2608 2712 2671 50
2736 2606 2816 2670 ad

614 2705 762 2768 libri
804 2704 1012 2766 totius
1054 2710 1511 2787 argumentum
1551 2702 1917 2787 respiciens
1948 2701 2230 2768 dixisset
2265 2705 2476 2768 Cetera
2503 2729 2662 2792 quae
2678 2708 2817 2795 fieri

609 2806 675 2867 ἐπ
703 2803 880 2866 terris
908 2803 1191 2888 caeloque
1229 2812 1467 2865 tuemur
1497 2800 1792 2863 Illortales
1807 2849 1825 2879 ,
1865 2809 2107 2885 postea
2147 2810 2371 2867 autem
2408 2824 2614 2867 versu
2651 2806 2725 2869 83
2751 2814 2812 2867 et

610 2903 691 2967 84
734 2901 900 2965 nihil
940 2900 1068 2963 nisi
1107 2898 1405 2982 mereoepa
1456 2897 1875 2982 promisisset
1897 2947 1912 2973 ‚
1977 2906 2199 2963 tamen
2247 2900 2353 2964 his
2403 2904 2809 2987 pertractatis

605 3022 810 3065 versu
840 2998 961 3063 535
990 2997 1151 3061 nihil
1179 2995 1521 3082 praefatus
1551 2994 1641 3058 ad
1671 2996 2016 3060 terrestria
2062 2999 2355 3062 transiit.
2401 2998 2573 3064 haec
2613 3003 2808 3065 omnia

604 3100 1008 3185 interpretes
1032 3117 1182 3160 cum
1202 3117 1338 3158 non
1355 3091 2007 3171 animadvertissent,
2031 3096 2309 3160 mirabili
2329 3100 2570 3163 mentis
2589 3098 2806 3162 inertia

605 3198 977 3283 probarunt
1014 3215 1280 3258 versum
1324 3213 1365 3254 a
1404 3191 1690 3256 Marullo
1733 3192 1960 3257 fictum
1978 3243 1994 3269 ‚
2048 3196 2239 3259 Nunc
2279 3199 2440 3261 ratio
2479 3198 2801 3274 reddenda,

606 3319 865 3381 auymen
885 3318 998 3358 cur
1022 3294 1255 3357 nesciat
1277 3313 1542 3377 aequor,
1574 3291 1688 3374 qui
1716 3313 1853 3355 non
1880 3291 2085 3356 modo
2114 3294 2362 3358 inutilis
2393 3304 2499 3359 est
2516 3345 2532 3371 ‚
2561 3294 2680 3360 sed
2703 3317 2798 3357 cu-

604 3394 845 3457 riosius
876 3390 1272 3456 examinanti
1303 3386 1637 3452 absurdus
1666 3438 1679 3452 .
1728 3411 1876 3453 eum
1906 3390 2090 3454 solus
2117 3392 2446 3457 Avantius
2472 3415 2610 3459 non
2638 3414 2797 3458 reee-

603 3493 734 3578 pit,
768 3512 965 3575 (1110111
993 3491 1327 3574 sequitur,
1356 3494 1434 3550 ut
1463 3487 1668 3562 solet,
1696 3487 2372 3577 Iohannes.Baptista
2399 3491 2563 3556 Pius
2581 3541 2596 3554 .

766 3589 905 3653 609.
936 3588 1268 3650 NATURA
1290 3634 1304 3647 .
1335 3585 1661 3650 Marullus
1688 3586 1796 3649 NA
1815 3610 2084 3651 ‘roxum
2103 3637 2117 3651 .

768 3687 907 3750 613.
937 3707 1211 3748 TAMEN
1253 3706 1354 3747 An
1397 3705 1643 3748 miuus
1685 3706 1937 3748 omma
1981 3708 2309 3751 summm
2351 3687 2634 3753 Gur-ra
2670 3709 2794 3752 vix

601 3806 906 3849 lns'rAR
935 3805 1196 3847 snum
1226 3805 1470 3846 umus
1498 3804 1976 3847 ADAUGMEN.
2006 3785 2158 3848 Itali
2181 3794 2250 3849 et
2269 3787 2596 3852 Marullus
2620 3789 2794 3850 Ger-

598 3907 765 3948 ‘rAiz
798 3881 923 3946 sed
949 3880 1147 3945 iidem
1177 3882 1263 3944 ad
1287 3904 1547 3966 auqmen
1575 3881 1856 3947 vocibus
1888 3882 2117 3948 divisis
2137 3932 2152 3958 ,
2199 3886 2506 3949 oratione
2535 3886 2792 3971 turpiter

597 3979 995 4046 abundanti.
1026 3978 1158 4042 hoc
1184 3979 1405 4042 nullus
1426 3980 1862 4067 interpretum
1885 3984 2383 4061 animadvertit3
2415 4006 2552 4070 quo
2575 3985 2788 4049 sactum

597 4092 701 4145 est
721 4088 797 4143 ut
818 4081 1159 4164 adauymen
1179 4076 1394 4140 lexica
1416 4077 1638 4143 adhuc
1662 4081 1998 4166 ignorent,
2022 4083 2135 4167 qui
2157 4085 2451 4147 adauctae-5
2473 4082 2683 4148 dictus
2702 4092 2792 4143 est

594 4178 662 4241 in
677 4179 847 4242 libro
865 4177 974 4251 11‚1
991 4175 1119 4239 122.
1138 4183 1296 4239 sunt
1310 4183 1530 4239 tamen
1546 4198 1702 4242 rara
1715 4178 1914 4244 huius
1931 4182 2195 4266 generis
2212 4183 2598 4266 composita.
2614 4181 2788 4264 abley-

592 4278 789 4354 mina,
803 4275 1193 4361 proseqmina
1204 4324 1222 4353 ‚
1233 4278 1665 4359 praeseqmina
1677 4323 1695 4355 ,
1720 4280 2060 4363 reseqmina
2073 4277 2266 4341 Plinii
2281 4328 2297 4353 ‚
2313 4279 2648 4364 subteqmen
2667 4277 2786 4341 sive

592 4374 910 4452 subtemen,
933 4395 1202 4451 examen,
1223 4370 1546 4459 sufflamen
1567 4374 1633 4457 (a
1646 4376 2093 4462 szgffranyendo,
2115 4384 2302 4462 put0,
2317 4385 2397 4439 ut
2411 4374 2784 4465 suffr-affines)-

584 4493 963 4555 propaqmen
1004 4471 1135 4553 (sic
1167 4491 1207 4532 a
1238 4472 1568 4555 panqendo
1609 4471 1864 4537 Ennius
1893 4473 2096 4537 Nonii
2134 4473 2407 4559 p.64‚32
2451 4482 2519 4537 et
2547 4470 2782 4553 221‚9).
