3042 5192
623 463 763 531 314
1704 403 1828 524 ν’

614 660 757 723 erqo
783 637 1079 701 videbitur
1101 637 1319 722 cuique
1339 635 1539 698 verius
1553 683 1572 713 ,
1603 657 1672 699 eo
1693 646 1903 698 utatur
1920 683 1934 697 .
1962 636 2125 698 item
2150 633 2398 699 Paulus
2422 635 2585 698 mire
2606 684 2622 709 ,
2656 637 2847 721 parti·

615 736 789 821 cipio
814 757 976 799 usus
998 736 1066 798 in
1090 730 1484 798 condicione
1502 780 1519 806 ‚
1549 732 1617 795 in
1640 731 1730 795 l.l
1759 732 1840 795 D.
1866 731 1952 795 (16
1985 731 2228 796 divort.
2256 733 2498 809 xxrv‚2
2522 734 2850 798 Dirimicur

611 834 1066 898 matrimonium
1097 833 1352 895 divmio
1390 842 1582 894 morte
1622 831 1962 915 captivitate
1992 831 2089 894 vel
2113 831 2244 895 alia
2273 834 2647 917 omatinyenle
2673 836 2849 895 sert-i·

613 944 731 998 mle
759 933 955 995 um'us
981 954 1190 995 eorum
1206 955 1228 993 .·
1257 930 1401 994 vult
1424 930 1595 992 enim
1617 928 1841 992 dicere
1862 931 1917 992 si
1939 931 2138 993 utrius
2158 953 2367 993 eorum
2391 932 2721 1015 eomiyerit
2738 953 2849 993 ser·

613 1034 796 1095 vitus.
831 1028 1020 1116 quod
1050 1028 1259 1113 siquis
1289 1030 1447 1091 inter
1477 1039 1648 1091 utras
1673 1027 1770 1091 ita
1796 1027 2349 1120 interpretabitur
2386 1037 2463 1091 ut
2494 1027 2683 1092 dicat
2719 1050 2851 1091 esse

611 1141 904 1216 utrasque
931 1176 950 1208 ,
996 1126 1245 1191 errabit
1277 1174 1291 1188 .
1338 1126 1470 1190 hoc
1502 1126 1674 1188 enim
1702 1124 1908 1189 modo
1938 1148 2073 1189 non
2102 1135 2369 1190 veteres
2387 1175 2403 1201 ‚
2443 1134 2525 1190 ut
2552 1126 2851 1190 Draken-

612 1226 893 1292 borchio
925 1224 1013 1291 ad
1048 1224 1220 1288 Livii
1249 1247 1433 1298 xxw,
1451 1224 1551 1297 39,
1570 1223 1652 1286 23
1681 1224 1895 1287 visum
1928 1232 2034 1288 est
2064 1273 2080 1299 ‚
2125 1225 2333 1289 locuti
2363 1235 2556 1298 sunt,
2588 1223 2727 1289 sed
2753 1233 2853 1288 aut

613 1327 1027 1390 recentiores
1057 1331 1175 1388 aut
1202 1344 1396 1386 nemo
1416 1371 1430 1385 .
1460 1323 1690 1407 itaque
1719 1321 1970 1386 Paulus
1998 1322 2067 1386 in
2097 1324 2137 1386 l.
2156 1324 2237 1387 34
2268 1345 2366 1408 pr.
2390 1322 2472 1386 D.
2499 1322 2588 1386 de
2620 1345 2685 1386 o.
2714 1332 2780 1386 et
2804 1344 2852 1390 a.

613 1446 793 1499 κων,
811 1423 848 1486 7
882 1422 1232 1509 scripsisse
1262 1420 1475 1485 fertur
1503 1432 1561 1485 et
1586 1421 1722 1484 ideo
1741 1432 1998 1505 possunt
2024 1432 2201 1485 utrae
2226 1432 2566 1507 competere
2598 1448 2621 1484 .·
2664 1444 2854 1485 nemo

614 1522 833 1587 credit
853 1521 1183 1586 Varronis
1227 1540 1377 1583 esse
1421 1516 1507 1582 de
1537 1519 1764 1603 lingua
1791 1518 2034 1583 Latina
2061 1520 2232 1584 libro
2264 1542 2335 1583 1x
2364 1542 2426 1605 p.
2447 1521 2573 1583 477
2604 1521 2702 1584 sic
2730 1531 2853 1583 tura

613 1646 737 1687 esse
766 1621 942 1706 apud
965 1642 1109 1697 nos,
1153 1624 1272 1683 aut
1300 1616 1519 1680 Vellei
1547 1616 1884 1682 Paterculi
1913 1618 2179 1682 aliorum
2205 1619 2402 1682 utrius
2430 1619 2675 1682 ordinis
2706 1620 2852 1681 viro-

613 1743 754 1783 rwm
796 1719 864 1781 in
904 1716 1150 1792 11‚34‚3
1182 1766 1196 1780 .
1240 1712 1364 1779 sed
1403 1714 1475 1777 in
1502 1713 1821 1780 Lucretio
1862 1715 2061 1779 nullis
2091 1738 2264 1804 opus
2295 1723 2400 1781 est
2428 1716 2851 1801 ambagibus:

613 1819 834 1903 ipsum
880 1815 1050 1878 enim
1094 1812 1260 1878 illud
1303 1812 1688 1877 femininum
1724 1813 2206 1879 vocabulorum
2244 1835 2456 1900 genus
2486 1814 2602 1878 hic
2632 1815 2853 1878 vitium

614 1937 765 1980 esse
795 1912 1126 1979 ostendit:
1154 1924 1409 1978 natta-as
1438 1914 1611 1977 enim
1638 1925 1812 1977 utras
1840 1919 1907 1977 et
1934 1924 2225 1976 'zamram
2252 1924 2580 2000 utramque
2613 1913 2851 1976 extrin-

615 2036 812 2078 secus
834 2011 1081 2077 inferre
1099 2010 1520 2075 Wakefieldo
1546 2019 1617 2076 et
1635 2011 1887 2076 Orellio
1910 2011 2066 2076 licet
2080 2059 2096 2086 ‚
2119 2032 2257 2074 non
2279 2031 2447 2074 sano
2471 2012 2823 2098 interpreti
2838 2059 2851 2072 .

611 2113 842 2187 nobiS‚
872 2118 1034 2196 post
1063 2132 1143 2175 ea
1173 2131 1345 2195 quae
1376 2108 1724 2196 disputata
1752 2117 1910 2174 sunt
1939 2107 2027 2174 ad
2056 2109 2295 2173 librum
2326 2109 2541 2185 11‚518
2560 2158 2577 2182 ,
2614 2110 2851 2174 obscu-

613 2234 761 2276 rum
806 2231 957 2274 esse
1006 2230 1144 2273 non
1194 2216 1424 2295 potest
1468 2214 1740 2294 poetam
1795 2206 2020 2272 dicere
2058 2208 2504 2294 Androqymnn
2565 2230 2851 2271 mrsu·

614 2330 989 2385 UTRAQUE
1020 2327 1171 2371 esse
1190 2355 1206 2382 ‚
1247 2305 1381 2370 hoc
1412 2314 1516 2370 est
1544 2306 1612 2369 in
1642 2305 1864 2370 medio
1895 2306 2114 2392 spatio
2147 2327 2377 2369 eorum
2408 2327 2589 2390 quae
2618 2307 2692 2369 in
2721 2306 2849 2369 eius

613 2408 878 2473 nomine
933 2406 1361 2471 continentur
1413 2405 1709 2491 positum
1741 2453 1756 2467 .
1816 2411 2033 2468 restet
2070 2426 2183 2468 nec
2224 2414 2430 2468 utram
2476 2405 2673 2487 (nam
2713 2428 2851 2490 que,

616 2504 803 2592 quod
834 2503 940 2569 his
970 2502 1329 2578 adhaeret,
1360 2502 1813 2588 traiecimus):
1851 2500 1975 2566 sed
2003 2501 2370 2566 masculino
2401 2523 2659 2587 genere
2690 2523 2851 2587 opus

615 2611 756 2678 est,
783 2627 894 2667 nec
923 2625 1194 2667 ursum
1214 2650 1229 2678 ‚
1258 2601 1393 2664 hoc
1424 2610 1529 2665 est
1557 2612 1614 2665 et
1637 2613 1918 2666 netarum
1936 2650 1951 2664 .
1985 2609 2088 2665 est
2120 2601 2293 2664 enim
2325 2601 2421 2664 eis
2445 2623 2625 2685 quae
2656 2621 2853 2688 supra

616 2702 701 2766 (16
731 2702 864 2765 hoc
893 2701 1289 2786 pronomine
1320 2698 1507 2784 quod
1539 2708 1645 2763 est
1677 2710 1813 2764 uter
1842 2697 2127 2763 diximus
2173 2697 2561 2762 addendum
2593 2745 2611 2770 ‚
2658 2720 2850 2785 posse

615 2802 676 2864 ei
703 2823 898 2887 neque
924 2799 1258 2886 praemitti
1301 2799 1398 2862 ita
1441 2805 1517 2862 ut
1556 2797 1664 2862 his
1695 2798 2069 2862 coniunctis
2100 2806 2169 2862 et
2198 2797 2603 2861 conectendi
2632 2799 2733 2861 vis
2758 2799 2849 2860 in·

615 2901 705 2965 sit
747 2907 814 2963 et
853 2897 1144 2983 negandi
1185 2895 1271 2960 (16
1312 2904 1603 2982 utroque
1632 2943 1646 2957 .
1690 2898 1787 2961 sic
1817 2898 1963 2984 ipse
1992 2896 2345 2960 Lucretius
2372 2896 2443 2959 in
2475 2920 2563 2970 w,
2590 2897 2744 2961 1217
2774 2895 2855 2960 E!

612 3022 808 3087 neque
835 3007 1041 3061 utrum
1066 2997 1378 3082 superam
1402 3018 1616 3059 eorum
1642 3019 1753 3060 nec
1777 3005 2184 3081 superatumst
2199 3044 2213 3058 .
2247 2993 2504 3059 Gellius
2534 2996 2708 3060 libro
2731 2995 2847 3060 (1.4

615 3120 754 3161 cum
782 3106 1102 3161 accusator
1129 3106 1185 3158 et
1209 3117 1351 3158 reus
1378 3094 1540 3157 duae
1566 3117 1665 3157 res
1686 3094 1865 3180 quasi
1887 3105 2178 3178 comatae
2207 3095 2687 3181 coniunctaeque
2708 3096 2847 3168 sint,

614 3219 809 3281 neque
833 3205 978 3258 utra
998 3195 1128 3257 sine
1152 3193 1349 3256 altera
1371 3202 1646 3256 constare
1660 3193 1879 3277 possit.
1904 3191 2154 3255 Paulus
2182 3192 2249 3255 in
2280 3193 2321 3256 l.
2345 3192 2463 3256 132
2492 3193 2578 3257 D.
2604 3193 2690 3257 (16
2718 3217 2776 3256 v.
2798 3217 2847 3255 s.

614 3318 674 3370 ι,
699 3294 773 3357 16
803 3304 859 3357 et
886 3292 1247 3356 corz-suetudo
1276 3291 1564 3376 loquendi
1590 3290 1663 3353 id
1683 3292 1771 3354 ita
1801 3314 1925 3354 esse
1953 3291 2231 3355 declarat
2251 3339 2272 3370 ,
2314 3302 2455 3356 avale
2496 3293 2661 3356 diem
2694 3293 2845 3355 deei-

611 3415 780 3456 mnm
818 3390 1225 3455 kalendarum
1253 3437 1270 3467 ,
1305 3400 1443 3474 post
1483 3389 1644 3452 diem
1673 3388 1971 3452 decimum
1998 3388 2407 3453 kalendarum
2434 3415 2458 3451 .·
2496 3414 2697 3477 neque
2718 3402 2846 3452 utro

613 3491 774 3555 euim
796 3511 1069 3552 sermone
1093 3488 1375 3550 wzdecim
1404 3487 1533 3550 dies
1559 3487 2012 3575 siynificantur.
2056 3485 2241 3572 apud
2270 3487 2647 3552 Martialem
2687 3489 2744 3551 in
2784 3510 2842 3552 v.

613 3588 696 3651 20
720 3583 1274 3649 Schneidewinus
1301 3585 1489 3648 Nunc
1513 3586 1658 3648 vivit
1681 3607 1794 3648 nee
1818 3595 1952 3649 uter
1975 3586 2091 3649 sibi
2104 3610 2130 3667 ,·
2161 3584 2348 3670 quod
2373 3585 2431 3649 si
2458 3609 2689 3650 verum
2712 3597 2811 3648 est
2826 3635 2843 3652 .

614 3681 1133 3768 intellegendum
1164 3692 1270 3747 est
1296 3683 1392 3746 ita
1422 3731 1437 3758 ,
1482 3707 1561 3746 ne
1589 3684 1878 3747 alteruter
1902 3684 2146 3770 quidem
2178 3732 2192 3746 .
2241 3683 2584 3749 Asconius
2613 3685 2699 3749 ad
2722 3684 2842 3747 Mi-

614 3782 945 3847 lonianam
975 3780 1156 3866 p.42‚
1181 3781 1255 3844 13
1285 3780 1455 3844 Bait.
1499 3782 1608 3844 sed
1646 3783 1733 3844 ita
1776 3783 2033 3846 constitit
2070 3793 2137 3845 ut
2163 3781 2433 3846 diximus
2460 3830 2479 3862 ,
2524 3807 2637 3847 nec
2662 3784 2845 3847 mrim

616 3883 763 3966 (uec
789 3881 1104 3967 utriusque
1132 3879 1314 3964 libri)
1345 3881 1597 3944 consilio
1614 3891 1960 3965 puqnatwn
1988 3904 2115 3945 esse
2145 3904 2214 3945 eo
2243 3881 2343 3944 die
2367 3929 2387 3963 ‚
2426 3905 2637 3946 verum
2664 3892 2715 3944 et
2735 3881 2837 3962 (li-

615 3980 718 4044 bri
758 3980 850 4063 ei)
871 3978 1045 4066 forte
1081 3978 1414 4043 occurrisse
1454 3989 1513 4042 et
1537 4001 1614 4042 ex
1643 3978 1827 4062 (libri
1857 4003 1934 4044 ex
1962 3983 2071 4063 ea)
2100 3981 2245 4043 rixa
2271 4003 2589 4043 servorum
2615 3980 2839 4044 &nedem

616 4080 702 4143 ad
738 4078 982 4142 caedem
1016 4086 1371 4163 perventum
1401 4125 1413 4139 .
1458 4076 1769 4163 Hyginus
1801 4076 1888 4141 de
1930 4077 2246 4142 limitibus
2277 4101 2338 4163 p.
2368 4078 2502 4153 109,
2529 4079 2553 4141 l
2588 4076 2837 4141 videtur

615 4176 966 4263 scripsisse
1007 4187 1074 4240 ut
1109 4198 1301 4261 neque
1346 4176 1423 4238 ab
1459 4186 1598 4240 utro
1625 4199 1966 4262 possessore
2010 4186 2304 4262 temqatur
2332 4202 2353 4240 .·
2394 4176 2545 4240 libri
2582 4189 2647 4240 ue
2668 4199 2733 4238 ne
2756 4173 2839 4236 ab

617 4288 924 4439 “lronggi·
963 4373 1256 4436 Mum-A
1295 4394 1480 4435 smss
1516 4394 1699 4436 ons.
1731 4372 2017 4459 Egregie
2048 4371 2428 4458 Naugerius
2456 4372 2687 4436 ΜΕΤΑ
2710 4370 2823 4432 sine
