3042 5192
569 437 709 505 200
1649 439 1717 504 V

388 629 515 675 1314
558 611 926 676 turbabant
955 613 1137 675 saevi
1166 612 1349 676 nullo
1382 611 1763 676 discrimine
1793 621 2046 678 turmas
2066 663 2080 690 ‚

386 743 513 789 1316
557 748 682 790 nec
711 734 1030 812 poterant
1061 727 1320 812 equites
1347 727 1617 792 fremitu
1644 730 2005 816 perterrita
2035 752 2360 816 equorum

560 854 841 928 pectora
868 841 1155 905 mulcere
1187 850 1256 906 et
1284 842 1493 907 frenis
1524 850 1920 908 convertere
1947 845 2017 908 in
2044 844 2264 909 hostis
2283 896 2296 909 .

560 958 833 1022 inritata
861 957 1005 1022 leae
1032 958 1366 1022 iaciebant
1395 979 1687 1043 corpora
1716 959 1891 1023 saltu

563 1071 860 1159 undique
880 1122 894 1150 ‚
921 1083 990 1138 et
1019 1073 1379 1138 adversum
1407 1073 1828 1138 venientibus
1859 1095 1980 1138 ora
2007 1076 2332 1159 petebant
2349 1125 2364 1144 ,

386 1203 510 1249 1320
555 1196 622 1251 et
650 1210 775 1251 nec
806 1189 1142 1275 opinantis
1173 1211 1213 1252 a
1240 1196 1432 1273 tergo
1466 1187 1918 1274 deripiebant,

561 1301 1022 1390 deplexaeque
1055 1303 1310 1368 dabant
1337 1303 1406 1366 in
1434 1309 1686 1367 terram
1714 1303 1991 1367 volnere
2020 1305 2239 1368 victos
2257 1355 2272 1380 ‚

557 1418 891 1482 morsibus
922 1418 1182 1482 adfixae
1212 1417 1449 1482 validis
1480 1425 1686 1502 atque
1715 1420 2048 1504 unguibus
2077 1419 2300 1484 un'cis.

566 1533 1037 1619 iactabantque
1068 1555 1230 1597 suos
1260 1533 1435 1597 tauri
1463 1531 1888 1618 pedibusque
1919 1534 2264 1604 terebant.

564 1654 632 1710 et
660 1647 872 1711 latera
901 1670 979 1712 ac
1007 1656 1283 1712 ventres
1311 1647 1673 1712 hauribant
1701 1655 1938 1733 supter
1968 1669 2292 1733 equorum

386 1778 509 1823 1325
558 1764 873 1827 cornibus
893 1813 908 1839 ,
932 1771 1001 1827 et
1029 1770 1280 1828 terram
1306 1763 1636 1825 minitanti
1666 1762 1891 1826 fronte
1919 1765 2209 1829 ruebant
2227 1816 2240 1827 .

561 1885 629 1940 et
656 1875 894 1941 validis
926 1879 1148 1942 socios
1180 1877 1556 1941 caedebant
1583 1876 1900 1950 dentibus
1931 1880 2076 1965 apri
2095 1929 2111 1955 ‚

560 1992 695 2055 tela
724 1992 1009 2057 infracta
1037 2015 1161 2057 suo
1194 1995 1574 2079 tinguentes
1605 1993 1929 2078 sanguine
1962 1995 2145 2058 saevi
2163 2043 2178 2070 ,

386 2121 511 2168 1329
556 2108 1057 2192 permixtasque
1090 2107 1345 2173 dabant
1375 2109 1674 2194 equitum
1703 2107 2139 2193 peditumque
2168 2112 2429 2175 ruinas:

556 2244 710 2286 nam
738 2230 1128 2287 transversa
1154 2222 1339 2287 feros
1370 2223 1646 2287 exibant
1675 2222 1897 2287 dentis
1928 2222 2210 2289 adactus

554 2338 848 2400 iumenta
876 2345 994 2402 aut
1020 2336 1308 2423 pedibus
1336 2344 1581 2402 ventos
1613 2344 1837 2400 erecta
1863 2339 2221 2423 petebant,

554 2473 639 2515 ne
671 2453 986 2538 quiquam
1005 2500 1019 2528 ‚
1046 2453 1357 2538 quoniam
1388 2454 1471 2515 ab
1501 2452 1725 2516 nervis
1762 2452 2021 2516 succisa
2047 2454 2316 2519 videres

559 2565 913 2630 concidere
944 2575 1147 2653 atque
1177 2569 1366 2654 gravi
1396 2575 1643 2632 terram
1677 2574 2108 2633 consternere
2137 2591 2298 2634 casu
2319 2620 2332 2633 .

554 2681 610 2744 si
643 2703 814 2766 quos
844 2690 1000 2746 ante
1031 2680 1212 2745 domi
1243 2681 1536 2747 domitos
1567 2683 1731 2746 satis
1764 2703 1914 2746 esse
1942 2684 2311 2768 putabant,

380 2811 506 2857 1335
553 2794 989 2861 effervescere
1020 2798 1388 2862 cernebant
1414 2798 1483 2861 in
1513 2798 1716 2861 rebus
1747 2796 2033 2883 agundis
2052 2848 2066 2872 ‚

552 2911 937 2976 volneribus
956 2961 970 2986 ‚
997 2913 1284 2977 clamore
1303 2962 1318 2989 ‚
1340 2911 1500 2999 fuga
1519 2963 1535 2989 ,
1558 2920 1818 2976 terrore
1837 2961 1853 2986 ,
1878 2913 2164 2977 tumultu
2183 2964 2198 2988 ‚

554 3047 680 3089 nec
709 3036 1027 3112 poterant
1055 3028 1255 3092 ullam
1283 3035 1542 3114 partem
1573 3027 1948 3092 redducere
1980 3050 2242 3092 eorum:

556 3139 945 3228 diffugiebat
975 3145 1146 3208 enim
1173 3143 1428 3208 varium
1457 3164 1670 3229 genus
1703 3165 1897 3208 omne
1924 3142 2251 3218 ferarum3

552 3265 629 3319 ut
656 3279 835 3321 nunc
867 3280 1068 3344 saepe
1097 3260 1311 3324 boves
1341 3259 1534 3322 lucae
1561 3258 1744 3322 ferro
1773 3259 1945 3322 male
1972 3267 2230 3324 mactae

378 3387 502 3433 1340
548 3370 932 3457 diffugiunt,
954 3373 1098 3438 fera
1123 3373 1265 3438 fata
1296 3374 1433 3437 suis
1466 3396 1614 3437 cum
1643 3374 1853 3438 multa
1884 3373 2170 3438 dedere.

553 3487 648 3549 sic
677 3484 803 3552 fuit
831 3497 907 3552 ut
936 3488 1236 3553 facerent
1254 3539 1267 3552 .
1294 3488 1417 3552 sed
1444 3490 1559 3552 vix
1588 3487 1893 3553 adducor
1922 3497 1999 3554 ut
2016 3540 2031 3566 ‚
2054 3498 2210 3554 ante

376 3615 502 3661 1343
550 3621 750 3685 quam
781 3624 1133 3667 commune
1163 3605 1405 3668 malum
1433 3604 1627 3668 fieret
1652 3602 2060 3690 foedumque
2078 3655 2093 3683 ‚
2115 3605 2411 3670 futui-mn

378 3730 506 3775 1342
552 3737 691 3779 non
723 3717 1014 3801 quierint
1043 3720 1260 3783 animo
1291 3720 1708 3804 praesentire
1739 3727 1943 3805 atque
1973 3720 2204 3784 videre
2224 3771 2237 3783 .

376 3845 501 3890 1347
549 3829 674 3894 sed
703 3831 926 3895 facere
955 3831 1026 3895 id
1055 3856 1194 3897 non
1226 3842 1359 3897 tam
1386 3833 1700 3898 vincendi
1730 3856 1851 3920 spe
1880 3834 2270 3906 voluerunt,

592 4015 725 4021 ——0
746 4017 759 4021 -
794 4015 947 4022 ——Q

562 4094 690 4140 1315
730 4089 1017 4146 Terrificas
1055 4095 1285 4165 capitum
1322 4097 1617 4166 quatientes
1655 4095 1889 4165 undique
1924 4097 2142 4149 cristas.
2199 4095 2220 4166 ΙΙ
2281 4101 2410 4149 1319
2447 4098 2724 4167 patebant.
2763 4097 2781 4164 ’ἶ

565 4177 692 4224 1325
730 4180 907 4227 mente
959 4174 980 4244 ΙΙ
1043 4182 1171 4230 1328
1208 4177 1271 4230 111
1306 4195 1370 4232 sc
1404 4178 1577 4232 fracta
1613 4197 1711 4232 suo
1747 4180 2052 4250 tinguentes
2088 4180 2348 4251 sanguine
2384 4181 2524 4235 tela.
2581 4180 2602 4250 ΙΙ
2659 4186 2778 4233 1330

559 4254 843 4312 adauctus.
901 4260 921 4328 ΙΙ
986 4265 1109 4312 1331
1152 4262 1395 4332 petebat.
1446 4260 1466 4332 ΙΙ
1517 4268 1648 4315 1340
1684 4262 1826 4316 facta
1861 4260 1881 4331 ΙΙ
1927 4268 2051 4315 1341
2095 4263 2154 4316 Si
2193 4261 2214 4333 ΙΙ
2256 4269 2383 4316 1344
2423 4264 2496 4318 Et
2532 4266 2694 4335 magis
2729 4260 2778 4314 id

558 4343 739 4409 possis
785 4341 983 4395 factum
1030 4344 1358 4398 contendere
1404 4346 1456 4397 in
1508 4348 1677 4400 omni.
1725 4344 1746 4417 ΙΙ
1801 4352 2125 4399 13453528.
2175 4348 2195 4418 ΙΙ
2253 4352 2381 4399 1346
2423 4348 2594 4412 Quam
2638 4354 2775 4400 certo

561 4432 719 4494 atque
755 4444 862 4479 uno
901 4433 1163 4481 terrarum
1201 4446 1306 4498 quo
1342 4428 1473 4481 libet
1511 4430 1653 4482 orbi.
