3042 5192
1362 432 1489 501 1111
2401 440 2533 509 119

295 605 460 693 quid
489 604 722 670 cordis
751 603 994 691 globus
1024 611 1141 669 aut
1170 603 1343 668 oculi
1360 604 1394 667 Ρ
1417 604 1581 691 quid
1608 607 1950 672 membra?
1972 608 2134 694 quid
2162 619 2348 695 artus
2366 612 2398 674 P

160 740 240 785 120
295 721 629 807 quant-ula
658 720 851 784 sunt!
875 716 1041 805 quid
1067 726 1421 805 praeterea
1445 720 1813 808 primordia
1841 743 2149 808 quaeque
2169 774 2185 802 ‚

292 835 475 900 unde
506 836 735 898 anima
760 841 964 919 atque
993 833 1190 897 animi
1220 841 1487 899 constet
1510 842 1757 900 natura
1783 839 2249 904 necessumst?

289 970 520 1014 nonne
548 948 743 1013 vides
775 968 974 1035 quam
1001 949 1137 1012 sint
1165 948 1433 1012 subtilia
1462 970 1794 1035 quamque
1821 952 2125 1016 minuta?

288 1071 651 1153 praeterea
679 1084 853 1148 quae
882 1083 1165 1147 cumque
1194 1084 1317 1127 suo
1349 1061 1435 1125 de
1464 1084 1749 1150 corpore
1780 1062 2060 1130 odorem

293 1179 610 1266 expirant
639 1198 861 1242 acrem
877 1225 894 1254 ‚
921 1197 1215 1264 panaces
1232 1224 1248 1253 ,
1271 1176 1606 1242 absinthia
1631 1185 1852 1243 taetra
1868 1227 1884 1255 ‚

159 1310 239 1355 125
292 1292 796 1377 habrotonique
825 1312 1066 1378 graves
1096 1298 1167 1356 et
1194 1292 1413 1356 tristia
1439 1299 1802 1357 centaurea
1818 1340 1834 1368 ‚

301 1426 583 1492 quorum
612 1427 819 1471 unum
849 1404 1112 1492 quidvis
1140 1406 1377 1471 leviter
1405 1406 1462 1471 si
1488 1405 1667 1472 forte
1698 1405 1961 1472 duobus

1374 1587 1410 1626 ἢ*

1267 1751 1382 1836 qui
1405 1750 1678 1815 fulmine
1708 1751 1889 1815 claro

298 1866 511 1930 omnia
536 1886 663 1952 per
692 1865 951 1929 sonitus
981 1872 1200 1940 arcet,
1221 1874 1699 1940 terram‚mare
1716 1912 1732 1940 ‚
1756 1865 2010 1928 caelum
2027 1915 2041 1927 .

1380 2047 1416 2086 ἢ*

158 2225 240 2270 127
295 2209 453 2295 quin
478 2210 712 2297 potius
738 2231 985 2275 noscas
1013 2231 1235 2275 rerum
1264 2209 1614 2274 simulacra
1639 2209 1871 2293 vagari

291 2324 498 2389 multa
524 2322 748 2387 modis
774 2324 997 2390 multis
1015 2373 1032 2402 ,
1051 2324 1234 2389 nulla
1259 2324 1328 2389 vi
1345 2372 1361 2401 ‚
1385 2343 1713 2408 cassaque
1742 2344 1945 2387 sensu
1960 2324 1993 2386 Ρ

372 2436 554 2524 [Sed
581 2459 669 2502 ne
696 2437 872 2503 forte
901 2448 1100 2526 putes
1130 2460 1210 2503 ea
1237 2438 1503 2502 demum
1532 2438 1677 2502 sola
1703 2439 1967 2523 vagari,

159 2570 242 2616 1³0
292 2574 463 2639 quae
495 2574 779 2638 cumque
808 2555 893 2617 ab
921 2555 1125 2619 rebus
1151 2575 1375 2618 rerum
1404 2552 1756 2617 simulacra
1781 2552 2107 2619 recedunt
2123 2604 2139 2630 ‚

291 2676 449 2733 sunt
478 2669 678 2732 etiam
708 2689 879 2754 quae
907 2675 1150 2756 sponte
1181 2690 1303 2733 sua
1330 2668 1692 2754 gignuntur
1720 2676 1788 2731 et
1815 2668 1963 2757 ipsa

293 2782 792 2847 constituuntur
817 2784 887 2848 in
912 2783 1044 2848 hoc
1074 2783 1259 2848 caelo
1277 2831 1293 2859 ‚
1318 2783 1431 2868 qui
1460 2781 1701 2846 dicitur
1731 2788 1845 2847 aer
1862 2832 1879 2858 ‚

157 2911 240 2959 135
290 2918 463 2982 quae
490 2896 715 2961 multis
742 2897 1031 2961 formata
1055 2896 1274 2962 modis
1303 2897 1582 2961 sublime
1609 2896 1917 2962 feruntur
1933 2946 1950 2974 ‚

158 3027 236 3074 111
284 3034 407 3076 nec
436 3012 728 3099 speciem
755 3017 1011 3078 mutare
1041 3034 1228 3078 suam
1255 3012 1576 3097 liquentia
1605 3019 1873 3075 cessant

290 3134 356 3189 et
385 3127 710 3213 cuiusque
736 3126 921 3191 modi
946 3125 1307 3192 formarum
1334 3133 1602 3191 vertere
1628 3125 1699 3188 in
1728 3148 1916 3203 oras3

160 3254 240 3301 133
288 3249 365 3304 ut
388 3240 607 3306 nubes
634 3240 828 3306 facile
854 3243 1031 3306 inter
1060 3240 1218 3305 dum
1247 3261 1684 3305 concrescere
1710 3240 1781 3303 in
1810 3240 1945 3305 alto

290 3355 617 3420 cernimus
647 3363 716 3421 et
740 3354 973 3420 mundi
1000 3356 1289 3444 speciem
1314 3355 1568 3419 violare
1597 3375 1899 3419 serenam
1916 3405 1931 3431 ‚

160 3484 243 3530 136
293 3475 448 3533 ae'ra
474 3459 851 3535 mulcentes
872 3478 1092 3535 motu:
1112 3492 1268 3535 nam
1296 3490 1498 3556 saepe
1530 3469 1886 3554 Gigantum

290 3605 408 3649 ora
433 3583 668 3648 volare
698 3583 1010 3650 videntur
1039 3594 1109 3650 et
1137 3587 1441 3650 umbram
1471 3583 1719 3648 ducere
1747 3585 1881 3648 late
1901 3633 1916 3658 ‚

285 3698 456 3763 inter
489 3697 650 3763 dum
675 3701 897 3786 magni
921 3708 1186 3766 montes
1213 3700 1578 3786 avolsaque
1609 3721 1774 3764 saxa

290 3813 625 3877 montibus
654 3820 812 3878 ante
840 3814 936 3878 ire
967 3822 1034 3878 et
1062 3814 1270 3879 solem
1301 3814 1666 3880 succedere
1696 3821 1963 3901 praeter
1981 3862 1997 3887 ‚

159 3939 241 3987 140
291 3925 443 3990 inde
474 3927 643 3991 alios
672 3927 942 3992 trahere
971 3939 1174 4016 atque
1200 3929 1524 3994 inducere
1551 3929 1749 3994 belua
1775 3929 2035 3992 nimbos
2056 3930 2109 4012 .]

161 4054 240 4100 113
367 4040 566 4106 Nunc
597 4062 678 4106 ea
705 4062 903 4128 quam
930 4043 1105 4109 facili
1135 4053 1205 4109 et
1232 4045 1432 4109 celeri
1458 4044 1719 4109 ratione
1746 4051 2075 4130 genantur

292 4165 754 4243 perpetuoque
782 4157 993 4224 fluant
1021 4162 1106 4226 ab
1134 4161 1336 4226 rebus
1367 4159 1689 4247 lapsaque
1720 4156 1965 4223 cedant

536 4323 693 4330 -—-——.—

302 4400 391 4447 142
426 4397 613 4452 horas.
653 4401 674 4467 ΙΙ
714 4405 807 4453 143
844 4411 1122 4472 gerantur.
