3042 5192
547 418 688 488 216
1611 413 1715 483 IV

545 595 725 659 nium
767 591 829 678 p.
855 591 991 665 199,
1009 590 1089 654 33
1128 589 1301 669 Quae
1339 591 1517 676 quasi
1554 589 1911 653 membrana
1941 637 1954 651 .
1994 594 2179 654 recte
2218 589 2555 653 Antonius
2584 588 2783 654 Marii

548 701 617 757 et
658 690 1022 754 Brixiensis
1069 686 1273 751 editio
1320 689 1547 767 QUAE
1590 690 1767 774 quasi
1807 687 2198 752 membranae
2229 738 2243 750 .
2292 686 2416 752 sed
2456 686 2787 752 Marullus

546 790 658 854 hic
688 787 925 851 eximia
951 784 1153 850 laude
1178 785 1422 871 dignus
1454 791 1592 860 est,
1619 787 1733 871 qui
1762 786 2063 849 acumine
2091 808 2231 849 non
2260 786 2522 872 vulgari
2552 809 2789 851 verum

549 886 853 952 ordinem
880 906 1195 949 versuum
1223 883 1626 948 intellexerit
1652 908 1668 960 ς
1712 882 1898 969 quod
1934 884 1993 947 ei
2022 885 2091 948 in
2118 883 2250 948 hac
2279 905 2535 948 summa
2562 906 2789 950 rerum

551 984 1057 1072 perturbatione
1077 1032 1091 1059 ,
1130 1004 1276 1046 cum
1308 982 1389 1045 29
1421 988 1488 1044 et
1516 981 1600 1045 30
1627 980 1826 1046 iidem
1857 990 2085 1047 essent
2113 990 2318 1067 atque
2346 982 2429 1046 49
2458 990 2530 1047 et
2560 983 2650 1048 50
2667 1033 2685 1060 ,
2712 984 2786 1048 31

550 1091 773 1149 autem
818 1088 886 1146 et
929 1080 1010 1146 32
1039 1080 1387 1145 maximam
1415 1079 1749 1145 haberent
1774 1081 1844 1144 in
1871 1082 2207 1145 sententia
2241 1103 2390 1145 cum
2417 1080 2497 1145 51
2532 1089 2611 1146 et
2637 1104 2791 1169 pro·

551 1182 742 1245 ximis
783 1178 1273 1245 similitudinem
1306 1227 1322 1254 ,
1360 1200 1583 1264 neque
1611 1178 1693 1242 44
1724 1200 1847 1242 suo
1877 1179 2028 1243 loco
2059 1178 2429 1265 legeretur,
2469 1187 2617 1244 tam
2653 1179 2792 1244 feli-

442 1327 446 1334 ·
552 1281 719 1345 citer
749 1277 992 1343 cedere
1010 1326 1024 1353 ,
1054 1278 1184 1341 nisi
1213 1277 1498 1341 animum
1526 1275 1724 1342 valde
1755 1276 2190 1352 attendisset,
2218 1299 2356 1341 non
2385 1278 2653 1365 potuit.

718 1378 816 1441 53.
861 1376 1110 1440 Culus
1152 1398 1474 1451 eunoun
1518 1398 1766 1440 ciui-2¹1·
1802 1423 1816 1438 .
1857 1376 2224 1441 Brixiensis
2259 1375 2467 1440 editio
2499 1400 2793 1452 cnon-r,

553 1475 967 1540 Veronensis
1008 1475 1204 1539 eluet.
1249 1473 1487 1538 harum
1526 1481 1832 1538 neutram
1877 1474 1987 1537 hie
2028 1496 2070 1537 a
2096 1474 2387 1538 Marullo
2415 1476 2792 1563 inspectam

553 1595 704 1638 esse
733 1581 971 1659 patet,
1006 1573 1119 1659 qui
1148 1571 1307 1635 fecit
1335 1583 1552 1658 queat:
1579 1572 1914 1636 Antonius
1944 1571 2373 1638 Florentinus
2400 1578 2491 1638 tm
2518 1587 2614 1640 et.
2648 1577 2799 1641 clud

555 1672 861 1736 omnibus
890 1671 1133 1735 litteris
1161 1670 1362 1756 plane
1395 1677 1740 1735 exaratum
1767 1670 2071 1735 homines
2095 1669 2525 1737 doctissimos
2556 1695 2794 1760 parum

554 1768 902 1834 advertit
886 1790 955 1832 1n
995 1767 1467 1854 epigrammate
1496 1768 1933 1845 Ardeatium,
1977 1768 2164 1855 quod
2202 1768 2413 1835 refert
2438 1771 2752 1837 Plinius
2734 1796 2795 1836 m

553 1868 878 1933 naturalis
919 1866 1244 1931 historiae
1273 1890 1478 1942 xxxv,
1501 1868 1597 1944 10,
1615 1869 1730 1943 37,
1768 1870 2067 1953 scriptum
2106 1871 2372 1956 antiqw‘s
2412 1871 2640 1935 litteris
2672 1872 2793 1936 La·

555 1968 697 2030 tinis
728 1966 1020 2051 (scilicet
1049 1973 1244 2029 sexto
1275 1987 1318 2028 a
1346 1964 1622 2031 condita
1647 1967 1817 2031 urbe
1846 1966 2059 2031 Roma
2089 1967 2445 2054 saeculo),
2486 1970 2637 2044 ita,
2677 1969 2795 2033 nisi

554 2063 791 2141 fallor,
835 2062 1308 2128 scribendum.
1352 2064 1581 2150 Diynis
1621 2066 1811 2149 diyna
1851 2066 2051 2130 loceS.
2080 2067 2344 2150 picturis
2374 2069 2799 2134 condecoravit

559 2164 833 2248 Reyinae
862 2163 1100 2228 Iunoni'
1129 2165 1400 2247 supremi
1441 2164 1698 2248 coniuqi’
1725 2163 2013 2249 templum
2041 2164 2310 2228 Plautiu'
2334 2166 2608 2248 Marone,
2652 2169 2800 2232 clue!

555 2263 664 2348 qui
690 2263 850 2326 Asia
877 2264 1006 2326 lata
1034 2283 1159 2325 esse
1186 2262 1478 2324 oriundus·
1507 2286 1531 2341 ,-
1579 2260 1773 2340 Quem
1804 2285 1967 2326 mmo
1995 2273 2051 2326 et
2067 2273 2208 2347 post
2230 2287 2467 2348 semper
2496 2265 2575 2330 ob
2607 2279 2795 2331 artem

555 2359 717 2423 hanc
737 2360 950 2424 Ardea
972 2361 1217 2424 laudat.
1241 2358 1406 2422 nihil
1434 2359 1503 2421 in
1523 2357 1630 2422 his
1657 2360 1911 2423 mutavi
1938 2360 2064 2424 nisi
2091 2362 2248 2425 loces
2262 2409 2283 2441 ‚
2303 2361 2420 2425 ubi
2452 2370 2610 2427 erat
2637 2366 2795 2440 loco,

558 2463 626 2519 et
654 2459 762 2542 qui
790 2479 1158 2543 pronomen
1180 2505 1196 2532 ,
1224 2465 1305 2522 ut
1333 2458 1704 2522 orationem
1734 2464 1803 2522 et
1832 2480 2099 2523 versum
2126 2458 2425 2524 fulcirem
2444 2510 2461 2536 ,
2500 2460 2771 2526 addidi.

725 2554 822 2617 54.
855 2578 1332 2620 mirrunrun
1371 2579 1453 2620 IN
1493 2579 1745 2622 naeus
1786 2579 2135 2622 Arna-ns
2164 2605 2177 2619 .
2214 2558 2554 2625 Antonius
2588 2570 2663 2625 ct
2688 2562 2796 2626 im-

558 2652 777 2737 pressi
806 2649 1210 2718 nnn-cnr.

724 2749 823 2812 62.
851 2771 1166 2815 ancras
1187 2801 1201 2815 .
1227 2751 1616 2832 Quadratus
1639 2763 1844 2817 auctos
1861 2803 1874 2816 .
1901 2752 2175 2841 oblongi
2203 2755 2613 2842 scripturam
2644 2781 2796 2823 con-

557 2848 778 2912 firmat
813 2847 1074 2913 Nonius
1129 2874 1194 2937 p.
1226 2850 1367 2926 231,
1405 2850 1479 2914 15
1529 2857 1596 2915 et
1639 2850 1782 2925 458,
1815 2851 1889 2915 15
1923 2900 1939 2926 ‚
1993 2851 2151 2917 item
2194 2852 2671 2943 Philargyrius
2715 2856 2797 2921 ad

557 2948 923 3034 georgicon
951 2971 1048 3023 111,
1065 2948 1189 3012 444
1208 2998 1222 3012 .

723 3047 822 3111 63.
864 3070 1071 3110 naar.
1115 3069 1316 3111 mae
1335 3069 1375 3110 o
1409 3096 1423 3111 .
1463 3047 1543 3111 In
1574 3047 1906 3134 quadrato
1936 3050 2151 3135 prima
2177 3071 2415 3116 manus
2443 3052 2616 3119 fecit
2643 3066 2669 3119 t
2693 3076 2795 3120 su·

559 3166 685 3230 pra
714 3143 948 3209 addito
979 3168 1076 3208 nr:
1093 3168 1183 3209 ΒΕ
1200 3169 1242 3209 τ
1259 3194 1275 3220 ,
1303 3146 1372 3208 in
1403 3145 1699 3232 oblongo
1733 3156 2078 3212 corrector
2098 3197 2113 3212 .

725 3243 824 3307 66.
855 3265 1299 3307 rusci-:unm
1329 3265 1593 3307 nunna
1624 3265 2070 3311 POTESTAS.
2100 3247 2207 3311 Ita
2236 3245 2652 3332 quadratus:
2681 3250 2795 3314 ob·

557 3341 802 3425 longus
830 3364 915 3404 111
933 3363 966 3403 s
984 3363 1228 3405 cunm
1246 3363 1334 3406 ετ
1352 3389 1367 3417 ,
1399 3339 1523 3405 sed
1549 3354 1604 3407 st
1629 3344 1698 3406 in
1726 3343 1927 3408 litura
1955 3367 1997 3408 a
2025 3352 2411 3410 correctore
2429 3395 2446 3424 ‚
2478 3350 2600 3433 qui
2626 3348 2799 3413 idem

559 3438 767 3502 erasit
805 3438 846 3501 Ιι
874 3485 888 3498 .
932 3438 1106 3510 infra
1138 3440 1257 3505 103
1297 3441 1621 3506 hiscendist
1660 3448 1945 3527 uterque
1974 3489 1991 3518 ,
2033 3442 2074 3506 h,
2114 3464 2309 3508 eraso
2341 3465 2382 3507 a
2412 3456 2799 3511 correctore

559 3535 834 3621 oblongi
852 3585 866 3598 .

725 3633 825 3698 68.
871 3655 1175 3698 oamnn
1219 3657 1487 3701 nomm
1520 3685 1535 3699 .
1579 3636 1907 3702 Marullus
1948 3659 2221 3702 nonam
2253 3688 2266 3702 .
2309 3640 2599 3705 alterum
2633 3639 2799 3706 tueri

559 3731 952 3818 desipientis
984 3741 1090 3799 est
1108 3783 1121 3797 .
1144 3735 1213 3798 in
1241 3736 1565 3821 proximis
1596 3735 1929 3822 oblongus
1959 3748 2016 3801 et
2023 3737 2277 3824 somna,
2301 3738 2459 3803 olim
2490 3740 2798 3828 impressi

559 3842 616 3896 et
633 3831 889 3919 formae
915 3880 934 3912 ,
974 3831 1246 3898 Isaacus
1284 3831 1574 3898 Vossius
1616 3844 1675 3898 et
1696 3834 1944 3921 formai
1972 3861 1993 3899 .·
2028 3836 2099 3899 in
2129 3835 2466 3921 quadrato
2508 3845 2672 3923 post
2709 3848 2797 3917 ec,

560 3935 718 3992 ante
729 3929 952 4017 forma
965 3979 985 4010 ,
1016 3953 1224 4018 supra
1253 3930 1669 4018 adscriptum
1709 3939 1816 3997 est
1844 3955 2016 4014 amn,
2047 3941 2117 3998 et
2145 3933 2419 4020 quidem
2446 3936 2560 4000 vel
2589 3936 2797 4023 prima

559 4025 670 4090 vel
698 4027 1160 4112 antiquissima
1186 4051 1385 4094 manu
1403 4078 1418 4093 .

727 4125 826 4190 70.
858 4147 1174 4202 QUANTO
1215 4150 1465 4193 umus
1507 4152 1995 4194 INDUPEDIRI
2026 4129 2292 4196 Pinea
2336 4152 2663 4207 Qummr
2704 4153 2797 4193 ET

561 4246 767 4289 sunr
810 4246 1053 4288 rama
1093 4248 1407 4290 raon-rr:
1449 4249 1771 4293 Loca‘ra
1801 4276 1815 4290 .
1850 4228 1956 4293 Ita
1984 4228 2318 4315 oblongus
2348 4237 2419 4294 et
2448 4228 2795 4294 Veronen-

560 4321 654 4386 sis
685 4319 890 4385 editio
927 4346 942 4385 :
981 4322 1348 4389 Brixiensis
1365 4326 1581 4410 prima
1606 4328 1705 4406 in,
1734 4326 2071 4392 Antonius
2091 4328 2304 4413 prima
2328 4328 2440 4392 sub
2458 4377 2473 4390 .
2508 4325 2795 4414 quadra-

563 4427 671 4482 tus
712 4419 919 4484 habet
960 4423 1026 4486 in
1054 4430 1210 4487 ante
1229 4425 1446 4510 prima
1475 4421 1778 4489 additum
1808 4424 2267 4511 antiquissima
2283 4474 2298 4502 ‚
2330 4426 2386 4490 si
2416 4447 2558 4490 non
2585 4425 2793 4513 prima
