3042 5192
1272 483 1399 551 1111
2305 490 2441 558 155

286 660 429 724 Nec
460 657 693 722 divina
720 663 939 721 satum
968 655 1323 741 genitalem
1350 656 1621 719 numina
1650 658 1955 743 cuiquam

204 776 590 840 absterrent
606 821 623 848 ‚
644 779 843 857 pater
871 793 913 835 a.
938 771 1162 857 gnatis
1189 791 1275 834 ne
1305 769 1615 836 dulcibus
1643 795 1956 859 umquam

54 908 153 954 1235
203 889 579 975 appelletur
611 895 678 952 et
706 894 787 952 ut
815 885 1025 950 sterili
1053 883 1323 949 Venere
1355 886 1581 971 exigat
1607 908 1880 967 aevom3

208 1003 393 1091 quod
420 1003 819 1089 plerumque
847 1007 1123 1086 putant,
1148 1008 1217 1064 et
1242 1000 1451 1065 multo
1482 1004 1805 1088 sanguine
1833 1007 2071 1070 maesti

208 1125 670 1205 conspergunt
698 1138 850 1181 aras
882 1115 1291 1201 adolentque
1321 1115 1558 1180 altaria
1588 1116 1785 1182 donis
1803 1167 1819 1194 ‚

209 1244 285 1299 ut
311 1232 636 1320 gravidas
663 1230 957 1296 reddant
982 1252 1234 1295 uxores
1264 1231 1513 1295 semine
1543 1232 1733 1318 largo
1752 1281 1768 1309 ‚

204 1372 287 1414 ne
318 1349 640 1435 quiquam
655 1396 672 1423 ‚
695 1346 919 1411 divom
946 1367 1190 1409 numen
1218 1347 1556 1432 sortisque
1582 1346 1869 1432 fatigant
1885 1398 1899 1412 .

52 1484 153 1529 1240
209 1487 363 1530 nam
394 1462 659 1527 steriles
687 1461 957 1525 nimium
987 1481 1218 1525 crasso
1250 1469 1409 1525 sunt
1438 1462 1689 1526 semine
1716 1464 1960 1548 partim
1978 1514 1993 1539 ‚

209 1588 277 1644 et
301 1575 565 1664 liquido
594 1583 864 1662 praeter
891 1576 1139 1640 iustum
1167 1577 1484 1661 tenuique
1512 1577 1804 1641 vicissim
1824 1627 1837 1641 .

206 1703 411 1759 tenve
442 1692 610 1757 locis
641 1692 797 1777 quia
825 1712 963 1755 non
991 1691 1173 1776 potis
1204 1698 1309 1754 est
1337 1688 1633 1777 adfigere
1663 1692 2032 1758 adhaesum
2051 1744 2066 1768 ‚

208 1809 483 1895 liquitur
514 1807 847 1892 extemplo
880 1813 951 1870 et
977 1812 1366 1871 revocatum
1395 1805 1577 1870 cedit
1605 1808 1854 1873 abortu
1872 1859 1886 1872 .

213 1923 505 1988 crassius
531 1922 637 1987 his
667 1944 875 2009 porro
906 1923 1220 2006 quoniam
1250 1924 1629 1988 concretius
1659 1945 1877 2009 aequo

46 2058 152 2102 1245
200 2039 482 2103 mittitur
498 2088 515 2114 ‚
538 2046 655 2102 aut
681 2059 821 2102 non
849 2045 986 2103 tam
1012 2035 1278 2123 proli'xo
1308 2038 1624 2123 provolat
1649 2038 1788 2102 ictu

211 2161 326 2218 aut
352 2159 711 2239 penetrare
739 2152 931 2216 locos
959 2172 1173 2237 aeque
1200 2152 1435 2237 nequit
1472 2160 1590 2217 aut
1616 2161 2041 2239 penetratum

207 2289 408 2355 aegre
439 2266 845 2332 admiscetur
872 2267 1175 2332 muliebri
1203 2267 1449 2331 semine
1478 2288 1706 2331 semen
1725 2318 1740 2331 .

210 2405 361 2448 nam
388 2382 673 2446 multum
698 2381 1085 2446 harmoniae
1111 2381 1400 2446 Veneris
1431 2381 1700 2446 differre
1727 2383 2042 2449 videntur
2060 2436 2074 2449 .

212 2507 416 2583 atque
447 2497 611 2561 alias
641 2497 750 2562 alii
780 2497 1115 2583 complent
1140 2497 1350 2583 magis
1368 2546 1384 2574 ,
1410 2519 1495 2560 ex
1523 2498 1802 2584 aliisque

52 2631 156 2675 1250
215 2613 596 2698 succipiunt
623 2611 791 2675 aliae
819 2611 1090 2697 pondus
1117 2612 1328 2698 magis
1356 2612 1560 2697 inque
1589 2623 1994 2698 gravescunt
2012 2665 2025 2678 .

214 2737 281 2792 et
307 2725 556 2791 multae
586 2713 851 2790 steriles
880 2726 1289 2814 Hymenaeis
1318 2733 1474 2791 ante
1502 2725 1774 2793 fuerunt

208 2842 513 2928 pluribus
531 2891 547 2917 ‚
572 2849 641 2905 et
666 2849 907 2906 nactae
935 2849 1098 2928 post
1124 2848 1283 2906 sunt
1310 2848 1535 2906 tamen
1562 2842 1743 2906 unde
1771 2844 2031 2929 puellos

212 2958 555 3042 suscipere
585 2964 656 3020 et
680 2964 883 3043 partu
911 2964 1195 3043 possent
1224 2955 1556 3020 ditescere
1586 2955 1764 3020 dulci
1783 3007 1796 3020 .

215 3085 283 3136 et
309 3072 555 3157 quibus
586 3079 745 3136 ante
775 3071 957 3137 domi
983 3070 1312 3135 fecimdae
1343 3092 1547 3157 saepe
1575 3072 1968 3156 nequissent

48 3203 154 3248 1255
214 3207 461 3251 uxores
487 3207 730 3272 parere
749 3236 765 3264 ,
786 3187 1127 3252 inventast
1152 3187 1281 3250 illis
1312 3207 1584 3271 quoque
1615 3208 1887 3273 compar

214 3309 455 3365 natura
471 3350 487 3378 ,
507 3310 589 3365 ut
614 3310 901 3388 possent
928 3302 1146 3388 gnatis
1175 3302 1430 3365 munire
1459 3310 1801 3367 senectam
1818 3352 1832 3365 .

216 3438 427 3502 usque
458 3415 633 3481 adeo
663 3417 885 3503 magni
912 3415 1121 3481 refert
1138 3465 1154 3493 ,
1183 3423 1260 3479 ut
1288 3417 1540 3480 semina
1566 3417 1834 3502 possint

220 3531 578 3597 seminibus
610 3532 1022 3596 commisceri
1048 3530 1428 3618 genitaliter
1456 3539 1618 3617 apta
1636 3580 1650 3606 ‚

218 3667 583 3732 crassaque
613 3649 1020 3710 conveniant
1046 3644 1314 3731 liquidis
1347 3653 1413 3710 et
1443 3645 1696 3731 liquida
1726 3648 2001 3711 crassis.

50 3775 157 3819 1261)
219 3771 418 3847 atque
448 3762 519 3824 in
552 3782 631 3825 eo
662 3760 869 3826 refert
898 3783 1032 3846 quo
1061 3762 1242 3825 victu
1271 3762 1412 3825 vita
1440 3762 1732 3825 colatur:

217 3897 503 3961 namque
532 3876 679 3940 aliis
708 3877 910 3940 rebus
941 3884 1386 3940 concrescunt
1414 3877 1666 3940 semina
1692 3877 2002 3942 membris
2022 3927 2037 3950 ‚

218 4001 419 4077 atque
451 3992 597 4055 aliis
628 3998 1073 4056 extenvantur
1102 3992 1468 4076 tabentque
1499 3991 1788 4055 vicissim
1809 4041 1823 4054 .

222 4113 285 4170 et
315 4108 562 4192 quibus
590 4108 739 4192 ipsa
767 4105 984 4171 modis
1014 4114 1341 4171 tractetur
1368 4105 1618 4171 blanda
1648 4106 1958 4192 voluptas
1979 4157 1993 4174 .

235 4388 357 4435 1234
392 4390 613 4453 praeter
651 4383 672 4454 ΙΙ
714 4389 841 4435 1243
869 4381 1039 4436 credit
1076 4383 1097 4451 ΙΙ
1140 4389 1268 4435 1244
1306 4383 1387 4434 hic
1424 4384 1445 4450 ΙΙ
1488 4388 1616 4434 1247
1656 4383 1859 4435 mulieri
1898 4384 1919 4450 ΙΙ
1961 4390 2087 4435 1252
2126 4401 2228 4453 pos
2265 4384 2286 4451 ΙΙ
2328 4389 2453 4434 1255

238 4464 431 4520 Uxoris
498 4467 519 4530 ΙΙ
583 4471 713 4519 1259
752 4468 1075 4520 conveniunt
1130 4468 1151 4534 ΙΙ
1208 4471 1337 4520 1262
1375 4467 1460 4520 alii
1517 4467 1539 4534 ΙΙ
1593 4468 1856 4538 tabenque
