3042 5192
631 451 773 518 288
1714 447 1775 513 V

630 626 816 688 euius
856 622 1037 687 modi
1079 621 1471 696 ἐπιφώκκειε
1518 621 1675 704 quia
1716 622 2087 684 orationem
2124 622 2549 707 interrumpit
2580 627 2841 708 (namin

619 723 946 813 ‘proximis
978 721 1066 784 ad
1097 723 1246 784 Non
1274 743 1456 782 ruere
1488 740 1570 781 ex
1601 720 1823 804 priore
1852 719 2093 783 horum
2124 742 2438 809 versuum
2466 723 2730 785 videmus
2750 745 2843 785 re-

631 820 988 906 petendum
1037 822 1211 901 est),
1259 840 1298 880 a
1328 817 1729 881 Lucretiana
1772 816 2034 880 dicendi
2079 826 2223 881 arte.
2266 819 2622 883 abhorret.
2668 842 2843 905 prae-

623 930 814 982 terea
865 941 1117 1003 cumque
1165 917 1289 979 nisi
1338 938 1485 978 eum
1536 915 1832 978 relativis
1880 917 2305 979 coniunctum
2352 917 2579 1000 lingua
2624 919 2845 983 Latina

629 1040 762 1081 non
803 1016 1141 1099 agnoscit:
1184 1035 1402 1096 neque
1447 1013 1771 1078 Horatius
1815 1015 1881 1077 in
1928 1016 2285 1078 carminum
2328 1016 2467 1082 1,3‘2
2514 1020 2732 1103 potuit
2760 1018 2848 1080 di-

629 1135 779 1178 cere
808 1114 959 1176 milei
988 1137 1241 1198 cumque
1267 1115 1432 1176 salve
1461 1112 1738 1194 (volunt
1768 1113 1938 1175 enim
1976 1113 2107 1175 hoc
2140 1135 2287 1177 esse
2312 1107 2517 1177 ‘salve
2551 1117 2848 1200 quotiens

629 1225 694 1277 te
739 1212 1035 1277 advoco':
1078 1220 1149 1274 at
1188 1233 1305 1274 cur
1347 1211 1502 1296 lyra
1543 1211 1705 1273 alias
1737 1212 1795 1273 ei
1837 1232 1973 1274 non
2017 1211 2396 1295 salveatP)‚
2440 1211 2568 1275 sed
2597 1215 2848 1299 scripsit

627 1337 661 1376 0
692 1314 969 1376 laborm-m
1005 1311 1198 1373 ,Dulce
1228 1310 1486 1372 lenimen
1515 1310 1931 1394 medicumque
1957 1310 2120 1371 salve
2150 1311 2291 1374 Rite
2318 1315 2561 1374 vocanti
2578 1361 2592 1373 .
2635 1313 2699 1374 in
2729 1311 2848 1373 Lu·

629 1411 815 1473 cretii
847 1433 915 1482 11,
935 1408 1050 1470 721
1085 1429 1220 1470 non
1251 1406 1628 1470 tolerarunt
1659 1405 1842 1469 docti
1872 1409 1961 1470 ita
1991 1431 2244 1494 cumque
2270 1422 2592 1472 necessest.
2635 1410 2846 1493 itaque

628 1509 683 1572 si
713 1509 885 1571 viam
918 1528 957 1569 a
988 1505 1249 1568 Gifanio
1279 1512 1716 1568 monstratam
1739 1553 1754 1575 ‚
1782 1512 1859 1568 ut
1889 1513 2122 1569 cautos
2154 1505 2383 1580 decet,
2416 1505 2848 1570 declinamus

628 1607 802 1670 duae
844 1611 1104 1668 restant
1145 1603 1440 1667 rationes
1486 1604 1729 1686 quibus
1768 1603 1839 1665 hi
1878 1625 2117 1666 versus
2147 1652 2163 1677 ,
2213 1611 2369 1667 ante
2402 1626 2607 1690 quam
2639 1627 2847 1668 eorum

628 1705 796 1769 alter
839 1710 976 1766 tam
1017 1702 1304 1786 turpiter
1348 1709 1928 1787 corrumperetur,
1972 1703 2147 1765 inter
2185 1723 2259 1765 se
2290 1703 2633 1766 coniuncti
2660 1704 2847 1767 fuisse

626 1802 998 1889 potuerint:
1041 1821 1192 1862 nam
1236 1807 1352 1863 aut
1390 1797 1481 1862 ad
1510 1800 1753 1884 dilapsa
1780 1801 2051 1863 videmus
2089 1798 2397 1863 adiectus
2444 1800 2574 1864 fuit
2601 1801 2846 1865 infiniti-

623 1923 751 1964 vus
775 1948 790 1972 ,
823 1898 1037 1983 qualis
1068 1906 1170 1961 cst
1202 1899 1419 1961 cadere
1439 1947 1458 1978 ,
1502 1906 1620 1961 aut
1648 1897 1739 1961 ad
1764 1901 2130 1962 monimenta.
2156 1901 2359 1961 virum
2387 1899 2647 1984 aliquid
2679 1899 2845 1963 addi-

627 2008 800 2074 tum,
851 1995 1032 2080 quod
1077 2017 1117 2058 a
1154 1996 1327 2074 Quae
1369 1997 1762 2080 pronomine
1803 1996 1871 2059 in
1914 1997 2131 2081 capite
2173 2019 2412 2060 versus
2454 1999 2691 2083 posito
2720 2021 2847 2062 sus-

626 2119 904 2185 pensum
922 2096 1128 2158 fuisse
1147 2095 1495 2180 probabile
1520 2103 1625 2158 est
1642 2144 1655 2157 .
1681 2103 1750 2158 at
1770 2094 2006 2158 harum
2028 2103 2267 2159 neutra
2285 2096 2553 2158 ratione
2578 2098 2844 2181 probata

627 2219 712 2259 ex
738 2197 820 2258 iis
848 2193 1195 2258 vocabulis
1227 2214 1397 2277 quae
1427 2194 1819 2278 incorrupta
1847 2201 2107 2259 restant
2135 2194 2511 2276 sententiae
2544 2217 2845 2259 summam

627 2295 864 2358 elicere
894 2314 1253 2379 possumus
1283 2339 1297 2366 ,
1342 2291 1655 2374 quoniam
1676 2315 1983 2377 proporro
2006 2341 2024 2370 ,
2070 2292 2255 2376 quod
2286 2301 2390 2357 est
2419 2293 2601 2358 ultra
2636 2295 2843 2378 (Han-

626 2392 776 2455 dius
809 2391 978 2453 enim
1008 2391 1076 2453 in
1106 2389 1462 2452 Turscllini
1493 2397 1676 2451 tomo
1710 2412 1779 2452 ιν
1810 2409 1871 2475 p.
1889 2390 2012 2453 608
2042 2391 2204 2453 mire
2232 2391 2547 2475 fallitur),
2582 2402 2654 2456 et
2684 2403 2846 2457 retro

626 2497 934 2577 spectare
978 2496 1205 2573 potest
1246 2495 1314 2550 et
1359 2485 1446 2550 ad
1493 2486 1923 2551 succedentia
1949 2538 1964 2563 ‚
2002 2512 2305 2553 senescere
2345 2499 2571 2554 autem
2616 2494 2847 2578 pariter

624 2608 1055 2672 progressum
1097 2586 1335 2649 aetatis
1373 2584 1668 2649 indicare
1710 2593 1938 2670 potest
1981 2595 2049 2651 et
2101 2586 2640 2653 decrementum.
2698 2611 2847 2676 quae

626 2708 773 2748 cum
803 2688 897 2748 ita
927 2685 1091 2757 sint,
1139 2683 1248 2746 hie
1276 2706 1386 2747 ars
1419 2691 1486 2746 et
1517 2682 1999 2748 demonstratio
2030 2685 2247 2748 locum
2277 2709 2417 2750 non
2446 2686 2699 2764 habet,
2741 2687 2847 2752 sed

627 2783 944 2848 divinatio
965 2832 978 2845 .
1027 2803 1188 2867 ergo
1229 2783 1588 2856 MarulluS,
1637 2804 1785 2846 eum
1816 2783 2210 2847 infinitivum
2240 2794 2603 2868 quaereret
2622 2836 2638 2861 ,
2669 2785 2737 2849 id
2761 2787 2849 2848 in·

626 2884 811 2946 venit
836 2880 1022 2967 quod
1045 2882 1220 2945 serio
1250 2881 1524 2946 laudare
1555 2903 1750 2944 nemo
1780 2888 2043 2965 potest,
2073 2883 2314 2967 dilapsa
2342 2884 2623 2948 videmus
2647 2885 2851 2949 Cedere

613 3005 922 3067 proporro
960 2981 1267 3066 subitoque
1306 3004 1610 3044 senescere
1650 3000 1837 3043 cas-ut
1882 2978 2306 3044 Abrahamus
2337 2989 2566 3045 autem
2596 2982 2848 3066 Preige-

625 3103 774 3155 rus,
821 3078 1266 3165 Havercampi
1296 3079 1579 3150 amicus,
1624 3078 1731 3140 cui
1777 3075 1862 3139 de
1903 3079 2297 3163 pronomine
2338 3080 2632 3144 relativo
2664 3082 2849 3145 subo·

625 3179 860 3242 luisset
879 3224 894 3250 ,
924 3177 1094 3240 haec
1123 3178 1535 3262 ineptissima
1567 3174 1801 3239 effudit
1819 3224 1834 3250 ,
1863 3177 2109 3262 dilapsa
2134 3179 2438 3256 videmus,
2479 3180 2661 3258 Quae
2688 3202 2853 3241 mere

617 3299 923 3362 proporro
963 3276 1049 3339 ibi
1078 3299 1304 3362 conque
1331 3298 1637 3338 senescere
1667 3275 1879 3336 credas
1907 3322 1921 3336 .
1968 3273 2126 3336 mihi
2156 3323 2172 3348 ,
2213 3284 2289 3338 ut
2328 3275 2497 3339 nihil
2527 3275 2849 3340 adfirmari

628 3396 832 3459 posse
872 3373 1207 3450 concedo,
1253 3375 1349 3437 ita
1391 3371 1805 3459 aptissimum
1836 3373 1933 3434 rei
1963 3371 2231 3436 videtur
2268 3374 2441 3452 Quae
2470 3397 2678 3438 rous
2708 3397 2853 3459 pro-

613 3495 807 3555 porro
836 3494 1198 3536 vernum
1216 3494 1256 3547 Q
1274 3494 1370 3535 ur:
1399 3492 1704 3534 senescere
1734 3470 1948 3534 credas
1970 3519 1983 3532 .
2014 3492 2284 3535 versum
2314 3473 2693 3557 proximum
2724 3472 2851 3535 No-

624 3569 772 3632 nius
805 3569 1077 3634 exhibet
1103 3593 1166 3654 p.
1184 3569 1421 3645 ‘225‚20
1444 3618 1457 3631 .

790 3667 930 3730 318.
964 3690 1173 3743 Quon
1222 3691 1438 3731 omns
1482 3667 1912 3732 CoN'rlNEr
1952 3691 2330 3733 Anarta-xxv
2380 3692 2741 3734 TERRAM.
2787 3691 2851 3732 si

624 3787 1049 3829 rRocmzAr
1081 3787 1179 3828 nx
1210 3789 1293 3829 ss
1322 3766 1632 3830 OMNIA.
1665 3767 1991 3831 Marullus
2022 3769 2189 3853 quod
2213 3789 2522 3830 omnen.
2553 3770 2641 3848 si,
2672 3763 2851 3852 quod

625 3885 659 3926 e
704 3864 888 3927 libris
933 3864 1179 3929 Italicis
1224 3863 1471 3927 excidit
1502 3912 1516 3937 ,
1566 3863 1651 3927 de
1699 3864 2083 3928 coniectura
2122 3864 2553 3940 addideram,
2600 3887 2751 3928 cum
2788 3862 2853 3926 id

621 3964 840 4048 ipsum
871 3962 938 4025 in
968 3971 1258 4047 utroque
1290 3961 1630 4026 Vossiano
1662 3963 1984 4047 scriptum
2011 3962 2185 4038 vidi3
2229 3962 2417 4047 quod
2447 3963 2853 4026 {laveram-

623 4083 751 4145 pus
786 4109 801 4136 ‚
842 4062 1061 4145 gentis
1091 4061 1389 4124 Batavae
1421 4058 1721 4123 dedecus
1744 4108 1759 4135 ,
1802 4061 1971 4124 tanti
2000 4083 2137 4124 non
2169 4060 2361 4124 duxit
2388 4068 2467 4124 nt
2499 4060 2852 4125 dicendum

624 4161 1069 4225 existimaret.
1101 4161 1427 4225 Marullus
1457 4182 1596 4223 non
1617 4161 1789 4223 bene
1818 4161 1983 4245 quod
1995 4171 2320 4244 procreat,
2344 4159 2678 4224 Antonius
2710 4157 2851 4222 Ma·

619 4259 699 4321 rii
743 4260 885 4322 sine
930 4281 1134 4322 sensu
1178 4283 1302 4346 qua
1346 4269 1628 4322 terram:
1673 4259 1960 4343 pessime
1991 4256 2453 4321 Wakefieldus
2487 4306 2503 4330 ,
2546 4258 2850 4321 Eiehsta·

622 4355 733 4419 dio
781 4367 849 4420 et
877 4357 1243 4442 Forbigero
1288 4354 1796 4442 plaudentibuS,
1841 4378 2015 4419 omne
2055 4367 2394 4434 terranem,
2441 4377 2587 4418 cum
2633 4363 2851 4417 tamen

622 4454 872 4519 seirent
911 4454 1182 4520 Pacuvii
1222 4454 1390 4518 haec
1434 4476 1582 4517 esse
1611 4503 1626 4528 ,
1670 4453 1808 4518 Hoc
1846 4454 1980 4517 vide
2008 4502 2027 4533 ,
2076 4455 2307 4519 circum
2344 4477 2652 4540 supraque
2692 4451 2856 4539 quod
