3042 5192
637 464 772 532 146
1028 429 1034 433 ’
1691 456 1787 526 111

630 651 741 705 αέν
770 687 784 701 .
830 635 1138 720 exceptio
1186 640 1292 698 est
1329 634 1398 695 in
1437 631 1833 717 pronomine
1865 629 2112 716 duplici
2145 679 2163 706 ‚
2204 640 2275 695 et
2302 652 2425 717 per
2450 639 2733 696 neutrum
2753 633 2801 695 in

630 737 895 801 duobus
924 732 1301 797 nominibus
1319 780 1334 794 .
1363 729 1593 805 v1‚298
1618 731 1832 815 iynem·
1857 729 1968 794 ille
2012 729 2227 793 Verte&
2263 752 2443 815 quem
2459 731 2661 814 pau-io
2684 733 2803 794 voci·

629 849 825 900 tamus
843 833 1084 896 nomine
1102 830 1350 918 fulmen
1369 877 1382 891 .
1409 851 1500 903 ιν,
1512 827 1637 891 369
1657 827 1731 891 id
1753 829 1919 915 quod
1940 851 2051 893 nos
2078 828 2363 891 mnbroem
2363 827 2685 913 perhibere
2704 840 2802 892 su&-

627 957 763 1013 mus
791 981 804 993 .
845 953 936 1005 vl,
953 927 1076 992 702
1102 951 1212 992 nos
1242 925 1427 1011 quod
1440 926 1669 1013 fauces
1683 926 2078 1011 perhibemus
2103 935 2164 988 et
2187 947 2301 989 ora
2330 973 2345 987 .
2387 945 2487 1001 111,
2508 926 2620 989 139
2647 927 2803 990 Cond-

630 1035 781 1097 lz'um
808 1078 827 1110 ,
872 1025 1057 1113 quod
1096 1049 1206 1090 nos
1246 1026 1518 1089 animum
1556 1035 1929 1109 mentemque
1964 1045 2253 1088 vocamus
2279 1072 2294 1086 .
2338 1022 2483 1099 1‚58
2520 1023 2697 1103 Quae
2727 1048 2807 1088 nos

628 1129 941 1194 materiem
972 1136 1030 1189 et
1048 1124 1345 1209 yenitalia
1374 1144 1638 1207 corpora
1665 1122 1843 1185 rebus
2067 1122 2407 1206 Appellare
2432 1131 2694 1185 mennas.
2717 1120 2809 1184 sed

633 1248 805 1313 quae
829 1223 1170 1288 Charisius
1200 1221 1474 1296 subicit,
1507 1219 1622 1283 Ubi
1657 1220 1857 1284 Velius
1878 1213 2473 1304 Lonqus‘primum’
2500 1212 2812 1305 inquit‘ad-

628 1325 971 1390 verbialiter
999 1320 1369 1384 audiendwn
1395 1321 1522 1398 esf,
1555 1337 1636 1381 ea
1664 1316 1853 1401 (nam
1879 1337 2055 1381 vana
2079 1315 2342 1403 profert
2362 1315 2817 1381 Lindemannus

629 1449 695 1511 p.
721 1422 799 1486 52
827 1421 1026 1504 n.18)
1072 1439 1156 1482 ex
1183 1416 1400 1502 Longi
1440 1417 1511 1480 in
1539 1413 1844 1478 Aeneida
1880 1414 2371 1478 commentariis
2415 1415 2627 1499 petita
2665 1424 2818 1479 sunt.

629 1523 870 1585 horum
889 1518 1062 1581 libro
1087 1513 1387 1580 secundo
1414 1512 1756 1578 Charisius
1785 1536 1849 1599 p.
1870 1512 1987 1576 153
2017 1534 2184 1576 usus
2214 1520 2355 1577 est:
2386 1511 2472 1576 de
2501 1535 2699 1578 versu
2716 1514 2820 1577 Lu·

631 1620 930 1684 cretiano
960 1614 1194 1678 Velius
1239 1620 1727 1677 commentatus
1774 1631 1923 1674 esse
1962 1612 2188 1697 potuit
2228 1609 2318 1674 ad
2361 1611 2503 1675 eius
2531 1612 2680 1677 libri
2704 1633 2821 1675 ver-

630 1738 776 1782 sum
798 1713 881 1778 79
897 1761 914 1788 ‚
934 1713 1049 1776 ubi
1079 1719 1187 1776 est
1207 1710 1345 1775 Hoc
1360 1713 1641 1797 primum
1658 1757 1672 1772 .
1706 1708 1991 1773 eundem
2023 1709 2258 1773 Velimn
2283 1712 2349 1773 in
2378 1712 2588 1796 quinto
2618 1716 2821 1774 testem

627 1814 789 1879 facit
819 1810 1160 1876 Charisius
1199 1830 1265 1893 p.
1297 1808 1381 1873 88
1411 1832 1425 1871 t
1471 1808 1596 1873 sed
1636 1809 1778 1874 eius
1818 1810 2030 1874 verba
2063 1809 2162 1873 ita
2201 1809 2565 1875 scribenda
2600 1817 2744 1874 sunt
2765 1817 2824 1872 ut

628 1914 943 1998 leguntur
969 1911 1038 1973 in
1060 1908 1507 1995 grammaticis
1531 1907 2177 1973 Vindobonensibus
2207 1931 2271 1994 p.
2294 1909 2412 1973 110
2432 1957 2446 1971 .
2479 1929 2568 1972 ex
2586 1906 2748 1971 Velii
2769 1908 2821 1970 in

627 2012 897 2077 tertium
924 2006 1266 2073 Aeneidos
1307 2007 1782 2071 commentario
1823 2007 2034 2092 petita
2072 2014 2230 2071 sunt
2269 2028 2444 2091 quae
2474 2006 2681 2071 habet
2706 2005 2821 2070 Ma-

628 2110 899 2175 crobius
930 2108 1067 2171 Sat.
1101 2104 1257 2179 111‚6
1276 2153 1289 2167 .

793 2207 894 2271 95.
945 2226 1480 2279 nnolmnnouss
1535 2226 1917 2269 vocA‘rmu
1966 2227 2110 2269 Esr
2148 2254 2164 2269 .
2220 2203 2554 2268 Marullus
2603 2224 2821 2266 Loca·

629 2328 787 2370 ‘run
822 2316 935 2369 est.

794 2403 894 2466 98.
934 2402 1260 2464 Sensum
1290 2421 1533 2463 amm
1565 2445 1578 2461 .
1619 2399 1798 2464 Ante
1824 2399 1997 2465 haec
2024 2422 2293 2465 versum
2320 2421 2531 2463 unum
2557 2399 2665 2464 vel
2688 2420 2820 2483 pau·

628 2523 748 2565 cos
780 2498 1114 2564 excidisse
1140 2497 1563 2561 manifestum
1594 2505 1730 2563 est:
1761 2499 1883 2563 sed
1913 2522 2110 2585 quem
2131 2521 2401 2564 versum
2421 2498 2677 2564 habent
2700 2495 2822 2561 libri

622 2598 929 2683 impressi
949 2603 1220 2683 praeter
1239 2595 1736 2661 vetustissimos
1766 2645 1782 2673 ‚
1827 2598 2099 2675 Quanvis
2122 2599 2317 2662 multa
2344 2598 2589 2684 quidem
2613 2599 2821 2682 sapien·

623 2709 750 2761 tum
789 2696 968 2759 turba
1001 2704 1302 2780 putarunt
1324 2741 1344 2774 ,
1388 2714 1539 2756 eum
1569 2714 1689 2757 cur
1716 2714 1915 2759 nemo
1946 2716 1987 2759 a
2012 2694 2393 2759 Michahele
2421 2694 2705 2759 Marullo
2729 2692 2820 2756 fic-

622 2802 766 2858 tum
802 2813 950 2857 esse
988 2790 1392 2856 intellexerit
1417 2838 1433 2866 ,
1469 2791 1584 2874 qui
1618 2813 1761 2856 rem
1794 2791 2371 2857 consideraverint
2398 2794 2819 2859 mirabuntur:

625 2914 751 2978 ego
775 2891 845 2953 in
869 2889 1240 2955 editoribus
1261 2889 1555 2954 Lucretii
1577 2888 1742 2953 nihil
1762 2890 2136 2954 mirandum
2158 2889 2335 2955 duco
2355 2939 2370 2954 .
2392 2891 2649 2976 primus
2670 2890 2822 2954 hunc

621 3012 892 3055 versum
935 2987 1147 3053 edidit
1175 2987 1630 3074 Hieronymus
1660 2988 1987 3053 Avantius
2020 2987 2433 3054 Veronensis
2461 2989 2533 3052 in
2563 2989 2822 3054 editione

620 3089 866 3154 Aldina
894 3138 911 3164 ‚
959 3108 1130 3174 quae
1158 3084 1412 3173 prodiit
1451 3107 1679 3151 mense
1709 3086 2066 3152 Decembri
2094 3088 2252 3152 anni
2280 3110 2372 3151 mn
2405 3110 2420 3150 ε
2470 3088 2745 3152 eundem
2767 3087 2823 3149 in

618 3188 886 3252 Iuntina
903 3237 918 3263 ,
950 3207 1124 3271 quae
1149 3206 1325 3249 anno
1348 3207 1546 3247 mmm
1575 3185 1906 3272 impressa
1936 3193 2041 3249 est
2059 3233 2075 3261 ‚
2096 3183 2343 3250 Petrus
2367 3184 2708 3250 Candidus
2729 3206 2825 3248 ex-

617 3285 835 3349 hibuit
865 3332 882 3359 ,
923 3283 1192 3347 Marulli
1226 3304 1299 3345 se
1327 3283 1397 3346 in
1425 3281 1559 3347 hoc
1588 3303 1795 3369 opere
1826 3305 2176 3348 censuram
2204 3283 2627 3370 potissimum
2656 3305 2824 3350 secu-

617 3392 760 3448 tum
787 3380 1138 3467 professus
1171 3430 1184 3444 .
1231 3402 1391 3467 ergo
1423 3429 1438 3457 ‚
1479 3381 1791 3465 quoniam
1821 3381 1957 3446 duo
1993 3404 2133 3447 non
2160 3388 2537 3467 potuerunt
2566 3382 2824 3447 eundem

615 3502 885 3545 versum
911 3478 1135 3544 facere
1152 3526 1168 3554 ‚
1199 3489 1315 3544 aut
1335 3479 1603 3544 Marulli
1634 3486 1738 3543 est
1767 3487 1884 3544 aut
1904 3480 2172 3545 Avantii
2203 3529 2217 3542 .
2261 3482 2495 3565 atquin
2516 3482 2826 3546 Avantius

614 3600 754 3642 non
781 3585 858 3642 ut
882 3576 1113 3641 debuit
1126 3589 1427 3663 putarunt
1453 3577 1724 3663 scripsit
1740 3625 1755 3652 ,
1787 3578 1911 3642 sed
1928 3590 2215 3663 putaret:
2241 3577 2560 3664 idemque
2587 3582 2658 3645 in
2676 3580 2827 3643 libro

616 3698 688 3742 iv
716 3699 985 3741 versum
1024 3684 1186 3763 post
1231 3676 1349 3741 102
1384 3674 1692 3740 additum
1720 3677 1817 3740 ita
1845 3684 2237 3764 corruptum
2268 3675 2462 3742 dedit
2490 3727 2505 3753 ‚
2551 3701 2826 3764 corpora,

611 3801 711 3840 res
744 3777 965 3841 multas
1005 3799 1163 3863 quae
1203 3776 1443 3839 mium
1482 3796 1736 3859 corpore
1775 3786 1987 3861 aperto
2014 3824 2032 3855 ,
2076 3797 2227 3839 cum
2256 3774 2441 3861 apud
2472 3774 2825 3840 Candidum

611 3884 794 3939 recte
822 3875 1085 3960 legatur
1113 3897 1212 3938 res
1237 3874 1462 3937 multae
1495 3898 1516 3936 .·
1563 3880 1633 3937 et
1657 3873 1728 3937 in
1757 3873 1997 3938 eodem
2027 3874 2198 3939 libro
2228 3881 2392 3959 post
2418 3895 2689 3940 versum
2717 3870 2825 3937 532

609 3972 938 4035 Avantius
971 3972 1114 4036 sine
1144 3971 1281 4035 ullo
1313 3992 1519 4035 sensu
1547 3994 1746 4036 rauca
1771 3974 1900 4035 suis
1912 4021 1931 4053 ‚
1955 3984 2013 4036 et
2037 3973 2155 4036 iter
2179 3972 2384 4036 reddit
2409 3994 2537 4058 qua
2564 3996 2679 4037 voa·
2702 3974 2748 4034 it
2768 3971 2825 4031 ἐκ

610 4092 802 4133 aura-s·
829 4116 847 4148 ‚
898 4066 1241 4132 Candidus
1286 4078 1509 4133 autem
1566 4068 1915 4133 emendate
1957 4071 2184 4135 Rauca
2220 4071 2339 4133 viis
2376 4080 2435 4133 et
2470 4072 2586 4134 iter
2622 4068 2821 4135 laedit.

608 4166 760 4252 quis
787 4166 990 4252 igitur
1020 4164 1330 4230 dubitare
1359 4174 1589 4251 potest
1618 4167 1778 4252 quin
1805 4168 2134 4232 Avantius
2160 4216 2177 4243 ‚
2225 4168 2341 4252 qui
2370 4187 2446 4230 se
2475 4164 2823 4251 corruptis-

608 4267 843 4330 simum
881 4264 1176 4329 Lucretii
1229 4270 1470 4351 poema
1524 4267 1668 4330 sine
1715 4266 1993 4350 antiquo
2040 4265 2403 4351 exemplari
2445 4264 2823 4329 emendasse

607 4365 838 4429 scribit
870 4414 885 4441 ‚
931 4370 1000 4428 et
1033 4362 1163 4427 hos
1195 4371 1264 4427 et
1292 4371 1559 4429 ceteros
1587 4386 1807 4429 novos
1835 4384 2074 4429 versus
2103 4364 2399 4449 itemque
2431 4361 2819 4428 emendatio-

601 4482 724 4526 nes
766 4463 1147 4527 innumeras
1175 4462 1466 4527 Marullo
1512 4461 1759 4529 debeat
1789 4512 1804 4538 ‚
1848 4461 1972 4528 sed
2015 4462 2308 4528 noluerit
2348 4461 2633 4527 Marullo
2672 4458 2818 4521 vivo
