3042 5192
592 472 678 539 14
1678 470 1709 538 Ι

582 645 919 710 omnibus:
951 643 1137 709 haud
1172 645 1374 730 igitur
1404 646 1764 731 quicquam
1803 644 2177 730 procedere
2208 657 2442 733 posset
2460 699 2474 723 ‚

579 761 970 847 principium
1003 760 1312 846 quoniam
1342 758 1630 823 cedendi
1658 760 1839 824 nulla
1868 760 2067 826 daret
2092 783 2202 825 res
2222 813 2235 825 .

425 895 522 940 340
580 884 652 941 at
679 897 858 940 nunc
886 896 1010 962 per
1038 875 1241 939 maria
1271 896 1351 938 ac
1379 882 1600 939 terras
1629 876 2042 961 sublimaque
2074 878 2240 941 caeli

576 992 784 1056 multa
810 989 1031 1053 modis
1061 989 1284 1053 multis
1312 990 1498 1054 varia
1526 991 1788 1054 ratione
1822 992 2076 1055 moveri

580 1107 909 1170 cernimus
939 1113 1097 1169 ante
1129 1104 1397 1180 oculos3
1423 1126 1595 1191 quae
1615 1154 1630 1179 ‚
1651 1106 1710 1169 si
1738 1126 1876 1170 non
1907 1114 2087 1170 esset
2110 1108 2304 1169 inane
2323 1155 2338 1171 .

576 1243 716 1286 non
746 1230 883 1285 tam
912 1219 1196 1284 sollicito
1227 1229 1413 1285 motu
1441 1222 1707 1307 privata
1736 1230 2046 1285 carerent

577 1357 777 1422 quam
804 1335 1031 1421 genita
1058 1336 1326 1398 omnino
1355 1334 1539 1398 nulla
1565 1336 1828 1400 ratione
1854 1334 2138 1400 fuissent
2155 1384 2171 1409 ‚

422 1470 519 1515 345
574 1449 874 1537 undique
902 1449 1214 1513 materies
1245 1449 1562 1533 quoniam
1590 1450 1840 1535 stipata
1869 1450 2167 1535 quiesset
2184 1499 2198 1512 .

574 1573 928 1651 praeterea
957 1562 1258 1649 quamvis
1289 1561 1548 1626 solidae
1576 1585 1689 1627 res
1719 1585 1869 1628 esse
1899 1572 2255 1651 putentur,

574 1679 734 1744 hinc
761 1687 985 1744 tamen
1014 1699 1165 1742 esse
1194 1676 1351 1741 licet
1376 1697 1533 1741 raro
1565 1700 1713 1742 cum
1744 1700 2031 1766 corpore
2062 1699 2297 1742 cernas
2316 1728 2329 1741 .

572 1795 642 1858 in
672 1794 854 1858 saxis
884 1814 964 1857 ac
993 1792 1330 1878 speluncis
1358 1801 1710 1878 permanat
1738 1815 2062 1879 aquarum

578 1907 873 1995 liquidus
902 1928 1093 1972 umor
1122 1914 1191 1970 et
1218 1906 1535 1972 uberibus
1563 1909 1728 1974 flent
1755 1910 1977 1973 omnia
2003 1910 2213 1995 guttis
2234 1959 2248 1972 .

418 2042 517 2087 350
573 2022 858 2109 dissipat
883 2023 952 2085 in
982 2042 1231 2107 corpus
1260 2042 1409 2085 sese
1440 2022 1628 2086 cibus
1659 2044 1854 2087 omne
1884 2024 2318 2088 animantum:

573 2144 889 2202 crescunt
915 2135 1194 2201 arbusta
1223 2144 1292 2200 et
1317 2134 1496 2202 fetus
1523 2139 1593 2201 in
1621 2146 1923 2225 tempore
1951 2138 2244 2204 fundunt
2260 2189 2275 2213 ‚

573 2252 762 2340 quod
791 2252 980 2317 cibus
1008 2251 1077 2314 in
1108 2258 1288 2315 totas
1315 2272 1532 2338 usque
1562 2253 1647 2316 ab
1678 2252 2016 2319 radicibus
2045 2254 2190 2318 imis

569 2390 693 2455 per
719 2376 1003 2433 truncos
1032 2385 1112 2429 ac
1139 2386 1263 2450 per
1290 2386 1513 2431 ramos
1543 2366 1940 2432 diffunditur
1965 2369 2178 2434 omnis
2196 2418 2210 2432 .

568 2484 746 2547 inter
774 2489 1013 2567 saepta
1039 2487 1265 2545 meant
1290 2501 1499 2545 voces
1527 2489 1596 2545 et
1623 2480 1851 2546 clausa
1879 2479 2232 2546 domorum

416 2616 513 2661 355
567 2595 1081 2670 transvolitant,
1098 2592 1384 2680 rigidum
1412 2604 1765 2680 permanat
1792 2594 2002 2680 frigus
2034 2594 2124 2659 ad
2152 2615 2312 2659 ossa
2330 2644 2343 2657 .

570 2709 763 2797 quod
784 2709 916 2774 nisi
938 2708 1163 2773 inania
1190 2709 1325 2772 sint
1341 2757 1357 2784 ‚
1382 2730 1517 2795 qua
1545 2718 1830 2796 possent
1856 2730 2149 2795 corpora
2178 2729 2486 2794 quaeque

566 2824 854 2891 transim
881 2821 1069 2888 haud
1094 2822 1233 2887 ulla
1258 2822 1400 2887 fieri
1430 2824 1691 2889 ratione
1719 2823 1990 2889 videres
2009 2874 2024 2888 .

573 2940 861 3027 denique
893 2960 1013 3003 cur
1040 2938 1205 3003 alias
1234 2938 1379 3004 aliis
1407 2947 1756 3026 praestare
1785 2937 2087 3003 videmus

566 3055 871 3144 pondere
896 3074 1009 3119 res
1036 3053 1241 3118 rebus
1269 3052 1406 3118 nilo
1435 3054 1686 3119 maiore
1714 3053 1976 3141 figura?

412 3187 510 3234 360
565 3192 720 3236 nam
747 3171 803 3235 si
832 3167 1295 3235 tantundemst
1319 3167 1388 3232 in
1416 3169 1609 3234 lanae
1638 3169 1931 3255 glomere
1963 3176 2284 3254 quantum

566 3284 871 3370 corporis
898 3283 967 3347 in
995 3282 1269 3368 plumbo
1299 3290 1436 3357 est,
1460 3281 1858 3348 tantundem
1886 3280 2185 3367 pendere
2215 3303 2340 3367 par
2369 3291 2506 3359 est3

566 3398 873 3482 corporis
904 3396 1260 3460 officiumst
1290 3396 1605 3480 quoniam
1634 3416 1938 3481 premere
1969 3396 2190 3458 omnia
2219 3394 2532 3462 deorsum
2553 3446 2568 3471 ‚

564 3519 802 3575 contra
830 3519 1052 3575 autem
1079 3516 1321 3573 natura
1348 3517 1574 3573 manet
1602 3509 1744 3573 sine
1773 3508 2074 3594 pondere
2101 3512 2316 3576 inanis
2336 3561 2349 3575 .

564 3646 725 3710 ergo
758 3623 945 3710 quod
972 3630 1351 3710 magnumst
1378 3643 1594 3708 aeque
1622 3622 1966 3709 leviusque
1993 3624 2260 3690 videtur
2279 3675 2294 3701 ‚

406 3756 505 3801 305
560 3740 629 3802 ni
656 3740 889 3803 mirum
907 3788 922 3815 ‚
946 3737 1099 3824 plus
1130 3759 1279 3801 esse
1310 3737 1434 3801 sibi
1465 3736 1766 3802 declarat
1791 3738 2040 3802 inanis:

563 3862 634 3917 at
664 3862 901 3917 contra
929 3852 1199 3939 gravius
1229 3850 1383 3937 plus
1412 3851 1480 3913 in
1510 3873 1585 3915 se
1616 3853 1920 3938 corporis
1951 3874 2101 3918 esse

563 3950 836 4032 dedicat
863 3975 934 4032 et
959 3967 1168 4031 multo
1196 3986 1478 4029 vacuum
1505 3968 1722 4032 minus
1751 3968 1931 4033 intus
1959 3967 2210 4033 habere
2231 4018 2244 4032 .

559 4237 656 4282 347
707 4230 891 4284 liceret
945 4232 966 4299 ΙΙ
1020 4237 1118 4284 349
1168 4233 1291 4284 fient
1347 4232 1368 4299 ΙΙ
1422 4238 1519 4284 352
1558 4231 1839 4286 radicimus
1889 4235 1910 4301 ΙΙ
1957 4239 2053 4286 357
2102 4232 2206 4286 ulla
2244 4232 2480 4287 valerent
2515 4232 2721 4285 ratione
2765 4232 2785 4299 ΙΙ

556 4319 655 4365 366
704 4315 815 4367 Aut
