3042 5192
1352 499 1383 567 I

229 680 631 741 contextum
660 673 766 736 vis
794 670 1075 736 deberet
1104 670 1473 737 dissolvere
1506 693 1814 760 quaeque
1834 725 1848 737 .

228 796 297 852 at
324 809 513 852 nune
532 836 550 862 ‚
572 788 753 852 inter
780 808 856 852 se
886 788 1041 873 quia
1067 808 1282 852 nexus
1309 788 1786 874 principiorum

101 919 180 966 ²45
229 900 595 967 dissimiles
625 910 944 967 constant
971 909 1378 988 aeternaque
1406 905 1719 969 materies
1751 913 1857 969 est
1875 954 1891 981 ‚

226 1018 549 1082 incolumi
578 1025 931 1082 remanent
955 1038 1066 1082 res
1097 1037 1383 1104 corpore
1400 1066 1416 1093 ‚
1441 1016 1600 1082 dum
1628 1019 1795 1083 satis
1824 1021 1998 1085 aeris

226 1132 325 1196 vis
355 1132 575 1197 obeat
602 1154 730 1219 pro
761 1139 1033 1196 textura
1061 1133 1383 1217 cuiusque
1413 1141 1687 1219 reperta
1706 1183 1719 1197 .

231 1245 413 1311 haud
442 1247 655 1334 igitur
683 1245 863 1311 redit
889 1246 979 1310 ad
1005 1247 1210 1310 nilum
1238 1267 1349 1310 res
1378 1246 1514 1310 ulla
1532 1296 1549 1322 ‚
1570 1246 1694 1311 sed
1723 1270 1953 1313 omnes

231 1361 517 1427 discidio
546 1360 842 1427 redeunt
868 1362 937 1425 in
966 1382 1257 1448 corpora
1284 1363 1584 1427 materiai
1603 1412 1616 1426 .

95 1493 179 1539 250
228 1485 581 1564 postremo
610 1483 900 1564 pereunt
922 1475 1171 1540 imbres
1187 1524 1204 1552 ‚
1224 1475 1340 1540 ubi
1368 1497 1487 1541 eos
1516 1484 1712 1563 pater
1739 1478 1973 1543 aether

231 1592 297 1656 in
328 1593 658 1678 gremium
686 1591 918 1656 matris
944 1591 1150 1656 terrai
1178 1591 1678 1678 praecipitavit:

234 1714 303 1772 at
326 1705 588 1772 nitidae
619 1714 906 1793 surgimt
931 1705 1160 1792 fruges
1177 1754 1194 1782 ‚
1216 1706 1514 1792 ramique
1542 1707 1884 1774 virescunt

234 1822 590 1887 arboribus
607 1870 624 1898 ‚
646 1828 960 1886 creseunt
986 1820 1176 1908 ipsae
1203 1819 1482 1907 fetuque
1511 1830 1909 1907 gravantur:

232 1937 386 2001 hine
415 1937 621 2001 alitur
650 1953 856 2024 porro
886 1943 1193 2001 nostrum
1222 1956 1434 2022 genus
1463 1943 1670 2023 atque
1698 1937 2022 2002 ferarum:

99 2067 185 2113 255
231 2051 383 2117 hine
412 2052 633 2117 laetas
661 2051 865 2116 urbes
894 2051 1123 2137 pueris
1150 2050 1391 2116 florere
1420 2049 1723 2116 videmus
1741 2101 1757 2128 ‚

231 2165 773 2252 frondiferasque
801 2166 997 2230 novis
1026 2165 1262 2231 avibus
1291 2186 1532 2230 canere
1560 2166 1858 2253 undique
1888 2168 2122 2233 silvas:

232 2281 386 2348 hine
415 2264 966 2368 fessae'peeudes
994 2281 1223 2367 pingui
1252 2301 1375 2367 per
1403 2281 1652 2367 pabula
1678 2282 1857 2346 laeta

236 2417 529 2483 corpora
558 2395 941 2483 deponunt,
964 2404 1035 2459 et
1063 2395 1362 2461 candens
1391 2397 1650 2461 lacteus
1677 2418 1871 2462 umor

231 2512 550 2577 uberibus
578 2520 806 2576 manat
834 2509 1176 2576 distentis:
1205 2511 1362 2576 hine
1387 2533 1567 2576 nova
1593 2512 1827 2598 proles

100 2641 186 2688 260
232 2628 516 2693 artubus
543 2627 816 2692 infirmis
842 2634 1116 2692 teneras
1145 2627 1395 2692 lasciva
1420 2649 1545 2714 per
1573 2627 1819 2691 herbas

238 2741 405 2807 ludit
430 2743 605 2807 laete
634 2762 816 2807 mero
845 2749 1104 2806 mentes
1134 2742 1445 2827 perculsa
1471 2741 1771 2807 novellas
1789 2791 1802 2804 .

240 2854 422 2920 haud
446 2858 648 2943 igitur
676 2857 942 2944 penitus
971 2864 1261 2944 pereunt
1290 2877 1461 2943 quae
1492 2877 1777 2941 eumque
1805 2856 2154 2937 videntur3

241 2970 515 3055 quando
544 2970 680 3036 alid
708 2993 795 3035 ex
823 2972 953 3036 alio
982 2971 1199 3037 reficit
1226 2980 1469 3037 natura
1485 3021 1501 3049 ‚
1524 2993 1651 3037 nee
1679 2971 1879 3035 ullam

237 3106 381 3149 rem
407 3086 583 3173 gigni
609 3087 863 3173 patitur
882 3136 897 3163 ‚
918 3087 1045 3151 nisi
1074 3095 1289 3152 morte
1320 3085 1552 3150 adiuta
1580 3086 1795 3150 aliena
1813 3135 1826 3149 .

100 3214 189 3260 265
318 3199 513 3266 Nune
541 3222 666 3287 age
684 3251 700 3279 ‚
722 3223 833 3267 res
864 3202 1175 3287 quoniam
1207 3200 1408 3265 doeui
1436 3222 1577 3265 non
1604 3222 1809 3287 posse
1841 3202 2051 3266 ereari

237 3313 323 3379 de
350 3315 485 3381 nilo
513 3338 735 3403 neque
762 3318 921 3381 item
950 3318 1211 3404 genitas
1243 3315 1334 3380 ad
1362 3316 1456 3380 nil
1483 3316 1788 3380 revocari
1805 3366 1821 3392 ‚

240 3450 485 3517 nequa
511 3430 692 3497 forte
719 3439 942 3497 tamen
971 3440 1248 3518 coeptes
1279 3430 1586 3496 diffidere
1616 3431 1812 3496 dictis
1830 3481 1846 3507 ‚

239 3544 423 3630 quod
450 3555 795 3633 nequeunt
822 3547 1034 3611 oculis
1060 3568 1284 3612 rerum
1311 3546 1678 3633 primordia
1706 3549 1888 3612 cerni
1907 3596 1922 3621 ‚

239 3660 466 3747 accipe
495 3669 851 3748 praeterea
878 3682 1051 3748 quae
1081 3683 1369 3748 corpora
1396 3670 1542 3726 tute
1571 3669 1914 3727 necessest

102 3788 189 3835 270
244 3775 602 3841 confiteare
635 3797 781 3841 esse
811 3778 879 3841 in
907 3777 1111 3842 rebus
1139 3798 1264 3841 nec
1292 3799 1498 3863 posse
1526 3776 1742 3841 videri
1760 3827 1773 3840 .

240 3890 566 3978 principio
594 3893 779 3956 venti
802 3893 907 3957 vis
935 3892 1249 3957 verberat
1275 3893 1478 3956 incita
1505 3900 1737 3958 cautes

236 4004 656 4092 ingentisque
684 4007 820 4072 ruit
846 4009 1037 4072 navis
1069 4016 1138 4073 et
1163 4007 1390 4072 nubila
1420 4005 1644 4071 differt
1660 4056 1675 4083 ‚

235 4118 405 4187 inter
434 4119 596 4185 dum
626 4120 868 4208 rapido
898 4144 1298 4210 percurrens
1327 4122 1593 4187 turbine
1622 4142 1895 4207 eampos

240 4234 591 4301 arboribus
620 4237 876 4323 magnis
907 4238 1145 4303 sternit
1174 4239 1556 4323 montisque
1585 4258 1935 4324 supremos

243 4476 334 4522 257
370 4472 587 4544 pinguis
622 4474 645 4543 ΙΙ
687 4480 785 4526 263
825 4492 891 4527 ex
926 4474 1030 4529 allo
1071 4474 1091 4543 ΙΙ
1127 4481 1225 4527 264
1265 4472 1445 4528 adluta
1482 4476 1504 4541 ΙΙ
1542 4481 1636 4527 271
1678 4480 1890 4527 cortus,

2385 505 2462 573 ll
