3042 5192
586 459 721 527 102
1662 455 1723 522 11

583 631 1072 719 Oudendorpio
1112 629 1201 693 ad
1244 630 1497 694 Lucani
1542 630 1781 694 librum
1821 652 1885 704 x,
1899 629 2017 693 491
2061 628 2339 716 probari
2377 627 2544 691 dicit
2583 627 2813 693 Forbi-

583 753 700 818 ger
721 780 736 806 ‚
765 729 1181 795 mendacium
1214 727 1410 794 dicite
1438 729 1549 792 ille
1573 729 1745 792 enim
1767 728 2135 792 rectissime
2155 725 2513 814 legendum
2536 728 2816 792 coniecit

583 854 623 894 ‘r
638 853 684 895 A
700 853 735 894 c
752 854 792 892 ·r
808 852 854 892 A
884 830 1082 894 colore
1098 877 1111 890 .

750 928 889 993 502
920 927 1201 991 Auum
1252 949 1664 990 Pavonum
1715 947 2045 990 amanet
2097 947 2433 989 lusura
2484 947 2814 988 aeroas

587 1027 914 1091 SAECLA
965 1047 1171 1089 Nova
1221 1047 1485 1089 uranu
1544 1045 1958 1089 surana-ra
2009 1045 2322 1087 0011an
2375 1045 2815 1087 monaste-r.

587 1122 974 1205 Quadratus
1001 1134 1289 1209 superata
1319 1125 1526 1188 colora
1553 1172 1566 1185 .
1597 1121 1995 1187 Franciscus
2023 1120 2327 1185 Medices
2357 1144 2400 1184 a
2416 1144 2498 1184 ιι)
2514 1144 2614 1185 nu
2631 1145 2711 1185 τι
2740 1123 2816 1186 le-

574 1246 732 1309 pore
761 1231 829 1288 et
857 1244 1068 1286 Novo
1098 1245 1308 1286 renem
1337 1223 1569 1302 colore,
1591 1221 1925 1308 probante
1956 1228 2027 1284 et
2045 1219 2245 1284 valde
2272 1219 2598 1284 laudante
2615 1219 2815 1284 Petro

588 1320 895 1385 Victorio
912 1369 931 1401 ‚
964 1328 1033 1385 et
1064 1318 1330 1405 quidem
1348 1368 1364 1396 ,
1391 1325 1470 1384 ut
1496 1326 1684 1383 recte
1704 1319 2068 1383 Lambinus
2085 1368 2101 1396 ,
2120 1320 2416 1384 ‘annotat
2438 1320 2509 1382 ὄπ
2537 1321 2711 1405 epist.
2731 1320 2816 1382 19.

586 1420 684 1484 lib.
708 1419 783 1484 15
803 1443 818 1483 t
835 1421 850 1444 ’
878 1418 1204 1504 Forbiger
1236 1468 1251 1494 ‚
1292 1426 1372 1483 ut
1400 1418 1629 1504 potius
1658 1418 1830 1482 bene
1861 1418 2114 1506 scripta
2140 1439 2349 1505 prave
2380 1416 2817 1503 descripsisse

588 1540 788 1603 quam
817 1518 961 1604 ipse
992 1515 1245 1602 aliquid
1274 1517 1688 1581 examinasse
1718 1524 2115 1603 argueretur
2144 1566 2160 1592 ‚
2203 1516 2376 1580 haec
2415 1516 2665 1581 ficticia
2707 1538 2817 1603 po-

591 1617 724 1681 suit
742 1616 785 1692 ‚‘
804 1617 1100 1681 Victorius
1114 1615 1431 1701 Effluxv,
1452 1615 1576 1679 19:
1609 1614 1735 1679 sed
1752 1615 2115 1680 Lambinus
2142 1637 2291 1679 cum
2319 1615 2578 1701 optima
2606 1636 2817 1679 emen·

593 1712 866 1777 datione
889 1714 1213 1778 orationis
1235 1713 1501 1778 vincula
1523 1713 1670 1777 tolli
1691 1713 1983 1790 videret,
2016 1723 2174 1778 ante
2193 1716 2410 1779 Aurea
2428 1715 2500 1778 in
2519 1714 2656 1778 fine
2679 1736 2818 1779 ver·

592 1834 707 1876 sus
740 1813 1009 1898 scripsit
1038 1824 1139 1894 et3
1170 1834 1304 1897 quo
1335 1813 1485 1898 ipso
1515 1812 1681 1875 nihil
1712 1811 1933 1877 effecit
1960 1813 2089 1877 nisi
2119 1820 2197 1876 ut
2223 1820 2429 1900 poeta
2455 1813 2817 1877 barbaricis

590 1911 894 1976 vestibus
926 1918 997 1975 et
1036 1932 1377 1996 purpurae
1415 1911 1827 1996 ineptissime
1859 1932 2062 1975 aurea
2089 1932 2425 1998 pavonum
2453 1911 2682 1975 saecla
2710 1910 2814 1975 ad·

589 2009 885 2074 iumdsse
914 2009 1258 2073 videretur
1278 2059 1292 2073 .
1333 2009 1468 2073 hoc
1499 2016 1685 2072 certe
1716 2009 2094 2074 evitaverat
2120 2009 2446 2073 Marullus
2463 2059 2479 2085 ‚
2510 2032 2663 2074 cum
2691 2031 2814 2073 non

592 2108 758 2172 satis
786 2108 1003 2194 perite
1033 2108 1358 2172 scriberet
1388 2107 1527 2172 Iam
1555 2108 1664 2171 tibi
1877 2131 2194 2194 pavonum
2230 2109 2434 2172 vident
2469 2110 2706 2173 imbuta
2743 2111 2815 2172 le·

579 2231 738 2293 pore
749 2233 773 2289 ,-
806 2207 1030 2272 Sedulo
1059 2231 1219 2295 quae
1246 2229 1457 2271 rerum
1483 2218 1776 2291 superata
1806 2208 2005 2271 colore
2031 2208 2300 2271 iacerent
2324 2255 2337 2268 .
2381 2205 2632 2271 Petrus
2659 2208 2814 2271 Bur-

590 2326 875 2369 mannus
904 2305 994 2369 ad
1013 2305 1402 2369 Petronium
1433 2302 1512 2366 55
1542 2326 1609 2389 p.
1626 2303 1749 2367 355
1774 2306 1992 2369 Aurea
2007 2327 2323 2391 pavonum
2349 2306 2577 2370 ridenti
2603 2308 2816 2370 imbuta

593 2406 797 2489 lepore
826 2406 1024 2490 Pepla
1058 2453 1071 2466 .
1114 2403 1239 2468 sed
1282 2425 1367 2467 ne
1408 2402 1546 2466 hoc
1576 2400 1845 2487 quidem
1884 2402 2046 2467 ferri
2072 2410 2305 2488 potest
2331 2403 2462 2467 nisi
2487 2403 2605 2468 illo
2634 2405 2813 2469 Lam-

592 2502 863 2566 biniano
910 2514 966 2566 et
1006 2501 1302 2565 admisso
1336 2549 1351 2576 ‚
1393 2500 1580 2586 quod
1625 2501 1696 2564 in
1739 2523 2053 2565 versuum
2102 2501 2647 2566 hexametrorum
2699 2503 2814 2567 fine

594 2621 848 2686 ponere
877 2600 1039 2664 solis
1065 2601 1243 2663 inter
1272 2606 1514 2685 poetas
1544 2600 1828 2664 satiricis
1856 2600 2014 2664 licet
2044 2650 2058 2664 .
2105 2608 2358 2685 quanto
2404 2603 2656 2666 rectius
2684 2611 2814 2666 erat

594 2698 764 2762 haec
816 2698 1036 2762 omnia
1093 2720 1243 2762 cum
1285 2698 1574 2763 Marullo
1620 2696 1710 2762 ad
1760 2719 2125 2785 purpuram
2167 2697 2420 2763 referre
2449 2747 2465 2775 ,
2527 2699 2654 2763 sed
2695 2700 2812 2764 hoc

592 2794 833 2873 modo,
861 2800 1078 2862 Aua-ea
1106 2847 1124 2877 ‚
1154 2821 1468 2884 pavonum
1496 2799 1722 2861 ridenti
1751 2818 2099 2861 lmerTA
2137 2799 2340 2883 lepore
2373 2798 2634 2863 Saecla.
2663 2798 2810 2863 haec

598 2896 770 2960 enim
809 2897 1029 2961 locum
1072 2896 1327 2962 habent
1367 2890 1449 2960 in‘
1471 2917 1776 2984 purpura
1804 2894 2015 2983 Tyrio
2048 2895 2255 2960 colori
2284 2896 2476 2960 simili
2505 2946 2521 2970 ‚
2564 2895 2650 2961 de
2691 2919 2810 2984 quo

595 2994 848 3060 Plinius
878 2996 947 3059 in
986 2996 1158 3061 libro
1189 2995 1514 3061 naturalis
1556 2995 1878 3059 historiae
1909 3018 1999 3070 lx,
2015 2994 2115 3070 38,
2134 2993 2216 3058 62
2247 2995 2425 3059 Laus
2463 2998 2524 3059 ei
2559 3019 2812 3059 summm

596 3095 663 3157 in
693 3096 892 3160 colore
919 3096 1235 3181 sanquinis
1275 3095 1538 3158 concreti
1563 3094 1874 3179 nimio-ans
1915 3094 2216 3179 adspectu.
2239 3094 2521 3181 idemque
2555 3106 2812 3182 stapam

597 3194 930 3280 rqfulqens.
957 3217 1152 3257 aurea
1181 3200 1405 3257 autem
1433 3213 1735 3279 purpura
1753 3239 1768 3266 ‚
1789 3190 1861 3254 id
1893 3198 2000 3255 est
2028 3212 2193 3255 auro
2226 3198 2466 3256 ornata
2495 3193 2640 3257 sive
2667 3213 2809 3258 auro

597 3291 780 3375 picta
812 3340 828 3366 ‚
866 3292 1106 3355 iterum
1138 3340 1154 3367 ‚
1194 3292 1322 3356 nisi
1349 3290 1548 3356 fallor
1581 3340 1596 3366 ‚
1641 3289 1956 3354 Lucretio
2006 3288 2252 3354 dicitur
2290 3290 2361 3354 in
2388 3313 2595 3356 versu
2635 3291 2809 3355 huius

596 3388 747 3452 libri
774 3388 899 3453 829
917 3438 931 3452 .
961 3389 1030 3451 in
1059 3413 1122 3465 v,
1146 3390 1304 3455 1428
1329 3391 1502 3455 vesti-s·
1533 3390 1864 3476 Purpurea
1892 3399 2073 3475 abque
2102 3411 2259 3453 auro
2284 3390 2597 3478 simisque
2623 3391 2807 3475 ἐκριπ-

596 3486 754 3550 tibus
781 3497 929 3571 apta
946 3535 961 3549 .

765 3584 906 3649 504.
933 3584 1050 3649 Er
1080 3608 1607 3650 conrsuprus
1636 3607 1851 3649 unolz
1880 3606 2204 3649 sunna
2228 3633 2243 3647 .
2272 3584 2610 3649 Antonius
2637 3582 2806 3650 Marii

601 3690 668 3747 et
687 3683 1053 3748 Brixiensis
1086 3682 1289 3749 editio
1320 3707 1415 3749 on
1432 3707 1529 3749 OR
1547 3733 1560 3747 .
1593 3684 1926 3769 oblongus
1955 3684 2213 3764 smirne,
2244 3691 2484 3748 neuter
2511 3705 2806 3770 mayr-nae.

594 3805 850 3848 smuma
878 3790 983 3847 est
1007 3783 1078 3846 in
1119 3782 1455 3867 1.16§7D.
1503 3782 1590 3845 de
1626 3783 1956 3868 publican.
1985 3782 2274 3856 xxxlx‚4
2307 3832 2321 3846 .
2364 3781 2476 3846 alii
2519 3780 2808 3846 dixerunt

596 3905 878 3946 murram
894 3908 916 3945 .·
973 3882 1068 3946 ita
1119 3882 1292 3945 enim
1340 3881 1744 3945 vocabulum
1794 3880 2118 3965 scriptum
2179 3880 2506 3946 exhibent
2566 3879 2807 3945 codices

602 3978 824 4043 Plauti
847 4028 863 4056 ,
892 3978 1224 4044 Varronis
1257 3979 1379 4065 (de
1406 3979 1634 4065 lingua
1662 3979 1903 4043 Latina
1932 4002 2002 4043 vx
2032 4003 2096 4066 p.
2111 3978 2270 4064 264)
2288 4027 2304 4054 ‚
2333 3977 2637 4052 Horatii,
2665 3975 2807 4040 Ver·

599 4077 735 4163 gilii
762 4126 778 4152 ‚
820 4076 1156 4164 Propertii
1184 4128 1200 4154 ‚
1243 4078 1438 4142 Plinii
1467 4125 1482 4151 ‚
1522 4077 1854 4141 Martialis
1886 4125 1901 4152 ‚
1944 4097 2165 4161 neque
2202 4077 2394 4141 aliam
2438 4077 2808 4164 scripturam

596 4174 982 4239 Priscianus
1010 4183 1327 4241 noverat.
1367 4175 1438 4239 in
1480 4174 1977 4260 euangeliorum
2005 4174 2396 4240 Latinorum
2426 4174 2659 4239 codice
2686 4191 2805 4236 sae·

601 4273 731 4336 culi
760 4274 922 4338 noni
949 4296 1084 4338 uuo
1112 4298 1389 4362 myrram
1419 4273 1623 4338 semel
1648 4273 1873 4337 inveni
1891 4321 1906 4348 ‚
1934 4272 2004 4336 in
2034 4274 2523 4359 antiquioribus
2557 4273 2804 4338 alterum

601 4380 992 4437 constanter
1022 4372 1346 4460 scriptum
1376 4421 1390 4435 .
1429 4384 1750 4437 murt-atae
1779 4371 2047 4456 potionis
2085 4372 2156 4435 in
2196 4370 2554 4437 duodecim
2593 4365 2805 4435 tabulis

600 4471 1000 4535 mentionem
1030 4470 1237 4535 fuisse
1267 4470 1491 4536 Varro
1520 4472 1717 4535 testis
1753 4476 1860 4533 est
1900 4468 2082 4554 apud
2111 4469 2384 4536 Festum
2423 4469 2621 4556 p.158
2649 4491 2663 4530 ε
2700 4459 2804 4529 sed
