3042 5192
606 464 698 532 62
1687 463 1748 531 Π

346 699 363 713 ,
449 654 547 701 680
600 638 919 724 religione
949 637 1232 701 animum
1262 639 1448 724 turpi
1477 638 1867 722 contingere
1895 648 2132 724 parcat
2150 686 2164 699 .

449 767 547 815 660
686 752 903 839 Saepe
932 752 1159 837 itaque
1190 773 1273 815 ex
1302 774 1438 815 uno
1469 750 1835 816 tondentes
1863 752 2161 837 gramina
2189 773 2426 840 campo

602 867 933 952 lanigerae
961 864 1258 953 pecudes
1289 875 1356 930 et
1386 888 1712 951 equorum
1743 865 2027 931 duellica
2053 867 2286 953 proles

601 981 1042 1065 buceriaeque
1071 1001 1312 1066 greges
1342 979 1581 1044 eodem
1612 982 1736 1045 sub
1767 983 2055 1067 tegmine
2086 982 2250 1046 caeli

603 1118 686 1160 ex
712 1117 984 1181 unoque
1013 1096 1188 1159 sitim
1216 1094 1533 1159 sedantes
1563 1094 1827 1160 flumine
1855 1097 2055 1181 aquai

604 1209 901 1275 dissimili
927 1212 1163 1275 vivont
1190 1211 1414 1297 specie
1431 1259 1447 1285 ‚
1469 1211 1893 1296 retinentque
1920 1218 2270 1298 parentum

448 1342 546 1387 665
602 1333 908 1390 naturam
938 1333 1007 1389 et
1032 1346 1255 1390 mores
1283 1326 1650 1411 generatim
1681 1346 1986 1410 quaeque
2012 1326 2385 1405 imitantur.

602 1449 794 1506 tanta
824 1448 929 1504 est
945 1489 960 1515 ‚
981 1441 1050 1503 in
1080 1440 1319 1525 quovis
1348 1461 1596 1526 genere
1624 1440 1878 1503 herbae
1899 1489 1915 1515 ‚
1934 1441 2235 1504 materiai

602 1555 932 1620 dissimilis
962 1555 1134 1618 ratio
1153 1603 1169 1629 ‚
1192 1561 1382 1619 tanta
1412 1563 1516 1619 est
1542 1557 1611 1618 in
1639 1554 1906 1618 flumine
1937 1576 2241 1640 quoque.

600 1670 756 1733 hinc
783 1691 989 1758 porro
1021 1669 1323 1755 quamvis
1352 1670 1750 1734 animantem
1780 1691 1864 1733 ex
1894 1670 2199 1734 omnibus
2228 1692 2426 1736 unam

601 1806 758 1849 ossa
785 1806 983 1849 cruor
1012 1805 1224 1849 venae
1254 1784 1437 1849 calor
1463 1806 1657 1848 umor
1684 1785 1946 1849 viscera
1972 1787 2158 1848 nervi

445 1917 543 1963 670
599 1901 1050 1975 constituunt3
1076 1920 1247 1984 quae
1276 1907 1434 1964 sunt
1462 1921 1670 1986 porro
1702 1898 2021 1965 distantia
2046 1900 2247 1986 longe
2265 1951 2280 1971 ,

603 2012 900 2078 dissimili
926 2012 1227 2102 perfecta
1254 2014 1468 2100 figura
1495 2015 1970 2101 principiorum
1990 2065 2003 2077 .

600 2137 741 2193 tum
769 2151 975 2216 porro
1009 2150 1179 2214 quae
1210 2151 1492 2215 cumque
1520 2130 1660 2215 igni
1686 2129 2020 2194 flammata
2049 2138 2429 2209 cremantur
2446 2182 2462 2206 ‚

602 2245 659 2308 si
686 2243 779 2309 nil
805 2252 1156 2331 praeterea
1174 2293 1189 2319 ‚
1212 2250 1433 2308 tamen
1460 2242 1630 2308 haec
1658 2244 1725 2307 in
1757 2265 2042 2331 corpore
2072 2245 2292 2309 celant
2310 2295 2325 2319 ‚

594 2357 776 2421 unde
804 2359 1024 2445 ignem
1051 2359 1271 2423 iacere
1303 2367 1371 2422 et
1397 2358 1619 2421 lumen
1650 2360 2062 2423 summittere
2091 2360 2356 2445 possint

442 2488 539 2534 675
596 2473 1048 2558 scintillasque
1077 2494 1276 2559 agere
1306 2494 1385 2536 ac
1412 2473 1546 2536 late
1579 2471 1843 2536 differre
1871 2473 2190 2537 favillam.

597 2594 821 2649 cetera
850 2586 1171 2650 consimili
1198 2585 1438 2649 mentis
1466 2587 1726 2649 ratione
1754 2606 2123 2672 peragrans

594 2700 893 2763 invenies
921 2700 1122 2784 igitur
1148 2699 1503 2763 multarum
1532 2701 1783 2764 semina
1810 2721 2031 2764 rerum

599 2835 884 2900 corpore
916 2813 1133 2878 celare
1165 2822 1234 2877 et
1261 2814 1484 2878 varias
1515 2813 1828 2879 cohibere
1857 2815 2107 2900 figuras
2127 2864 2141 2877 .

600 2925 889 3013 denique
917 2928 1128 2994 multa
1154 2927 1347 2993 vides
1365 2977 1380 3003 ‚
1406 2929 1650 3014 quibus
1683 2938 1752 2993 et
1782 2929 1969 2993 color
2001 2938 2069 2994 et
2098 2951 2301 3017 sapor
2329 2953 2464 2995 una

443 3058 537 3105 681
596 3041 867 3108 reddita
896 3053 1053 3109 sunt
1082 3066 1231 3109 cum
1260 3042 1471 3109 odore
1491 3093 1507 3119 ‚
1537 3044 1604 3107 in
1633 3044 1839 3131 privis
1867 3044 2194 3131 pluraque
2226 3045 2436 3110 dona.

595 3157 766 3222 haec
793 3159 995 3245 igitur
1023 3160 1224 3224 variis
1257 3158 1507 3224 debent
1539 3167 1853 3224 constare
1882 3159 2144 3245 figuris:

594 3272 793 3337 nidor
824 3275 993 3338 enim
1021 3282 1334 3361 penetrat
1364 3296 1497 3359 qua
1524 3273 1720 3337 fucus
1747 3295 1884 3338 non
1913 3274 1967 3336 it
1993 3273 2063 3336 in
2091 3282 2277 3337 artus
2295 3323 2310 3347 ,

595 3386 788 3451 fucus
818 3389 977 3452 item
1006 3409 1268 3452 sorsum
1285 3437 1300 3461 ‚
1324 3409 1589 3451 sorsum
1619 3409 1821 3473 sapor
1848 3387 2223 3450 insinuatur

441 3517 538 3562 685
593 3502 900 3566 sensibus
920 3527 934 3579 3
957 3509 1033 3564 ut
1059 3524 1302 3566 noscas
1330 3501 1538 3588 privis
1569 3499 1799 3563 differe
1825 3500 2054 3591 figuris
2074 3550 2087 3563 .

605 3614 956 3680 dissimiles
983 3616 1184 3703 igitur
1213 3616 1466 3680 formae
1496 3616 1940 3701 glomeramen
1968 3616 2036 3679 in
2065 3638 2267 3680 unum

594 3732 1005 3795 conveniunt
1024 3780 1038 3805 ,
1065 3740 1133 3795 et
1161 3753 1272 3794 res
1300 3731 1633 3818 permixto
1666 3730 1913 3793 semine
1945 3740 2289 3795 constant.
2513 3753 2536 3783 ·

598 3846 758 3930 quin
789 3845 984 3910 etiam
1012 3846 1263 3932 passim
1292 3846 1548 3909 nostris
1576 3846 1645 3908 in
1673 3845 1980 3909 versibus
2008 3846 2173 3933 ipsis

593 3959 798 4024 multa
828 3960 1152 4024 elementa
1180 3959 1371 4024 vides
1399 3961 1623 4025 multis
1653 3960 2021 4026 communia
2048 3962 2271 4026 verbis
2290 4010 2305 4029 .

592 4174 695 4181 --—
718 4174 767 4179 —
810 4172 995 4179 ---———.

603 4268 703 4315 680
739 4272 951 4334 parato.
1008 4268 1028 4335 ΙΙ
1083 4271 1180 4318 663
1218 4268 1468 4322 sedentes
1515 4270 1537 4337 ΙΙ
1584 4277 1680 4322 664
1719 4271 1978 4323 retinente
2001 4279 2245 4341 parente.
2292 4271 2312 4338 ΙΙ
2360 4276 2459 4323 668
2497 4289 2626 4325 una.
2665 4274 2686 4339 ΙΙ
2722 4276 2816 4324 673

603 4346 907 4400 traduntur.
944 4349 964 4417 ΙΙ
1002 4353 1101 4402 674
1138 4351 1259 4421 igne
1308 4356 1327 4421 ΙΙ
1376 4358 1471 4405 681
1514 4356 1697 4425 primis
1722 4355 1974 4425 pleraque
2010 4355 2031 4419 ΙΙ
2067 4360 2162 4405 683
2201 4372 2359 4408 sucus
2398 4358 2419 4423 ΙΙ
2455 4361 2551 4408 684
2591 4357 2762 4409 Sucus
2800 4358 2818 4419 ,Ιζ

599 4447 810 4483 sorsum
843 4435 1012 4486 smel.
1054 4435 1075 4502 ΙΙ
1112 4440 1208 4487 685
1247 4438 1431 4506 primis
