3042 5192
1363 470 1395 538 1
2400 473 2490 540 27

258 656 321 713 et
343 642 901 745 graviter-magni
927 663 1170 730 magno
1201 640 1505 708 cecidere
1532 643 1626 709 ibi
1654 664 1848 719 casu3

258 762 530 848 primum
563 758 758 846 quod
786 765 1013 823 motus
1042 765 1354 843 exempto
1383 758 1587 821 rebus
1617 758 1794 822 inani

260 877 677 940 constituunt
693 924 710 951 ‚
734 882 805 939 et
833 894 944 939 res
973 870 1191 936 mollis
1217 891 1541 956 rarasque
1567 872 1950 959 relinquont
1967 923 1982 949 ‚

261 997 413 1055 aera
427 1040 444 1067 ‚
467 990 682 1055 solem
699 1038 716 1065 ‚
736 990 961 1075 ignem
978 1035 995 1062 ‚
1019 995 1238 1050 terras
1257 1034 1273 1061 ,
1296 987 1603 1050 animalia
1620 1035 1637 1063 ,
1656 985 1885 1073 fruges
1902 1036 1919 1063 ‚

128 1122 211 1168 745
258 1127 379 1169 nec
405 1115 634 1169 tamen
663 1102 1035 1168 admiscent
1059 1101 1129 1166 in
1158 1122 1390 1165 eorum
1419 1122 1671 1189 corpus
1697 1102 1928 1177 inane3

264 1218 507 1283 deinde
537 1218 729 1305 quod
757 1218 1027 1283 omnino
1055 1215 1253 1280 finem
1294 1236 1436 1279 non
1467 1237 1618 1279 esse
1647 1215 1956 1281 secandis

264 1335 661 1421 corporibus
688 1333 946 1397 faciunt
962 1380 979 1407 ‚
1006 1353 1228 1417 neque
1255 1350 1536 1417 pausam
1566 1337 1747 1394 stare
1775 1330 2062 1418 fragori,

262 1469 385 1512 nec
412 1469 725 1536 prorsum
754 1449 823 1511 in
849 1447 1054 1512 rebus
1081 1445 1417 1509 minimum
1446 1445 1816 1510 consistere
1847 1448 2236 1534 quicquam3

265 1585 409 1626 cum
434 1561 782 1627 videamus
809 1560 884 1626 id
914 1568 1280 1625 extremum
1311 1559 1631 1645 cuiusque
1661 1580 1976 1626 cacumen

126 1694 215 1741 ⁷⁵0
270 1699 415 1742 esse
447 1677 635 1763 quod
663 1675 754 1741 ad
783 1688 1022 1741 sensus
1050 1683 1325 1740 nostros
1353 1674 1689 1739 minimum
1718 1696 1867 1740 esse
1895 1675 2165 1742 videtur
2183 1728 2196 1754 ,

266 1792 569 1857 conicere
596 1800 674 1856 ut
700 1791 924 1879 possis
954 1812 1038 1856 ex
1066 1789 1199 1854 hoc
1217 1838 1233 1867 ,
1256 1810 1432 1875 quae
1459 1810 1734 1854 cernere
1759 1812 1898 1854 non
1927 1792 2077 1877 quis

268 1915 634 1972 extremm
664 1904 852 1992 quod
878 1906 1165 1981 habent,
1187 1904 1522 1968 minimum
1552 1904 1922 1968 consistere
1951 1928 2296 1993 prorsum.

264 2022 393 2087 huc
422 2021 688 2086 accedit
713 2022 851 2086 utei
868 2070 884 2096 ‚
909 2021 1221 2107 quoniam
1249 2018 1614 2107 primordia
1641 2041 1860 2083 rerum

264 2138 483 2202 mollia
512 2137 932 2202 constituunt
949 2183 966 2211 ‚
989 2156 1163 2221 quae
1191 2156 1320 2199 nos
1348 2135 1578 2199 nativa
1606 2133 1908 2199 videmus

126 2269 215 2314 755
268 2274 412 2317 esse
443 2262 513 2317 et
539 2252 803 2316 mortali
831 2273 981 2316 cum
1010 2271 1297 2337 corpore
1315 2298 1332 2325 ‚
1355 2247 1658 2313 funditus
1685 2270 1902 2334 usque

263 2366 506 2433 debeat
532 2366 623 2431 ad
649 2367 852 2430 nilum
879 2366 1009 2429 iam
1036 2386 1257 2429 rerum
1286 2385 1543 2428 summa
1578 2364 1823 2428 reverti

264 2481 345 2546 de
374 2483 651 2568 niloque
678 2487 913 2545 renata
938 2480 1282 2566 vigescere
1312 2480 1508 2565 copia
1537 2500 1793 2556 rerum3

264 2619 548 2682 quorum
575 2604 935 2681 utrumque
967 2594 1130 2680 quid
1159 2616 1200 2658 a
1226 2616 1389 2658 vero
1418 2595 1550 2658 iam
1579 2593 1790 2657 distet
1816 2593 2128 2660 habebis.

265 2710 505 2775 deinde
530 2711 793 2775 inimica
818 2708 1038 2774 modis
1065 2708 1289 2773 multis
1320 2717 1479 2773 sunt
1506 2717 1710 2794 atque
1740 2730 1998 2775 veneno

125 2842 214 2889 760
265 2827 410 2914 ipsa
438 2826 566 2891 sibi
592 2826 766 2890 inter
797 2846 905 2901 se;
932 2846 1141 2911 quare
1169 2832 1287 2889 aut
1315 2845 1681 2909 congressa
1707 2825 2025 2911 peribunt
2041 2874 2057 2901 ‚

269 2949 389 3005 aut
414 2942 509 3005 ita
536 2940 879 3026 diffugient
903 2948 983 3005 ut
1009 2947 1408 3027 tempestate
1436 2947 1674 3004 coacta

264 3055 537 3120 fulmina
564 3054 881 3141 diffugere
908 3064 1113 3139 atque
1140 3055 1367 3118 imbris
1394 3062 1771 3138 ventosque
1799 3052 2140 3119 videmus.

346 3170 654 3256 Denique
686 3178 1008 3255 quattuor
1035 3191 1121 3233 ex
1148 3170 1352 3234 rebus
1382 3169 1438 3232 si
1468 3176 1714 3232 cuncta
1742 3178 2054 3233 creantur

263 3294 467 3371 atque
493 3286 564 3348 in
594 3306 708 3349 eas
737 3307 998 3350 rursum
1026 3307 1135 3350 res
1166 3284 1387 3349 omnia
1416 3283 1879 3349 dissoluuntur
1897 3334 1913 3359 ‚

125 3415 214 3462 765
266 3401 377 3485 qui
404 3400 618 3485 magis
644 3400 759 3463 illa
786 3408 1043 3485 queunt
1069 3421 1291 3464 rerum
1320 3397 1684 3485 primordia
1713 3397 1844 3462 dici

264 3536 458 3599 quam
490 3522 732 3578 contra
757 3537 868 3580 res
897 3515 1159 3579 illorum
1187 3522 1507 3599 retroque
1535 3514 1810 3601 putari?

266 3629 541 3694 alternis
569 3630 933 3715 gignuntur
963 3630 1136 3693 enim
1163 3636 1558 3714 mutantque
1588 3629 1882 3693 colorem

268 3754 331 3807 et
360 3752 576 3808 totam
601 3744 775 3809 inter
805 3766 878 3808 se
906 3754 1211 3809 naturam
1239 3751 1544 3830 tempore
1572 3745 1657 3808 ab
1689 3745 1900 3808 omni.

126 3872 215 3920 770
270 3858 369 3921 sin
395 3860 491 3923 ita
517 3857 696 3923 forte
723 3868 924 3947 putas
951 3861 1122 3946 ignis
1152 3867 1505 3944 terraeque
1537 3860 1717 3923 coire

273 3994 517 4061 corpus
547 3982 618 4037 et
646 3975 858 4039 aerias
889 3997 1088 4039 auras
1116 3995 1471 4058 roremque
1498 3974 1779 4059 liquoris
1799 4022 1813 4049 ‚

275 4282 365 4330 741
408 4294 598 4330 causa.
634 4279 655 4346 ΙΙ
696 4284 795 4331 744
832 4278 1030 4352 frugis.
1070 4281 1090 4349 ΙΙ
1130 4287 1226 4334 747
1266 4282 1462 4335 facient
1496 4284 1518 4353 ΙΙ
1560 4290 1660 4336 748
1697 4283 1883 4353 «1111.ss
1933 4289 2029 4335 752
2069 4299 2316 4354 prorsum
2351 4291 2504 4336 omis-

271 4380 407 4413 sum.
448 4360 608 4430 11753
648 4359 841 4415 accidit
874 4363 998 4418 item
1036 4365 1058 4431 ΙΙ
1094 4371 1191 4417 755
1231 4366 1406 4437 utqui.
1453 4367 1475 4435 ΙΙ
1528 4373 1627 4419 758
1674 4367 1864 4422 habes.
1916 4367 1936 4434 ΙΙ
1986 4371 2084 4419 759
2132 4382 2291 4419 vene.
2340 4366 2361 4433 ΙΙ
2406 4372 2503 4418 767

271 4446 493 4500 &ternis
530 4445 555 4513 ΙΙ
593 4451 777 4498 769=
710 4452 916 4502 -762,
