3042 5192
1237 481 1337 548 VI
2255 486 2394 554 217

173 655 439 720 forsitan
471 675 560 717 ex
586 653 738 741 ipso
766 653 1044 718 veniens
1078 654 1306 718 trahat
1331 660 1486 719 aere
1517 654 1845 741 quaedam

175 791 448 855 corpora
463 817 480 844 ‚
501 790 675 854 quae
702 768 918 854 plagis
944 767 1317 832 incendunt
1344 768 1777 835 mobilitatem
1795 821 1808 833 .

174 884 641 970 incolumisque
670 884 854 947 venit
879 903 1003 969 per
1032 905 1141 947 res
1170 892 1373 968 atque
1401 883 1664 971 integra
1693 886 1936 950 transit

175 999 361 1063 multa
379 1048 395 1074 ‚
421 997 859 1062 foraminibus
886 997 1181 1082 liquidus
1212 998 1368 1084 quia
1398 1000 1778 1065 transvolat
1802 1001 2007 1087 ignis.

60 1132 131 1174 350
172 1113 495 1199 multaque
524 1112 824 1198 perfigit,
848 1134 998 1176 cum
1027 1134 1319 1199 corpora
1345 1112 1635 1178 fulminis
1663 1111 1816 1200 ipsa'

177 1229 559 1315 corporibus
588 1249 810 1291 rerum
837 1227 1218 1292 inciderunt
1232 1275 1249 1303 ‚
1274 1248 1409 1312 qua
1437 1235 1628 1293 texta
1655 1237 2001 1294 tenentur.

179 1342 477 1408 dissoluit
505 1363 716 1429 porro
746 1341 938 1406 facile
967 1363 1084 1407 aes
1113 1363 1484 1427 aurumque
1513 1351 1794 1429 repente

178 1458 476 1521 conferve
502 1456 701 1531 facit,
725 1477 761 1519 e
788 1458 1016 1543 parvis
1047 1457 1206 1542 quia
1230 1456 1414 1520 facta
1439 1457 1690 1522 minute

176 1573 561 1658 corporibus
589 1572 694 1635 vis
726 1578 829 1635 est
859 1579 928 1635 et
954 1569 1213 1636 levibus
1245 1592 1329 1635 ex
1362 1571 1704 1636 elementis
1722 1621 1738 1648 ‚

58 1703 131 1746 355
179 1708 333 1771 quae
360 1686 558 1751 facile
585 1687 1005 1750 insinuantur
1036 1695 1107 1750 et
1132 1686 1466 1751 insinuata
1492 1696 1771 1774 repente

178 1799 543 1865 dissoluont
568 1798 793 1864 nodos
822 1801 1037 1865 omnis
1069 1809 1137 1864 et
1163 1801 1383 1866 vincla
1410 1801 1718 1866 relaxant
1735 1850 1748 1864 .

179 1926 617 2001 autumnoque
646 1915 854 2001 magis
884 1915 1098 1980 stellis
1125 1915 1537 2002 fulgentibus
1568 1923 1730 2001 apta

179 2031 543 2094 concutitur
571 2030 738 2094 caeli
767 2028 1004 2094 domus
1033 2029 1328 2114 undique
1358 2037 1639 2116 totaque
1667 2031 1864 2095 tellus
1883 2081 1898 2104 ,

179 2153 241 2209 et
267 2167 411 2208 cum
440 2154 747 2231 tempora
775 2165 849 2209 se
878 2146 1054 2208 veris
1084 2144 1391 2209 florentia
1418 2144 1726 2230 pandunt
1746 2196 1759 2209 .

58 2275 131 2320 260
175 2259 408 2345 frigore
440 2261 612 2323 enim
643 2258 890 2324 desunt
916 2260 1104 2346 ignes
1123 2309 1139 2336 ‚
1159 2260 1478 2344 ventique
1508 2260 1731 2325 calore

178 2373 479 2439 deficiunt
506 2395 727 2460 neque
758 2382 916 2440 sunt
944 2385 1081 2439 tam
1111 2375 1325 2439 denso
1356 2395 1644 2460 corpore
1672 2375 1886 2440 nubes
1906 2426 1920 2439 .

176 2490 619 2576 intel-utraque
647 2489 848 2576 igitur
878 2511 1024 2554 cum
1056 2489 1220 2554 caeli
1248 2497 1559 2576 tempora
1587 2498 1902 2554 constant
1919 2540 1933 2564 ‚

180 2617 305 2667 tum
332 2605 553 2668 variae
583 2625 827 2669 causae
856 2615 1268 2669 concurrunt
1293 2604 1585 2669 fulminis
1616 2626 1880 2669 omnes:

178 2739 317 2783 nam
346 2719 556 2784 fretus
583 2719 732 2804 ipse
759 2720 915 2783 anni
942 2720 1298 2806 permiscet
1325 2719 1538 2805 frigus
1569 2727 1638 2783 et
1666 2731 1920 2784 aestum
1939 2770 1954 2795 ‚

56 2847 129 2892 365
176 2856 443 2917 quorum
470 2843 829 2919 utrumque
859 2856 1030 2920 opus
1062 2844 1166 2899 est
1192 2833 1588 2899 fabricanda
1617 2834 1705 2898 ad
1733 2835 2006 2901 fulmina
2033 2839 2226 2912 nubi,

174 2959 246 3013 ut
274 2948 607 3013 discordia
636 2949 724 3013 sit
751 2970 972 3012 rerum
1001 2969 1376 3035 magnoque
1406 2950 1689 3014 tumultu

177 3064 425 3148 ignibus
454 3072 522 3129 et
549 3064 772 3129 ventis
797 3063 1198 3129 furibundus
1227 3064 1507 3129 fluctuet
1537 3071 1650 3128 aer
1668 3114 1681 3127 .

178 3179 377 3263 prima
404 3179 643 3243 caloris
675 3179 847 3242 enim
874 3200 1033 3263 pars
1064 3187 1169 3244 est
1196 3186 1539 3265 postrema
1566 3180 1808 3265 rigoris
1830 3228 1846 3255 ‚

177 3300 427 3378 tempus
454 3302 532 3358 ut
561 3302 667 3358 est
693 3315 1004 3371 vernum3
1029 3314 1236 3379 quare
1265 3315 1565 3380 pugnare
1593 3303 1938 3359 necessest

54 3419 131 3466 350
179 3404 493 3473 dissimilis
521 3409 698 3473 inter
728 3430 801 3473 se
831 3429 945 3472 res
974 3408 1381 3493 turbareque
1409 3410 1688 3473 mixtas:

179 3529 243 3586 et
270 3523 445 3587 calor
475 3531 813 3588 extremus
840 3524 1055 3608 primo
1086 3545 1236 3587 cum
1264 3522 1512 3610 frigore
1541 3524 1787 3588 mixtus

176 3636 454 3702 volvitur
470 3687 487 3714 ‚
511 3640 811 3703 autumni
840 3637 1025 3723 quod
1051 3637 1265 3702 fertur
1292 3638 1560 3701 nomine
1592 3645 1855 3724 tempus
1872 3689 1887 3708 ,

176 3749 278 3813 hic
309 3773 572 3838 quoque
602 3752 970 3839 confligunt
994 3751 1248 3817 hiemes
1278 3753 1647 3817 aestatibus
1677 3774 1902 3818 acres,

182 3877 531 3952 propterea
558 3867 735 3932 freta
765 3876 925 3931 sunt
952 3868 1121 3931 haec
1151 3869 1307 3932 anni
1334 3867 1792 3933 nominitanda
1810 3918 1826 3944 ,

184 4207 278 4254 346
312 4203 427 4259 here
461 4204 481 4276 [1
522 4213 622 4260 349
659 4210 919 4262 transviat
951 4207 972 4277 ΙΙ
1013 4215 1112 4262 356
1150 4210 1318 4262 vincia
1355 4209 1375 4276 ΙΙ
1420 4213 1517 4261 357
1557 4207 1687 4261 alta.
1736 4209 1755 4279 ΙΙ
1809 4214 1906 4260 359
1943 4209 2018 4262 ris
2058 4208 2078 4280 ΙΙ
2117 4213 2215 4261 360
2252 4210 2394 4262 calo-

280 4288 361 4358 .ΙΙ
402 4295 498 4342 362
546 4290 696 4344 Inter
730 4299 986 4363 utrasque
1029 4292 1051 4362 ΙΙ
1106 4299 1204 4346 364
1256 4301 1309 4344 et
1344 4300 1613 4346 omium·
1662 4293 1683 4360 ΙΙ
1729 4297 1825 4344 365
1875 4293 2060 4346 nobis.
2110 4291 2131 4363 ΙΙ
2180 4297 2279 4343 366
2327 4293 2394 4344 sit

180 4375 428 4424 οιιίεσυηι.
478 4372 499 4442 ss
551 4379 651 4426 368
686 4373 900 4446 ligeris.
953 4376 976 4448 ΙΙ
1029 4381 1128 4429 369
1168 4375 1219 4429 id
1267 4375 1288 4444 ΙΙ
1337 4381 1435 4428 370
1472 4391 1560 4428 res
1597 4381 1864 4428 omimseum
1907 4373 1928 4444 ΙΙ
1966 4380 2064 4427 372
2105 4374 2335 4426 Vovitur
2374 4372 2393 4442 ΙΙ

187 4454 281 4502 ³74
318 4449 442 4508 freta
477 4464 741 4513 ommam
