3042 5192
652 401 790 471 122
1727 398 1790 467 Π

643 578 955 662 inpar-vas
963 574 1168 660 partis
1194 573 1559 657 discerpitur
1586 583 1847 656 osto-urm
1876 573 2063 658 quod
2089 574 2247 660 quia
2274 596 2481 641 sanae
2509 576 2743 643 mentis
2764 578 2843 643 in·

648 672 890 738 dicium
915 671 1126 737 habet
1141 719 1157 747 ‚
1199 669 1524 756 Forbiger
1551 692 1639 734 ne
1668 672 2171 738 commemorari
2200 673 2471 759 quidem
2499 697 2704 761 posse
2728 677 2844 761 opi-

644 779 843 836 natus
885 770 1097 835 tacuit
1125 817 1139 832 .
1187 776 1260 833 at
1299 790 1447 833 cum
1473 768 1654 833 idern
1680 768 2142 836 Wakefieldus
2169 779 2440 858 praeter
2471 795 2730 837 omnem
2754 795 2846 838 116-

648 871 1027 935 cessitatem
1073 867 1460 955 scripsisset
1500 890 1683 955 quom
1723 868 2045 934 distractus
2084 881 2171 935 est
2198 918 2216 950 ‚
2254 870 2693 937 Eichstadius
2732 873 2848 937 sine

644 990 834 1034 mora
871 967 1034 1032 fecit
1072 967 1416 1032 distractu-st
1437 1015 1455 1047 ‚
1497 965 1821 1052 Forbiger
1838 1015 1855 1041 ‚
1894 974 1973 1032 ut
2015 965 2422 1054 diligentiam
2451 967 2848 1043 ostenderet,

645 1089 796 1131 cum
840 1065 1029 1151 apice
1064 1066 1424 1130 dtZs-tractu’st
1448 1090 1470 1127 .·
1510 1063 1637 1128 sed
1663 1064 2018 1129 Lucretius
2057 1073 2282 1130 utrum
2323 1088 2403 1132 eo
2430 1066 2643 1131 modo
2672 1070 2848 1133 verba

643 1163 1044 1231 contrahere
1086 1164 1513 1229 consueverit
1557 1183 1880 1249 quaerere
1910 1209 1927 1238 ‚
1969 1162 2047 1226 id
2080 1184 2246 1227 vero
2276 1163 2347 1228 hi
2374 1164 2641 1230 nobiles
2670 1167 2850 1231 critici

641 1264 881 1328 nimiae
921 1268 992 1327 et
1030 1260 1307 1348 putidae
1347 1261 1728 1349 diligentiae
1770 1280 1920 1326 esse
1955 1259 2331 1327 iudicantes
2363 1308 2379 1337 ,
2422 1269 2578 1328 toto
2610 1266 2849 1330 saeculo

641 1369 713 1427 et
757 1361 1035 1446 amplius
1085 1367 1327 1447 postas
1380 1361 1450 1424 in
1489 1361 1799 1425 versibus
1847 1357 2256 1424 hexametris
2294 1360 2675 1446 pangendis
2712 1362 2850 1426 nihil

642 1467 939 1525 mutasse
965 1458 1227 1544 fingunt
1260 1505 1274 1520 .
1321 1457 1521 1522 Ennii
1551 1459 1722 1521 enim
1749 1457 1920 1521 haec
1949 1465 2109 1521 sunt
2135 1455 2320 1544 apud
2348 1456 2629 1524 Festum
2655 1483 2717 1546 p.
2741 1461 2848 1533 166,

643 1559 725 1624 29
757 1571 825 1638 et
858 1556 1325 1633 178,15‚Alter
1349 1579 1503 1622 nare
1533 1558 1739 1642 cupit,
1781 1558 1937 1621 alter
1951 1578 2238 1642 puqnare
2252 1567 2590 1643 paratust
2626 1557 2749 1623 Hic
2770 1582 2848 1625 οσ-

644 1680 820 1721 casus
840 1656 1017 1719 dam-s
1036 1665 1152 1734 est,
1175 1665 1241 1719 at
1266 1654 1515 1719 Oratim
1532 1656 1795 1721 inclutus
1812 1654 2004 1737 saltu,
2022 1655 2222 1721 item
2203 1676 2273 1718 m
2297 1654 2641 1721 Ciceronis
2664 1657 2847 1723 Bruto

645 1755 727 1819 58
758 1761 827 1817 et
858 1752 928 1817 in
957 1751 1150 1817 Gellii
1177 1751 1404 1825 x11‚2
1377 1775 1433 1816 w
1458 1752 1683 1817 dictust
1706 1753 1840 1818 ollis
1855 1753 2263 1839 popularibus
2288 1754 2473 1817 olim:
2500 1753 2632 1818 sed
2661 1777 2848 1841 neque

643 1852 722 1931 Q.
748 1850 1024 1916 Catulus
1054 1851 1346 1915 scribere
1371 1852 1625 1936 potuit,
1655 1858 1733 1916 ut
1760 1851 2016 1938 opinor,
2042 1852 2328 1917 Mortalis
2352 1853 2542 1917 visust
2554 1854 2849 1939 ptddm'or

640 1974 764 2015 esse
800 1950 957 2030 dec,
1003 1948 1127 2014 sed
1165 1952 1370 2030 visu-3,
1413 1956 1481 2014 et
1510 1947 1805 2014 Varroni
1842 1950 2147 2036 imperite
2183 1947 2596 2017 adscribitur
2622 1952 2849 2039 denique

640 2072 866 2113 avarus
895 2048 1046 2128 Quis
1063 2046 1317 2112 suamc?
1346 2048 1461 2133 qui
1489 2068 1729 2112 versus
1753 2047 2094 2133 quomodo
2122 2045 2458 2112 formandi
2480 2058 2715 2114 essent
2733 2048 2847 2113 dixi

639 2167 848 2234 supra
900 2144 990 2211 ad
1029 2167 1300 2211 versum
1342 2146 1542 2210 huius
1588 2145 1738 2211 libri
1780 2146 1894 2211 181
1929 2194 1943 2208 .
1988 2148 2270 2211 monstri
2308 2168 2475 2211 vero
2520 2148 2729 2213 simile
2762 2157 2850 2213 est

642 2245 828 2331 quod
859 2245 1229 2310 Scriverius
1262 2252 1603 2331 tamquam
1630 2244 2040 2309 Lucilianum
2067 2245 2363 2311 Martiali
2396 2245 2661 2312 infulsit
2684 2247 2752 2312 in
2770 2270 2845 2319 ιι.

640 2346 723 2409 90
739 2392 756 2419 ,
776 2345 880 2408 hic
905 2345 1039 2408 situ'
1061 2343 1561 2430 Metrophanes&
1570 2368 1596 2426 ,-
1618 2364 1769 2408 cum
1790 2344 1955 2408 satis
1983 2351 2310 2430 appareat
2323 2390 2340 2418 ‚
2372 2343 2566 2430 quod
2596 2345 2845 2411 Schnei-
2976 2346 2977 2351 ’

643 2441 977 2506 dewinum
1010 2462 1147 2505 non
1178 2441 1729 2506 animadvertisse
1755 2442 1990 2519 miror,
2030 2443 2101 2507 in
2128 2442 2363 2507 Lucilii
2392 2441 2692 2510 disticho
2721 2466 2845 2509 sen·
2976 2520 2977 2523 Ἴ

638 2541 915 2605 tentiam
954 2539 1220 2626 plenam
1257 2561 1398 2603 non
1433 2540 1658 2603 inesse
1686 2586 1701 2614 ‚
1744 2537 1872 2603 sed
1900 2538 2167 2605 aliunde
2195 2538 2607 2627 pendentem
2636 2591 2653 2616 ‚
2690 2542 2847 2607 Mar-

642 2639 864 2705 tialem
902 2644 1125 2701 autern
1169 2637 1523 2721 scripsisse
1569 2637 1659 2703 Et
1698 2637 1808 2701 tibi
1847 2638 2138 2703 Maeonio
2179 2662 2414 2726 quoque
2456 2640 2637 2723 (non
2676 2641 2846 2728 quod)

639 2738 911 2803 carmine
946 2736 1148 2803 ”mim
1183 2729 1733 2800 habeam-‘Lucem
1772 2737 2089 2802 columella
2113 2785 2131 2817 ‚
2172 2737 2471 2817 hicsim',
2512 2738 2845 2825 Metropha-

636 2840 766 2902 πᾶς’
784 2885 798 2899 .
840 2836 1071 2920 itaque
1109 2834 1178 2898 in
1219 2855 1420 2899 versu
1449 2833 1745 2899 Lucretii
1784 2835 2129 2899 dimac-lust
2157 2835 2431 2922 probari
2458 2858 2601 2900 non
2634 2836 2845 2901 debet.

637 2955 859 3021 neque
895 2955 1059 2998 vero
1102 2944 1329 2998 ostvwn
1366 2931 1479 2997 hic
1508 2933 1803 2997 scribere
1832 2934 2055 3020 potuit
2081 2940 2287 3019 poeta
2319 2959 2335 3011 3
2377 2935 2569 3020 quod
2599 2944 2705 3002 est
2726 2958 2846 3001 mo·

637 3032 1062 3099 lestissimum
1088 3029 1488 3096 intolerabili
1514 3031 1878 3095 verborum
1906 3030 2315 3097 abundantia
2341 3079 2357 3107 ‚
2400 3044 2634 3099 osb-um
2661 3084 2680 3115 ,
2708 3057 2845 3122 pu·-

626 3156 800 3220 pura
818 3181 835 3207 ‚
851 3131 1293 3217 poeniceusque
1322 3130 1487 3193 color
1504 3177 1519 3191 .
1550 3127 1709 3192 mihi
1739 3128 1944 3214 igitur
1983 3150 2248 3217 semper
2273 3131 2633 3217 probabile
2658 3136 2847 3198 visum

637 3238 743 3295 est
770 3277 785 3302 ‚
826 3229 940 3293 ubi
970 3251 1193 3292 aunem
1218 3227 1461 3313 legitur
1486 3273 1502 3301 ‚
1547 3225 1796 3291 debere
1834 3248 1984 3292 esse
2000 3250 2325 3314 purpurae
2352 3278 2372 3310 ,
2410 3229 2550 3295 hoc
2578 3238 2686 3296 est
2709 3252 2847 3317 pur-

632 3347 885 3413 pureae
911 3325 1119 3390 vestis
1136 3372 1153 3399 ‚
1185 3325 1532 3413 epitheton
1549 3371 1564 3400 ,
1597 3326 1794 3411 quale
1823 3334 2005 3392 esset
2032 3329 2256 3393 ardens
2283 3355 2305 3394 .·
2342 3352 2525 3394 nunc
2554 3331 2847 3418 quoniam

634 3446 890 3489 auream
905 3446 1264 3509 purpuram
1300 3424 1370 3488 in
1409 3445 1614 3489 versu
1643 3423 1765 3490 502
1792 3425 2070 3512 legimus
2102 3473 2119 3501 ‚
2156 3425 2268 3491 hic
2297 3448 2574 3515 quoque
2603 3427 2849 3495 verissi-

633 3544 811 3588 mum
835 3520 1010 3586 duco
1033 3521 1394 3607 dlaecoepitwr
1419 3543 1626 3587 11111111
1641 3543 1688 3586 A
1712 3523 2007 3610 Purpura
2026 3573 2040 3588 .
2061 3545 2216 3589 nam
2240 3527 2353 3611 qui
2380 3526 2453 3590 in
2471 3549 2717 3594 versus
2734 3528 2849 3591 fine

634 3622 862 3710 posuit
890 3622 1095 3687 omnia
1109 3670 1128 3701 ,
1156 3628 1235 3684 ut
1256 3619 1394 3684 dixi
1423 3619 1513 3685 ad
1540 3620 1781 3686 librum
1809 3623 2062 3699 1‚1106,
2091 3622 2269 3688 idem
2298 3624 2543 3690 eodem
2570 3627 2723 3692 loco
2742 3646 2849 3710 po·

633 3741 794 3785 nere
821 3719 1048 3808 potuit
1074 3743 1267 3784 aurea
1293 3744 1318 3802 ,·
1363 3740 1498 3804 quo
1527 3720 1624 3784 ita
1654 3718 1966 3786 Ovidium
1991 3722 2061 3785 in
2088 3729 2349 3787 metam.
2378 3746 2502 3799 xri,
2520 3725 2647 3790 395
2675 3742 2845 3789 usum

629 3819 842 3884 videri
883 3817 1117 3882 notavi
1157 3816 1247 3881 ad
1291 3816 1490 3881 huius
1516 3818 1670 3883 libri
1698 3841 1965 3884 versum
1998 3821 2118 3886 118
2136 3868 2150 3883 .
2179 3822 2340 3885 item
2368 3821 2700 3888 Horatius
2724 3841 2845 3885 ser·

631 3939 901 3981 monum
945 3940 1015 3989 11,
1030 3916 1087 3991 2,
1104 3917 1180 3981 21
1227 3941 1420 4005 neque
1459 3928 1658 3983 ostrea
1685 3967 1703 3997 ,
1749 3918 1863 4004 qui
1902 3919 1971 3982 in
2017 3918 2150 3984 hoc
2190 3919 2514 3985 Lucilium
2561 3920 2846 4007 sequitur

631 4014 838 4101 (apud
867 4014 1158 4080 Nonium
1186 4039 1250 4102 Ρ.
1265 4014 1406 4092 216,
1424 4016 1499 4080 15
1530 4017 1683 4103 qm'd
1705 4016 1897 4102 erqo?
1921 4019 2011 4081 sio
2037 4019 2181 4082 erit.
2213 4030 2411 4085 ostrea
2440 4016 2847 4107 ὥρων-ἄβυ-

629 4116 796 4178 vium
823 4115 1037 4178 limwm
1064 4139 1141 4180 ac
1169 4137 1424 4179 caenum
1448 4138 1665 4200 sapere
1690 4118 1928 4201 ἑρειιηις
1955 4115 2070 4179 ubi
2098 4115 2247 4181 libri
2285 4118 2440 4205 quid
2463 4140 2573 4203 eqo
2597 4119 2655 4181 si
2682 4135 2849 4180 cerno

630 4213 898 4300 ostrea),
921 4210 1259 4299 Vergilius
1287 4223 1345 4278 et
1371 4211 1646 4278 Ismarus
1683 4213 1974 4299 Orphea,
2013 4238 2375 4303 saevumque
2410 4217 2472 4281 T
2455 4216 2743 4303 ypkbea
2770 4210 2847 4275 si-

629 4312 804 4377 milia
832 4311 974 4376 alii.
994 4311 1165 4376 haec
1193 4319 1416 4377 autem
1435 4313 1646 4377 vestis
1668 4334 2008 4401 purpurea
2030 4314 2342 4399 quoniam
2368 4314 2616 4379 rectius
2625 4309 2847 4402 filabo-

628 4411 886 4476 debiralzi
908 4408 1149 4476 dieitur
1173 4432 1372 4496 quam
1395 4411 1584 4476 color
1605 4412 1969 4499 poeniceus
1993 4412 2159 4497 (sie
2141 4434 2211 4479 111
2230 4435 2294 4490 v,
2309 4412 2462 4478 1421
2491 4410 2575 4477 de
2594 4405 2843 4499 pellicia
