3042 5192
1247 484 1344 553 IV
2273 486 2414 554 223

143 700 149 706 ·
237 663 519 729 Lucretius
580 661 826 726 Caelum
876 660 1041 746 quod
1091 660 1316 724 dicitur
1363 669 1474 723 aer
1497 708 1516 739 ,
1575 665 1814 724 contra
1863 660 2415 726 consuetudinem

229 763 398 827 huius
423 766 658 849 poetae
676 807 693 834 ‚
722 757 810 822 de
838 778 974 843 qua
1003 758 1108 843 egi
1135 757 1226 823 ad
1253 758 1492 823 librum
1520 779 1618 833 111,
1636 758 1752 823 94.

374 859 499 924 142.
543 858 657 923 E‘r
705 878 1116 933 cuxusoun
1171 878 1369 921 nom
1427 878 1869 921 nomentum
1915 878 2282 922 vnnrmu:
2334 880 2415 922 m

231 979 489 1021 nonas.
535 956 889 1041 oblongus
930 957 1200 1020 mansee.
1232 954 1549 1020 ciusdem
1593 961 1939 1020 corrector
1979 977 2216 1033 onAs3
2272 978 2415 1021 rec-

231 1056 478 1121 tissime.
520 1077 666 1119 orae
696 1052 868 1118 enim
909 1060 979 1118 et
1005 1052 1115 1116 hic
1146 1061 1216 1117 et
1250 1053 1320 1116 in
1349 1074 1553 1118 versu
1588 1054 1706 1118 166
1735 1061 1900 1119 sunt
1925 1054 2381 1120 extremitates
2402 1105 2416 1128 ,

230 1174 376 1238 quae
399 1174 613 1218 rerum
653 1151 1068 1238 superficiem
1107 1172 1188 1216 ac
1230 1153 1518 1239 speciem
1558 1152 1885 1217 efficiunt.
1931 1152 2027 1217 ita
2052 1152 2311 1217 Ennius
2350 1163 2420 1217 et

231 1250 531 1337 Vergilius
556 1253 822 1336 inqentes
850 1251 990 1316 belli
1017 1274 1161 1315 oras
1189 1249 1506 1316 dixerunt
1535 1272 1789 1315 summa
1814 1252 1971 1316 belli
2001 1250 2382 1315 discrimina
2400 1300 2413 1314 .

231 1371 417 1435 neque
444 1350 631 1414 aliter
649 1348 873 1414 Varro
899 1347 986 1413 de
1014 1349 1241 1435 lingua
1261 1349 1502 1415 Latina
1521 1350 1695 1415 libro
1712 1371 1838 1414 vm
1859 1373 1924 1436 p.
1941 1349 2063 1414 392
2086 1350 2187 1415 De
2206 1349 2414 1415 huius-

230 1471 284 1512 ce
303 1449 606 1533 mfflplici
631 1458 862 1512 natm-a
889 1448 1311 1512 discriminum
1339 1496 1357 1528 ‚
1399 1448 1533 1512 hoc
1564 1454 1670 1512 cst
1698 1445 2143 1512 discriminum
2188 1470 2225 1511 e
2255 1450 2415 1514 mul-

229 1545 406 1631 tiplici
432 1545 943 1610 declinationum
970 1553 1214 1610 natura
1237 1544 1713 1632 prodeuntium
1730 1595 1747 1623 ‚
1775 1569 1923 1610 orae
1945 1558 2087 1611 sunt
2109 1548 2227 1612 Ιιαε
2239 1595 2260 1629 ‚
2288 1548 2415 1613 sci·

227 1643 358 1708 licet
392 1653 684 1709 extrema
723 1651 794 1709 et
834 1664 1132 1720 summa,
1175 1645 1244 1708 in
1285 1665 1461 1729 quae
1502 1644 1724 1708 omnia
1758 1645 1934 1709 inter
1985 1666 2059 1710 se
2104 1645 2416 1711 diversis-

228 1743 366 1808 sima
389 1749 630 1808 exeunt
647 1791 663 1819 ‚
694 1766 807 1808 cm·
834 1754 892 1808 et
915 1766 1037 1830 quo
1066 1753 1124 1807 et
1148 1765 1326 1829 quem
1347 1743 1677 1807 admodum
1700 1745 1769 1806 in
1795 1743 2094 1830 loquendo
2116 1745 2418 1810 declinata

224 1853 340 1905 aaut
359 1842 532 1907 verba
549 1891 562 1905 .
592 1862 726 1906 nos
753 1840 845 1905 ad
873 1863 1021 1905 eum
1049 1839 1324 1905 modum
1349 1840 1632 1926 figurate
1656 1839 1935 1906 dicimus
1964 1843 2095 1906 eine
2118 1843 2299 1907 sache
2327 1845 2421 1908 bei

227 1940 324 2003 dm
344 1940 794 2029 zipfelnsassen
808 1988 827 2021 ‚
855 1940 1034 2004 idem·
1060 1938 1284 2003 Varro
1317 1937 1402 2001 de
1433 1959 1506 2002 re
1535 1939 1789 2003 rustica
1816 1940 1929 2016 1‚6‚
1960 1940 1999 2003 2
2029 1940 2068 2002 ὅ
2097 1940 2138 2004 6
2168 1949 2237 2005 et
2266 1941 2418 2016 20‚5

225 2039 325 2101 tria
333 2038 573 2125 formae
583 2039 855 2128 facttqta
882 2058 1008 2124 pro
1039 2038 1256 2103 tribus
1285 2037 1642 2122 generibus
1673 2036 1962 2101 definitis
1981 2087 1995 2101 .
2038 2037 2127 2102 ad
2154 2047 2419 2105 nostra·

225 2135 359 2199 tium
393 2136 548 2201 illud
590 2136 899 2222 proxime
931 2134 1256 2200 Caecilius
1287 2135 1545 2199 Statius
1588 2133 1769 2221 apud
1797 2134 2070 2199 Festum
2099 2159 2164 2222 p.
2188 2137 2418 2212 18222

230 2232 396 2298 Oram
412 2237 685 2322 reperire
713 2234 981 2315 nullam,
1011 2257 1201 2321 quam
1228 2234 1550 2319 &pediam
1564 2282 1581 2313 ,
1612 2256 1764 2320 queo
1778 2258 1803 2315 ,·
1835 2254 2005 2319 quae
2036 2233 2221 2298 docti
2248 2236 2421 2300 male

224 2339 598 2418 temptarunt
621 2383 638 2409 ‚
718 2354 866 2397 cum
913 2331 1171 2397 Ennius
1223 2353 1494 2418 quoque
1555 2340 1623 2395 et
1677 2329 2008 2417 Vergilius
2059 2333 2214 2398 belli
2264 2355 2419 2399 oras

225 2431 381 2494 evolvi
407 2430 699 2496 dixerint
716 2479 731 2494 .
1776 2487 1781 2492 .

366 2529 491 2594 133.
520 2550 817 2595 raclnr.
838 2575 852 2591 .
896 2527 1239 2593 Librarius
1270 2528 1587 2614 quadrati
1613 2529 1898 2615 primum
1927 2530 2292 2618 scripserat
2302 2533 2419 2621 sa·

223 2647 363 2708 cere,
397 2650 547 2693 mox
589 2648 823 2693 errore
872 2625 1336 2691 animadverso
1376 2627 1522 2713 ipse
1554 2626 1849 2691 correxit
1866 2675 1880 2689 .
1925 2627 2060 2692 hoc
2088 2629 2144 2693 si
2174 2639 2291 2695 aut
2318 2638 2418 2696 tae

222 2723 440 2791 ‹misset
475 2735 593 2792 aut
631 2727 733 2790 ita
769 2733 848 2791 ut
878 2733 986 2790 est
1026 2726 1400 2790 rettulisset
1427 2725 1939 2812 Havercampus
1966 2724 2172 2812 (dixit
2197 2737 2420 2794 autem

218 2812 408 2906 :facere
433 2824 481 2889 Z
503 2875 516 2888 .
550 2823 683 2892 sed
712 2824 1116 2911 superscrib.
1130 2823 1371 2912 facile')
1388 2873 1404 2900 ,
1451 2824 1938 2890 Wakefieldum
1984 2825 2258 2913 eiusque
2302 2850 2417 2914 pe-

223 2916 507 3008 disequos
532 2925 604 2990 in
634 2944 909 3011 gravem
939 2944 1236 2987 errorem
1263 2945 1402 2987 non
1429 2922 1809 2987 induxisset
1827 2974 1841 2987 .

366 3022 491 3086 143.
522 3045 742 3100 Quam
774 3044 1052 3087 samm
1083 3044 1179 3085 Er
1211 3044 1502 3086 (tx-:Lam
1535 3044 1904 3086 sarmul:
1948 3043 2417 3087 onaan-run.

225 3115 543 3207 Oblongus
573 3143 766 3209 quam
774 3120 979 3209 facile
1002 3169 1021 3201 ,
1065 3120 1435 3206 quadratus
1465 3121 1829 3210 quaefaoili
1844 3168 1859 3183 .
1888 3128 2029 3184 tum
2058 3119 2420 3187 Lambinus

222 3235 619 3285 osnaurun
652 3268 669 3295 ‚
721 3226 798 3284 ut
847 3240 1050 3284 sanae
1099 3222 1339 3286 mentis
1391 3219 1724 3284 hominem
1766 3219 1991 3284 decuit
2023 3268 2039 3295 ‚
2089 3218 2420 3305 quidquid

220 3310 649 3384 Wakefieldus
703 3325 772 3382 et
810 3317 1137 3405 Forbiger
1177 3320 1550 3384 blaterant:
1597 3317 1709 3382 hic
1751 3319 1923 3382 enim
1963 3323 2170 3403 poeta
2219 3316 2421 3383 docet

220 3431 393 3496 quam
410 3416 603 3482 facile
635 3424 705 3482 et
734 3417 1039 3482 celeriter
1054 3420 1390 3504 yiynamur
1405 3466 1421 3497 ,
1451 3439 1610 3481 mox
1636 3416 1755 3481 176
1777 3437 1976 3502 quam
2006 3416 2204 3481 celeri
2230 3425 2419 3482 motu

201 3508 493 3593 feramur.

360 3611 493 3677 144.
524 3635 959 3690 LAPSAQUE
1002 3635 1352 3678 canant.
1403 3614 1575 3678 Post
1613 3613 1785 3677 haec
1823 3614 2032 3679 verba
2065 3613 2258 3679 deest
2283 3617 2418 3701 pri-

217 3726 367 3772 mum
397 3710 655 3799 Pero-ipe
683 3712 791 3776 vel
820 3712 1172 3798 Enpedimn
1188 3761 1204 3788 ‚
1244 3719 1382 3776 tum
1412 3712 1700 3799 paucula
1727 3731 1771 3775 a
1798 3713 2038 3797 quibus
2065 3712 2232 3777 illud
2260 3715 2421 3777 enim

216 3804 378 3887 quod
421 3810 746 3874 subicitur
783 3808 1082 3897 pendeat
1100 3860 1114 3873 .
1154 3831 1378 3896 neque
1415 3817 1641 3875 tamen
1681 3810 1887 3876 ullum
1925 3812 2036 3875 hic
2076 3812 2144 3876 in
2188 3810 2421 3876 codice

213 3904 562 3995 archetypo
589 3907 899 3973 defectus
920 3906 1234 3972 indicium
1254 3909 1462 3974 fuisse
1486 3909 2001 3975 existimandum
2023 3920 2128 3977 est
2145 3961 2162 3987 ‚
2193 3932 2420 3996 quam·

211 4001 298 4066 vis
323 4025 362 4067 a
385 4028 588 4072 versu
620 4006 739 4072 127
761 4029 980 4093 usque
1011 4006 1100 4071 ad
1121 4007 1245 4072 298
1269 4008 1404 4073 sint
1423 4031 1663 4075 versus
1684 4018 1945 4075 tantum
1964 4009 2171 4074 modo
2194 4030 2421 4074 omnm

212 4105 269 4164 et
285 4102 450 4169 tituli
478 4114 617 4171 tres
635 4154 652 4181 ‚
682 4127 830 4170 cum
853 4114 1114 4195 septem
1134 4108 1419 4194 paginae
1441 4109 1753 4174 versibus
1777 4116 2093 4175 constent
2115 4130 2421 4173 cnmn:

213 4208 442 4284 septem
484 4212 710 4270 autem
752 4206 1037 4293 paginae
1079 4227 1232 4271 esse
1274 4205 1523 4273 debent
1553 4258 1569 4284 ‚
1612 4209 1769 4293 quia
1809 4209 2156 4296 proximos
2182 4227 2422 4270 versus

211 4316 291 4362 m
317 4299 435 4367 299
457 4342 529 4352 —
547 4304 671 4368 347
699 4305 770 4368 in
795 4305 994 4370 unius
1041 4304 1475 4393 eiusdemque
1505 4305 1800 4371 schedae
1838 4305 2097 4392 paginis
2129 4305 2421 4391 scriptos

212 4391 396 4464 fnisse
439 4423 565 4467 suo
609 4402 758 4468 loco
805 4402 896 4469 ad
933 4426 1202 4468 versum
1246 4404 1367 4469 323
1414 4404 1774 4470 declarabo
1805 4454 1818 4467 .
1874 4426 2029 4468 nam
2067 4405 2135 4469 in
2179 4405 2423 4490 pagina

213 4513 430 4564 aversa
470 4499 764 4567 schedae
813 4501 1012 4568 huius
1053 4503 1205 4569 libri
1255 4511 1535 4590 quartae
1585 4504 1856 4569 fuerunt
1897 4515 2133 4568 versus
2182 4507 2422 4587 poetae
