3042 5192
613 466 750 535 174
1486 425 1493 432 ’
1687 464 1755 530 v

446 658 541 704 517
601 648 706 704 est
734 639 931 703 etiam
962 658 1231 724 quoque
1259 638 1358 702 uti
1387 638 1606 723 possit
1635 638 1888 703 caelum
1920 660 2115 703 omne
2143 660 2412 706 manere

602 756 671 818 in
701 754 994 819 statione
1013 802 1028 830 ‚
1051 761 1277 818 tamen
1306 774 1456 816 cum
1482 751 1710 817 lucida
1738 754 1932 840 signa
1957 754 2296 832 ferantur3

606 871 747 934 sive
777 867 965 955 quod
991 868 1227 933 inclusi
1256 866 1475 954 rapidi
1505 875 1666 932 sunt
1693 867 1986 932 aetheris
2016 877 2245 933 aestus
2264 918 2280 944 ‚

448 1003 544 1049 520
600 993 1134 1070 quaerentesque
1163 983 1337 1047 viam
1367 984 1613 1047 circum
1643 991 2001 1048 versantur
2032 992 2101 1048 et
2127 985 2317 1070 ignes

599 1099 846 1185 passim
874 1121 998 1184 per
1028 1098 1192 1161 caeli
1220 1098 1503 1162 volvunt
1528 1097 1836 1160 immania
1862 1100 2146 1184 templa3

601 1214 740 1279 sive
770 1211 1035 1277 aliunde
1064 1211 1277 1276 fluens
1306 1210 1614 1276 alicunde
1645 1212 2061 1302 extrinsecus
2089 1220 2203 1278 aer

598 1336 829 1393 versat
857 1349 1064 1413 agens
1093 1327 1265 1413 ignis
1284 1351 1301 1404 ς
1321 1326 1464 1392 sive
1491 1326 1620 1411 ipsi
1651 1348 1926 1413 serpere
1955 1336 2244 1414 possunt

602 1465 736 1528 quo
768 1443 1088 1528 cuiusque
1115 1443 1303 1507 cibus
1331 1449 1535 1506 vocat
1562 1450 1768 1527 atque
1796 1442 2038 1507 invitat
2065 1444 2327 1506 aventis
2345 1491 2361 1516 ‚

447 1575 543 1620 525
598 1558 900 1621 flammea
926 1579 1050 1643 per
1079 1555 1335 1621 caelum
1362 1557 1702 1642 pascentis
1733 1577 2023 1643 corpora
2048 1558 2297 1642 passim
2315 1606 2330 1620 .

597 1694 751 1736 nam
783 1670 947 1757 quid
973 1672 1042 1735 in
1069 1671 1203 1735 hoc
1231 1669 1480 1734 mundo
1513 1672 1602 1735 sit
1631 1693 1862 1735 eorum
1890 1693 2148 1757 ponere
2179 1679 2432 1737 certum

602 1785 866 1851 difficile
899 1794 1035 1851 est:
1060 1785 1185 1850 sed
1214 1784 1376 1871 quid
1404 1786 1624 1872 possit
1649 1785 1900 1872 fiatque
1929 1809 2052 1873 per
2081 1808 2274 1850 omne

596 1902 667 1965 in
693 1901 894 1965 variis
923 1901 1187 1964 mundis
1214 1901 1402 1965 varia
1429 1902 1691 1964 ratione
1722 1902 1998 1978 creatiS‚

596 2015 668 2080 id
698 2015 912 2080 doceo
931 2066 947 2091 ‚
970 2015 1314 2103 plurisque
1345 2036 1597 2101 sequor
1628 2014 1989 2101 disponere
2020 2038 2257 2081 causas
2276 2066 2291 2094 ‚

446 2148 541 2195 530
600 2132 892 2196 motibus
922 2139 1262 2195 astrorum
1293 2151 1466 2215 quae
1494 2131 1764 2217 possint
1793 2153 1943 2195 esse
1973 2153 2096 2217 per
2127 2154 2354 2210 omne3

597 2269 633 2311 e
665 2247 907 2332 quibus
936 2268 1072 2310 una
1098 2254 1322 2310 tamen
1352 2245 1482 2309 siet
1507 2244 1678 2309 haec
1708 2268 1979 2332 quoque
2010 2268 2214 2311 causa
2239 2257 2590 2312 necessest
2611 2297 2626 2324 ‚

598 2383 770 2447 quae
798 2369 1041 2448 vegeat
1067 2369 1319 2425 motum
1350 2361 1589 2445 signis:
1616 2360 1740 2424 sed
1771 2383 1943 2446 quae
1974 2362 2063 2426 sit
2091 2383 2317 2426 earum

596 2476 983 2562 praecipere
1009 2477 1179 2540 haut
1208 2484 1610 2560 quaquamst
1636 2474 2066 2567 pedetemtim
2095 2476 2590 2563 progredientis
2609 2479 2663 2561 ‚l

680 2590 1029 2676 Terraque
1058 2600 1137 2655 ut
1163 2593 1232 2656 in
1260 2590 1480 2654 media
1507 2589 1739 2653 mundi
1767 2592 2042 2676 regione
2073 2592 2407 2677 quiescat,

443 2722 538 2768 535
594 2726 993 2770 evanescere
1019 2707 1337 2792 paulatim
1368 2713 1438 2770 et
1465 2705 1858 2770 decrescere
1886 2706 2157 2792 pondus

598 2822 912 2885 convenit
930 2870 946 2897 ‚
969 2829 1172 2906 atque
1202 2822 1394 2885 aliam
1424 2829 1734 2885 naturam
1761 2829 1995 2907 supter
2022 2822 2274 2886 habere
2294 2871 2309 2896 ,

598 2958 681 2999 ex
708 2936 978 2999 ineunte
1010 2956 1176 3000 aevo
1209 2936 1634 3000 coniunctam
1663 2944 1866 3022 atque
1896 2937 2116 3001 uniter
2146 2944 2372 3022 aptam

591 3050 897 3138 partibus
927 3050 1121 3115 aeriis
1149 3050 1379 3115 mundi
1396 3101 1411 3128 ‚
1436 3050 1677 3136 quibus
1704 3051 1909 3116 insita
1937 3051 2178 3116 crevit.

591 3174 956 3253 propterea
981 3187 1119 3228 non
1150 3173 1255 3230 est
1284 3166 1474 3229 oneri
1501 3187 1723 3251 neque
1755 3165 2068 3253 deprimit
2096 3187 2329 3244 auras;

438 3297 535 3344 540
587 3288 667 3344 ut
694 3302 817 3344 sua
845 3281 1083 3365 cuique
1112 3279 1363 3345 homini
1390 3281 1576 3345 nullo
1608 3288 1765 3346 sunt
1791 3280 2097 3368 pondere
2123 3283 2420 3346 membra
2437 3331 2454 3352 ,

570 3415 718 3457 -nec
748 3401 952 3480 caput
983 3403 1088 3459 est
1117 3396 1303 3458 oneri
1334 3395 1506 3460 collo
1528 3445 1543 3472 ‚
1563 3417 1690 3460 nec
1723 3395 2013 3482 denique
2041 3404 2260 3463 totum

594 3509 899 3593 corporis
929 3510 997 3573 in
1024 3508 1313 3595 pedibus
1342 3510 1613 3596 pondus
1644 3512 1966 3577 sentimus
1995 3513 2251 3577 inesse:

591 3631 662 3686 at
692 3644 864 3708 quae
894 3645 1178 3710 cumque
1204 3625 1371 3690 foris
1399 3626 1678 3692 veniunt
1704 3626 2109 3712 inpostaque
2136 3628 2332 3692 nobis

589 3737 896 3823 pondera
925 3748 1083 3804 sunt
1109 3739 1387 3805 laedunt
1403 3790 1418 3817 ‚
1440 3740 1775 3827 permulto
1808 3764 2010 3828 saepe
2037 3743 2295 3807 minora
2313 3792 2327 3806 .

436 3871 533 3916 545
595 3874 808 3939 usque
839 3852 1012 3918 adeo
1042 3856 1263 3942 magni
1289 3854 1500 3919 refert
1532 3854 1694 3941 quid
1725 3878 2031 3942 quaeque
2061 3865 2259 3922 aveat
2286 3879 2395 3921 res
2415 3907 2430 3921 .

559 3968 683 4036 ,sic
712 3968 915 4055 igitur
942 3970 1143 4035 tellus
1171 3991 1310 4034 non
1341 3977 1448 4034 est
1475 3969 1693 4034 aliena
1719 3980 2000 4057 repente

590 4279 695 4326 518
731 4272 869 4327 lucia
905 4276 925 4342 ΙΙ
964 4282 1059 4328 521
1100 4279 1391 4330 summania
1428 4278 1448 4346 ΙΙ
1486 4285 1584 4331 524
1624 4280 1825 4333 euntis.
1874 4282 1894 4348 ΙΙ
1946 4285 2045 4332 528
2082 4281 2274 4333 creati.
2321 4280 2343 4349 ΙΙ
2394 4285 2495 4334 530
2533 4295 2758 4334 omnem.
2797 4281 2818 4346 ΙΙ

592 4364 686 4410 531
728 4360 800 4413 sit
836 4365 890 4411 et
937 4362 957 4429 ΙΙ
1006 4365 1104 4412 532
1142 4361 1320 4430 vigeat
1369 4361 1388 4432 ΙΙ
1438 4369 1536 4415 533
1573 4362 1862 4432 pedetemti
1907 4363 2347 4435 progredientes.
2398 4362 2419 4433 ΙΙ
2469 4370 2570 4417 536
2607 4380 2762 4435 super
2798 4362 2818 4431 ΙΙ

591 4448 687 4494 537
728 4444 910 4496 ineunt
955 4442 975 4515 ΙΙ
1014 4449 1112 4496 538
1150 4444 1306 4497 vivit.
1343 4443 1363 4513 ΙΙ
1405 4453 1500 4498 545
1542 4448 1680 4518 magi
1719 4447 1738 4517 ΙΙ
1777 4455 1964 4518 quaeat
