3042 5192
623 457 715 524 80
1688 456 1782 524 III

614 638 898 716 apparet
927 629 1150 694 divum
1178 652 1421 694 numen
1451 630 1786 717 sedesque
1821 631 2085 716 quietae
2103 680 2118 706 ‚

613 767 782 831 quas
810 765 1030 830 neque
1059 747 1454 809 concutiunt
1481 747 1666 811 venti
1692 767 1816 810 nee
1845 745 2074 810 nubila
2100 746 2340 812 nimbis

486 878 549 925 20
614 868 981 947 aspergunt
1007 880 1227 945 neque
1254 861 1370 924 nix
1398 862 1538 925 aeri
1567 870 1883 926 concreta
1911 861 2150 947 pruina

611 996 779 1040 eana
808 974 1058 1039 cadens
1087 974 1294 1039 violat
1325 997 1722 1061 semperque
1749 976 2086 1041 innubilus
2116 974 2349 1039 aether

609 1092 881 1177 integit,
905 1098 974 1155 et
1001 1090 1185 1176 large
1217 1089 1457 1155 diffuso
1488 1090 1732 1157 lumine
1761 1090 2016 1156 rident:

611 1207 829 1270 omnia
859 1206 1249 1292 suppeditat
1274 1228 1482 1291 porro
1510 1213 1759 1271 natura
1776 1255 1792 1281 ‚
1813 1226 2032 1291 neque
2060 1205 2197 1269 ulla

610 1343 721 1386 res
752 1322 948 1385 animi
976 1342 1213 1407 pacem
1244 1318 1497 1385 delibat
1524 1329 1829 1406 tempore
1857 1321 1927 1384 in
1953 1319 2089 1384 ullo
2110 1369 2124 1383 .

483 1453 546 1498 25
610 1445 683 1500 at
711 1444 950 1500 eontra
976 1457 1307 1521 nusquam
1337 1444 1668 1521 apparent
1693 1434 2066 1517 Aeherusia
2094 1434 2340 1520 templa
2358 1486 2373 1511 ,

606 1572 732 1615 nee
763 1550 961 1615 tellus
991 1550 1222 1615 obstat
1250 1550 1410 1636 quin
1442 1551 1662 1614 omnia
1692 1549 2127 1635 dispiciantur
2143 1597 2158 1625 ‚

607 1667 732 1731 sub
762 1664 1047 1752 pedibus
1081 1687 1253 1751 quae
1284 1686 1568 1750 eumque
1596 1664 1768 1729 infra
1794 1686 1916 1750 per
1943 1665 2140 1727 inane
2169 1674 2492 1748 geruntur
2512 1716 2526 1728 .

603 1781 709 1846 his
738 1782 830 1846 ibi
856 1802 962 1846 me
990 1781 1193 1845 rebus
1226 1779 1555 1866 quaedam
1588 1778 1814 1844 divina
1840 1778 2152 1865 voluptas

602 1897 887 1983 percipit
914 1895 1137 1982 adque
1166 1895 1409 1960 horror
1428 1944 1443 1971 ,
1475 1893 1663 1980 quod
1692 1895 1787 1958 sie
1816 1901 2058 1959 natura
2085 1902 2203 1959 tua
2230 1897 2298 1959 vi

474 2026 539 2074 30
601 2018 737 2075 tam
764 2010 1114 2075 manifesta
1141 2018 1381 2096 patens
1413 2032 1497 2074 ex
1527 2010 1702 2074 omni
1731 2017 1924 2095 parte
1951 2018 2210 2075 retecta
2240 2020 2374 2076 est.

684 2126 777 2191 Et
806 2126 1118 2212 quoniam
1150 2124 1350 2190 docui
1369 2174 1384 2201 ‚
1409 2131 1798 2190 cunctarum
1829 2124 2106 2189 exordia
2132 2147 2354 2190 rerum

605 2241 828 2326 qualia
856 2241 991 2306 sint
1021 2248 1091 2305 et
1120 2260 1317 2326 quam
1345 2241 1548 2305 variis
1579 2239 1897 2304 distantia
1923 2239 2153 2305 formis

600 2364 842 2442 sponte
871 2378 995 2421 sua
1020 2356 1305 2422 volitent
1333 2363 1610 2420 aeterno
1641 2355 1900 2440 percita
1929 2364 2115 2419 motu
2132 2404 2148 2431 ‚

601 2493 822 2557 quove
851 2470 1053 2536 modo
1083 2471 1351 2557 possint
1376 2492 1487 2536 res
1521 2492 1606 2534 ex
1635 2470 1739 2534 his
1771 2490 2075 2556 quaeque
2106 2472 2356 2546 creari,

470 2602 534 2647 35
599 2586 805 2651 hasee
834 2585 1203 2650 seeundum
1230 2606 1341 2650 res
1372 2586 1568 2651 animi
1596 2593 1839 2649 natura
1864 2582 2134 2647 videtur

596 2707 800 2786 atque
830 2702 1081 2765 animae
1112 2699 1430 2766 claranda
1454 2702 1618 2766 meis
1647 2700 1775 2763 iam
1803 2699 2108 2763 versibus
2141 2720 2289 2763 esse
2308 2747 2324 2774 ,

596 2824 665 2880 et
693 2823 907 2881 metus
936 2816 1045 2880 ille
1072 2816 1258 2881 foras
1287 2836 1613 2901 praeceps
1641 2813 2049 2878 Acheruntis
2079 2812 2378 2899 agendus
2397 2863 2413 2888 ‚

590 2931 896 2997 funditus
925 2931 1277 2996 humanam
1308 2933 1425 3017 qui
1450 2931 1656 2995 vitam
1683 2929 1912 2995 turbat
1939 2930 2024 2995 ab
2053 2930 2183 2993 imo
2203 2977 2219 3006 ‚

593 3049 812 3113 omnia
839 3046 1228 3112 suffundens
1255 3046 1490 3112 mortis
1519 3046 1788 3132 nigrore
1805 3095 1821 3121 ‚
1843 3066 2064 3130 neque
2093 3044 2290 3109 ullam

465 3180 529 3227 40
595 3185 745 3229 esse
773 3162 1187 3249 voluptatem
1212 3161 1535 3246 liquidam
1562 3181 1930 3246 puramque
1958 3160 2273 3244 relinquit
2291 3208 2305 3222 .

589 3300 743 3343 nam
772 3276 960 3364 quod
988 3298 1189 3362 saepe
1216 3275 1521 3339 homines
1549 3275 1823 3338 morbos
1851 3276 2060 3358 magis
2092 3294 2240 3337 esse
2271 3273 2606 3339 timendos

588 3392 1031 3478 infamemque
1058 3391 1285 3455 ferunt
1312 3389 1515 3452 vitam
1548 3408 1746 3472 quam
1776 3386 2065 3450 Tartara
2089 3386 2240 3463 leti,

589 3514 659 3571 et
687 3527 759 3571 se
790 3506 963 3571 seire
992 3506 1245 3570 animae
1273 3511 1581 3567 naturam
1611 3501 1949 3587 sanguinis
1982 3522 2131 3566 esse
2149 3550 2164 3577 ‚

463 3639 528 3685 46
597 3630 713 3687 aut
744 3621 941 3685 etiam
968 3619 1151 3684 venti
1170 3667 1184 3693 ‚
1210 3618 1267 3682 si
1292 3617 1428 3681 fert
1454 3616 1552 3680 ita
1578 3614 1756 3679 forte
1784 3615 2096 3682 voluntas
2118 3666 2133 3694 ‚

461 3756 525 3801 44
588 3758 713 3802 nee
740 3757 1018 3823 prosum
1050 3734 1405 3820 quiequam
1432 3738 1708 3795 nostrae
1737 3730 2017 3795 rationis
2050 3753 2244 3818 egere
2263 3782 2278 3805 ,

585 3853 742 3917 hine
771 3852 929 3916 lieet
956 3848 1272 3915 advertas
1304 3848 1591 3912 animum
1618 3846 1828 3932 magis
1861 3847 2080 3912 omnia
2106 3846 2324 3912 laudis

461 3986 522 4031 47
586 3967 821 4033 iactari
849 3987 1053 4030 eausa
1083 3986 1280 4050 quam
1311 3962 1496 4049 quod
1527 3984 1636 4027 res
1665 3962 1814 4048 ipsa
1840 3963 2170 4047 probetur
2188 4012 2201 4026 .

584 4090 891 4149 extorres
917 4080 1096 4159 idem
1122 4080 1341 4166 patria
1366 4079 1700 4165 longeque
1728 4078 1940 4164 fugati

589 4367 648 4413 21
690 4375 901 4431 semper
938 4359 959 4431 ΙΙ
997 4365 1059 4410 22
1097 4358 1264 4413 ridet.
1304 4357 1325 4429 fl
1363 4365 1428 4412 28
1464 4357 1552 4410 ubi
1590 4357 1611 4429 ΙΙ
1650 4364 1714 4413 29
1751 4358 2022 4429 signatura
2060 4355 2081 4426 ΙΙ
2119 4362 2183 4409 33
2220 4356 2425 4411 alterno
2464 4358 2485 4428 ss
2524 4363 2587 4411 39
2613 4356 2812 4412 suffun-

586 4443 720 4499 dans
760 4443 782 4515 ΙΙ
816 4451 880 4497 47
919 4460 1129 4498 causam
