3042 5192
1266 469 1329 537 Π
2311 477 2403 544 89

341 641 484 707 251.
517 662 739 706 moru
783 663 1302 707 consen-run
1346 664 1595 708 omns
1624 693 1638 707 .
1691 642 1843 710 Itali
1884 651 1953 710 et
1989 644 2405 713 Veronensis

178 739 382 806 editio
412 761 715 804 morus.

341 837 487 902 252.
518 838 633 902 Er
664 860 975 902 VETERE
1018 860 1433 904 Exomrun
1466 860 1733 905 novus
1777 863 2072 906 omium
2116 865 2401 908 canro.

176 938 325 1003 Itali
352 940 631 1003 exoritur
655 960 893 1024 semper
931 960 1164 1018 novus,
1208 958 1382 1022 quos
1424 946 1744 1002 secuntur
1782 938 2128 1028 impressi.
2171 941 2406 1007 melius

178 1044 279 1102 est
310 1035 403 1102 Et
424 1047 621 1102 vetere
649 1057 961 1100 Exacto
993 1037 1264 1100 exoritur
1288 1058 1519 1101 novus.
1563 1034 1650 1100 de
1677 1038 2177 1124 praepositione
2204 1041 2403 1126 gemi-

176 1141 337 1199 nata
364 1133 553 1197 dixi
536 1155 603 1196 m
631 1133 762 1196 fine
787 1132 939 1198 libri
966 1133 1191 1219 primi.

343 1230 817 1295 253—304.
860 1229 1024 1295 Nnc
1070 1252 1600 1295 iil-:crunnum
1832 1255 2090 1300 onnus
2133 1258 2405 1300 unnim

177 1351 530 1394 nna-rema
561 1378 575 1394 .
618 1329 768 1393 Hos
798 1349 1035 1393 versus
1065 1351 1159 1392 ιιι
1198 1328 1310 1392 hic
1349 1330 1668 1394 omittunt
1706 1331 2077 1416 quadratus
2117 1340 2185 1398 et
2213 1334 2404 1398 sche-

178 1427 304 1492 dae
340 1477 359 1504 ‚
400 1426 530 1493 sed
568 1428 735 1493 liber
774 1434 1060 1512 uterque
1101 1426 1310 1492 habet
1344 1427 1414 1490 in
1441 1428 1573 1492 fine
1601 1429 1952 1496 voluminis
1985 1479 2001 1507 ‚
2044 1438 2123 1496 ut
2150 1431 2289 1495 dixi
2317 1431 2406 1496 ad

178 1527 421 1592 librum
454 1550 496 1603 1,
509 1526 632 1590 734
663 1576 676 1589 .
723 1525 977 1590 scilicet
1000 1526 1073 1589 in
1102 1524 1335 1589 codice
1364 1526 1737 1613 archetypo
1765 1527 1935 1593 haec
1967 1528 2097 1594 fuit
2120 1530 2272 1596 libri
2302 1552 2405 1594 se-

178 1624 383 1688 cundi
408 1625 797 1690 membrana
824 1631 1048 1688 sexta:
1069 1644 1223 1687 nam
1251 1623 1513 1709 priores
1545 1625 1840 1711 quinque
1868 1634 2230 1693 tenuerunt
2253 1650 2405 1694 ver-

177 1744 294 1787 sus
324 1729 571 1809 poetae
600 1745 778 1787 ccn11
811 1728 879 1786 et
905 1730 1257 1808 praeterea
1284 1723 1726 1809 capitulorum
1753 1746 1992 1791 versus
2021 1749 2146 1791 vm
2170 1776 2186 1804 ‚
2212 1733 2292 1791 ut
2321 1747 2407 1790 ex

176 1821 425 1884 horum
454 1819 671 1884 indice
701 1828 986 1906 apparet
1011 1869 1026 1883 .
1074 1840 1234 1906 ergo
1277 1820 1476 1885 huius
1515 1821 1667 1886 libri
1695 1823 1972 1888 secundi
1999 1825 2254 1889 initium
2281 1824 2408 1890 fuit

175 1920 239 1983 in
267 1920 522 2005 pagina
546 1926 733 1985 recta
750 1969 763 1983 .

343 2017 490 2081 257.
520 2040 744 2082 rans
773 2038 1077 2081 AvonsA
1106 2039 1524 2083 votur-ms
1557 2067 1572 2096 ‚
1601 2017 1766 2083 PER
1794 2042 2014 2096 QUAM
2040 2043 2404 2085 Paconi:-

178 2139 438 2181 mnmn
469 2138 618 2192 Quo
649 2138 894 2181 nucir
925 2137 1299 2191 QUEMQUE
1328 2137 1777 2181 VOLUNTAS.
1807 2117 1887 2181 In
1913 2117 2019 2182 his
2047 2118 2405 2183 Marullum

176 2238 312 2281 non
341 2214 647 2279 haesisse
675 2214 911 2277 mirum
941 2220 1049 2277 est
1078 2237 1093 2277 z
1142 2212 1504 2278 Lambinus
1537 2235 1685 2277 cum
1709 2216 2073 2301 voluptatem
2102 2225 2170 2281 et
2195 2219 2403 2283 volma-

175 2325 359 2379 tatem
402 2319 885 2377 commutasset
926 2310 1154 2398 (quod
1195 2332 1374 2374 nunc
1413 2310 1612 2376 video
1640 2312 1770 2376 iam
1799 2320 1958 2378 ante
1988 2334 2135 2378 eum
2163 2314 2406 2379 fecisse

175 2412 613 2477 Franciscum
628 2410 959 2475 Medicem
980 2430 1022 2473 a
1037 2408 1341 2473 Victorio
1364 2408 1708 2474 laudatum
1728 2410 1817 2476 ad
1831 2410 2161 2476 Varronis
2182 2434 2404 2477 rerum

176 2512 584 2576 rusticarum
612 2508 857 2593 1‚17‚6)
891 2557 908 2584 ‚
953 2515 1217 2572 ceteros
1249 2508 1308 2571 ei
1350 2506 1680 2574 adsensos
1726 2531 1874 2574 esse
1902 2532 2040 2574 non
2067 2511 2260 2575 nimis
2288 2512 2405 2575 mi·

174 2632 290 2674 ror
320 2658 336 2672 .
383 2607 511 2672 sed
549 2607 910 2671 Lambinus
941 2654 957 2682 ‚
1009 2606 1137 2670 nisi
1176 2606 1645 2692 intempestive
1697 2609 2104 2674 meminisset
2130 2609 2407 2696 Vergilii

177 2728 329 2772 esse
359 2705 551 2772 trahit
574 2729 690 2772 sua
730 2727 1024 2792 quemque
1048 2705 1321 2790 voluptas
1341 2753 1361 2786 ‚
1401 2705 1788 2792 intellegere
1823 2715 2096 2793 poterat
2119 2709 2410 2794 voluptati

172 2806 239 2869 in
266 2813 523 2869 neutro
563 2804 860 2867 membro
901 2803 1121 2867 locum
1163 2823 1313 2884 esse
1341 2826 1356 2866 ε
1396 2824 1553 2867 nam
1589 2804 1827 2889 nequis
1852 2806 2216 2870 volzmtatem
2242 2806 2404 2869 utri-

175 2924 306 2990 que
352 2900 604 2967 inferat
644 2900 1015 2965 verendum
1068 2922 1207 2964 non
1253 2908 1357 2964 est
1387 2949 1400 2963 .
1460 2909 1745 2986 apparet
1786 2901 2210 2967 scribendum
2257 2924 2405 2967 esse

154 3003 322 3090 fatis
367 3001 580 3066 avolsa
620 3021 821 3064 Pon:
838 3021 1024 3064 srAs
1055 3022 1073 3076 3
1120 2996 1308 3084 quod
1346 2997 1547 3085 plane
1586 2998 1936 3064 confirmat
1968 3021 2208 3064 versus
2247 3000 2371 3064 286
2388 3049 2404 3075 ‚

170 3101 337 3165 unde
366 3098 523 3163 haec
550 3098 1380 3183 estmbieinnatapotesm.

342 3196 495 3260 264.
535 3217 1075 3260 Pnonuurmu:
1130 3216 1461 3270 quonum
1502 3192 1662 3259 Vnt
1714 3216 2072 3258 curuum
2111 3215 2263 3257 TAM
2306 3217 2404 3257 ni:

170 3318 361 3361 sum
381 3317 482 3358 ro
503 3343 517 3356 .
545 3294 697 3358 Itali
727 3301 796 3358 et
820 3292 1187 3357 Brixiensis
1219 3291 1422 3356 editio
1450 3313 1827 3368 Bonosum
1851 3341 1864 3355 .
1894 3292 2157 3357 Nonius
2185 3291 2406 3380 p.517‚

174 3395 252 3459 10
277 3394 515 3460 Omnes
537 3403 729 3458 artem
746 3392 934 3457 seo-mi
951 3401 1176 3477 neqant
1202 3391 1500 3454 adverbii-s·
1514 3392 2029 3476 praepositionem
2050 3392 2198 3455 addi
2225 3414 2403 3477 opor-

166 3503 325 3574 tere,
348 3492 468 3556 sed
490 3492 818 3556 auctoritas
843 3501 1109 3556 veterum
1128 3491 1436 3576 praeponi
1464 3490 1653 3554 iubet.
1674 3488 1912 3553 iisdem
1936 3489 2162 3554 verbis
2193 3488 2406 3573 (quod

166 3590 612 3656 memorabile
655 3596 760 3654 est
791 3612 805 3652 :
850 3610 1004 3653 nam
1034 3586 1317 3651 eundem
1354 3587 1623 3672 utrique
1665 3595 2008 3652 auctorem
2035 3588 2406 3671 agnoscas)

164 3690 521 3754 Maximus
551 3686 942 3752 Victorinus
971 3710 1036 3773 p.
1055 3686 1210 3751 1951
1242 3687 1566 3750 Adoerbiis
1603 3687 1769 3751 adici
1797 3687 2277 3772 praepo-siam
2301 3709 2406 3748 ne-

157 3799 320 3872 yant
369 3807 581 3851 omnes
620 3785 875 3849 technici
918 3795 1190 3871 ‹morter-e
1213 3831 1232 3864 ,
1258 3785 1552 3884 quamvis
1587 3794 1808 3850 veteres
1847 3786 2092 3849 licenter
2119 3784 2216 3847 usi
2240 3793 2404 3846 emat.

162 3884 275 3951 his
317 3893 620 3969 uterque
665 3884 907 3950 subicit
957 3885 1031 3949 de
1065 3871 1273 3949 wbito
1299 3890 1370 3947 et
1406 3883 1480 3946 de
1524 3894 1812 3968 repente:
1864 3880 1989 3946 sed
2016 3880 2408 3946 Victorinus

160 3985 536 4068 utriusque
566 3983 874 4047 vocabuli
901 3982 1199 4069 singulos
1228 3988 1540 4046 auctores
1569 3979 1880 4058 adducit,
1909 3980 2172 4045 Nonius
2198 3979 2407 4043 multo

160 4082 411 4168 plures
430 4128 444 4144 .
469 4079 731 4145 Nonius
760 4080 941 4145 hunc
965 4102 1235 4145 versum
1260 4086 1476 4144 totum
1505 4079 1713 4144 refert
1739 4128 1755 4156 ‚
1794 4079 1942 4145 libri
1972 4078 2186 4143 111643
2214 4098 2407 4164 prae-

160 4179 526 4245 termittit:
556 4178 948 4243 Victorinus
977 4178 1360 4265 simpliciter
1386 4179 1528 4242 item
1557 4178 1882 4243 Lucretius
1908 4179 1984 4242 de
2007 4177 2231 4241 subito.

340 4277 493 4343 266.
537 4298 940 4341 narraui:
994 4275 1251 4340 CorlA
1308 4298 1643 4341 concuu
1697 4299 1957 4340 nnus-r
1986 4325 2002 4350 ‚
2049 4292 2409 4339 conen-A

160 4399 317 4441 pen
366 4397 631 4440 Ait-rus
674 4374 946 4441 Omrus
1004 4398 1102 4439 ur
1145 4397 1503 4440 srumuu
1556 4396 1857 4439 usn-ris
1912 4392 2237 4438 comam
2283 4391 2410 4432 ss-

157 4498 261 4553 Qu
278 4496 439 4540 Aru
456 4496 499 4537 n
526 4523 538 4538 .
572 4472 962 4553 Quadratus
990 4475 1239 4538 materie
1266 4499 1287 4536 .·
1313 4472 1461 4537 Itali
1492 4494 1922 4537 mli-rmum.
1967 4479 2108 4534 tum
2137 4468 2413 4554 conquiri
