3042 5192
1348 495 1410 562 Π

246 692 367 735 1166
396 670 612 735 refert
642 690 722 733 ea
752 689 930 754 quae
958 676 1196 754 tangas
1230 690 1364 753 quo
1394 668 1571 734 forte
1602 670 1826 733 colore

246 784 551 871 praedita
581 785 717 849 sint
734 833 749 859 ‚
770 805 1004 847 verum
1034 782 1212 869 quali
1239 784 1449 870 magis
1480 791 1640 870 apta
1665 784 1878 869 figura
1896 834 1910 860 ,

110 919 197 964 615
248 902 416 965 66116
446 900 606 964 11661
634 900 728 962 1111
756 899 1098 984 principiis
1130 920 1302 984 opus
1333 919 1483 962 esse
1514 899 1779 963 colores
1798 947 1814 974 ,

252 1013 372 1079 sed
398 1014 605 1079 variis
633 1012 867 1077 formis
896 1015 1234 1078 variantes
1264 1013 1464 1078 edere
1492 1023 1716 1079 tactus
1737 1064 1750 1077 .

356 1129 722 1193 Praeterea
753 1129 1066 1214 quoniam
1094 1149 1234 1193 non
1265 1130 1467 1193 certis
1499 1137 1688 1194 certa
1711 1129 1941 1216 figuris

249 1254 352 1309 est
378 1252 629 1309 natura
658 1243 906 1308 coloris
937 1252 1006 1308 et
1033 1244 1255 1308 omnia
1280 1244 1763 1329 principiorum

253 1360 694 1424 formamenta
722 1368 980 1444 queunt
1006 1359 1077 1422 in
1105 1360 1346 1444 quovis
1378 1380 1529 1424 esse
1557 1360 1775 1424 nitore
1792 1406 1808 1435 ‚

111 1492 199 1538 820
251 1496 368 1538 cur
398 1496 479 1538 66
509 1494 683 1558 quae
715 1481 1029 1538 constant
1058 1495 1143 1537 ex
1170 1474 1300 1538 illis
1330 1496 1469 1538 non
1496 1476 1748 1560 pariter
1777 1484 1936 1540 sunt

250 1609 441 1653 omne
469 1608 685 1673 genus
714 1587 989 1673 perfusa
1017 1588 1360 1653 coloribus
1387 1589 1457 1653 in
1486 1610 1732 1674 genere
1762 1590 1990 1654 omni?

254 1703 696 1769 conveniebat
728 1704 901 1768 enim
930 1725 1175 1768 corvos
1205 1725 1478 1789 quoque
1507 1725 1712 1790 saepe
1740 1705 2031 1771 volantis

257 1840 335 1883 ex
363 1820 534 1885 albis
563 1819 786 1884 album
815 1820 1034 1905 pinnis
1063 1820 1315 1883 iactare
1345 1819 1639 1883 colorem
1657 1868 1672 1896 ‚

258 1944 322 1998 et
348 1936 577 2021 nigros
606 1935 752 1999 fieri
778 1936 971 2021 nigro
1003 1933 1089 1998 de
1118 1934 1369 1999 semine
1398 1955 1651 2020 cycnos

114 2064 204 2110 825
254 2058 367 2113 aut
393 2050 524 2114 alio
558 2051 801 2136 quovis
830 2072 966 2114 uno
995 2050 1319 2135 varioque
1349 2049 1577 2113 colore
1596 2099 1610 2112 .

355 2165 535 2244 Quin
570 2165 763 2229 etiam
797 2173 1051 2251 quanto
1082 2165 1152 2228 in
1179 2172 1411 2250 partes
1441 2185 1553 2229 res
1585 2185 1890 2251 quaeque
1917 2166 2205 2231 minutas

255 2277 648 2344 distrahitur
675 2280 885 2367 magis
903 2329 919 2356 ,
941 2279 1075 2343 1106
1102 2279 1311 2365 magis
1341 2288 1447 2343 est
1474 2287 1553 2344 ut
1582 2300 1854 2344 cernere
1882 2283 2104 2366 possis

253 2414 655 2458 evanescere
684 2395 1003 2480 paulatim
1032 2394 1417 2480 stinguique
1447 2394 1775 2472 colorem3

246 2518 323 2572 ut
348 2509 425 2574 fit
454 2509 571 2573 ubi
597 2510 668 2573 in
696 2531 944 2595 parvas
972 2509 1187 2595 partis
1220 2507 1627 2595 discerpitur
1656 2531 1858 2575 aurea

114 2638 200 2685 830
248 2645 549 2710 purpura
566 2673 582 2699 ‚
605 2625 1100 2710 poeniceusque
1131 2625 1318 2688 color
1349 2624 1733 2689 clarissimu'
1759 2625 1970 2690 multo
1990 2675 2006 2701 ,

252 2738 477 2802 filatim
507 2760 661 2803 cum
691 2736 1017 2804 distracta
1044 2746 1151 2804 est
1167 2787 1183 2816 ‚
1208 2737 1619 2825 dispergitur
1648 2741 1897 2818 omnis;

250 2873 532 2919 noscere
561 2862 639 2918 ut
665 2853 822 2918 hinc
852 2854 1074 2939 possis
1102 2855 1289 2939 prius
1318 2866 1582 2918 omne'm
1611 2854 1836 2920 efflare
1866 2855 2157 2920 colorem

252 2967 617 3052 particulas
636 3017 654 3045 ,
679 2989 879 3054 quam
909 2967 1264 3034 discedant
1291 2967 1381 3034 ad
1410 2970 1662 3034 semina
1689 2991 1912 3034 rerum
1929 3020 1944 3034 .

341 3081 695 3147 Postremo
728 3084 1041 3169 quoniam
1071 3104 1212 3147 non
1240 3085 1460 3149 omnia
1490 3106 1782 3169 corpora
1807 3105 2043 3149 vocem
2099 3150 2103 3154 Α

114 3210 202 3256 635
250 3197 515 3262 mittere
544 3197 866 3264 concedis
894 3219 1114 3283 neque
1143 3196 1420 3263 odorem
1438 3247 1454 3275 ‚
1476 3208 1838 3284 propterea
1864 3198 1942 3263 fit

255 3320 330 3377 111
356 3334 496 3377 11011
527 3314 837 3378 omnibus
867 3311 1213 3378 adtribuas
1243 3314 1505 3379 sonitus
1539 3322 1608 3379 et
1637 3313 1918 3379 odores:

254 3428 347 3491 sic
377 3428 593 3493 oculis
626 3428 939 3513 quoniam
966 3450 1107 3493 non
1136 3429 1359 3494 omnia
1387 3450 1664 3494 cernere
1695 3430 1956 3515 quimus
1974 3478 1991 3505 ‚

248 3544 417 3607 scire
449 3543 609 3608 licet
640 3541 965 3628 quaedam
994 3552 1131 3637 tam
1160 3520 1473 3609 constare
1501 3546 1669 3610 orba
1698 3546 1924 3610 colore

251 3679 447 3743 quam
481 3657 626 3722 sine
657 3657 869 3723 odore
895 3658 1035 3724 ullo
1065 3658 1395 3744 quaedam
1424 3661 1784 3746 sonituque
1813 3668 2073 3725 remota
2090 3710 2105 3736 ,

114 3787 201 3831 840
251 3792 373 3837 nec
402 3773 625 3837 minus
655 3771 825 3837 haec
857 3774 1144 3838 animum
1174 3796 1586 3861 cognoscere
1615 3798 1820 3861 posse
1851 3796 2160 3862 sagacem

250 3908 443 3971 quam
475 3909 652 3974 quae
682 3896 844 3951 sunt
875 3888 1016 3953 aliis
1047 3890 1251 3954 rebus
1282 3890 1550 3975 privata
1575 3898 1814 3955 notare
1834 3940 1847 3953 .

325 4002 463 4066 Sed
492 4023 582 4066 116
610 4001 789 4066 forte
817 4011 1015 4088 putes
1045 4004 1195 4069 solo
1225 4004 1513 4090 spoliata
1545 4004 1773 4069 colore

2397 501 2488 569 67

255 4312 345 4359 814
371 4316 498 4361 sunt
538 4308 559 4377 Η
598 4310 807 4381 magnis
843 4308 863 4377 ΙΙ
893 4317 989 4362 815
1017 4309 1229 4362 colore.
1257 4308 1277 4380 ΙΙ
1305 4317 1399 4362 821
1431 4310 1761 4382 Omnigenus
1786 4311 1805 4381 ΙΙ
1834 4317 1931 4363 827
1957 4311 2058 4364 1106
2083 4312 2254 4382 magis
2278 4312 2447 4380 magis
2469 4312 2487 4378 Η

253 4395 346 4443 829
381 4409 599 4445 antrum.
639 4393 661 4463 ΙΙ
699 4399 795 4445 831
838 4393 1149 4446 distractum
1188 4401 1272 4447 661
1305 4393 1634 4465 disperditur
1672 4394 1693 4466 ΙΙ
1730 4400 1829 4447 840
1867 4394 1953 4447 Ν6
1989 4393 2009 4463 ΙΙ
2048 4400 2143 4446 841
2184 4400 2444 4463 notaque.
2469 4394 2488 4463 Η

257 4478 346 4526 842
381 4476 603 4547 spoliita

1998 4576 2035 4637 5
2059 4579 2082 4600 ο
