3042 5192
518 1083 617 1129 970

519 1658 618 1705 975

520 2231 619 2279 980

523 2805 621 2850 985

518 3149 613 3196 991

518 3605 617 3651 995

517 3949 618 3997 990

676 433 818 502 238
1214 420 1219 426 ’
1740 432 1840 499 VI

672 606 843 692 ignis
870 607 1031 670 item
1057 603 1380 690 liquidum
1408 604 1571 671 facit
1599 626 1715 670 aes
1745 626 2116 691 aurumque
2145 607 2429 673 resolvit
2445 658 2461 686 ‚

674 729 746 785 at
775 721 957 784 coria
988 728 1056 784 et
1086 741 1352 784 carnem
1380 720 1593 785 trahit
1624 728 1693 784 et
1722 719 2041 785 conducit
2068 721 2136 784 in
2165 744 2369 786 unum
2389 773 2403 786 .

669 857 863 900 umor
892 855 1105 920 aquae
1135 856 1342 922 porro
1371 834 1622 899 ferrum
1651 834 1987 900 condurat
2015 836 2100 901 ab
2127 837 2264 922 igni
2283 886 2299 912 ‚

673 959 745 1014 at
773 951 956 1014 coria
984 957 1050 1013 et
1081 971 1344 1013 carnem
1373 950 1587 1014 mollit
1616 948 1858 1014 durata
1886 950 2109 1014 calore
2128 999 2141 1013 .

671 1065 1062 1150 barbigeras
1093 1065 1382 1129 oleaster
1414 1087 1494 1129 eo
1522 1066 1711 1130 iuvat
1735 1086 1952 1150 usque
1983 1066 2274 1152 capellas
2292 1116 2308 1142 ,

677 1179 904 1244 effluat
932 1180 1303 1244 ambrosiae
1335 1181 1528 1266 quasi
1555 1201 1714 1245 vere
1745 1190 1814 1245 et
1841 1180 2126 1245 nectari’
2153 1180 2434 1258 linctus3

677 1317 810 1381 qua
837 1295 930 1358 nil
962 1301 1068 1358 est
1092 1295 1345 1358 homini
1374 1293 1565 1380 quod
1594 1296 1844 1360 amariu
1861 1297 1875 1321 ⁹
1903 1293 2221 1359 frondeat
2249 1316 2402 1359 esca
2420 1345 2433 1358 .

675 1408 964 1494 denique
995 1408 1439 1474 amaracinum
1466 1408 1712 1495 fugitat
1741 1432 1857 1474 sus
1889 1417 1959 1474 et
1986 1410 2176 1474 timet
2203 1431 2396 1474 omne

674 1533 1073 1610 ungentum:
1094 1544 1247 1587 nam
1277 1524 1625 1610 saetigeris
1655 1525 1865 1590 subus
1896 1546 2051 1588 acre
2079 1532 2507 1602 venenumst3

676 1638 863 1727 quod
889 1660 1016 1703 nos
1043 1640 1218 1703 inter
1249 1636 1406 1702 dum
1436 1645 1574 1702 tam
1605 1660 1803 1723 quam
1830 1660 2139 1703 recreare
2169 1639 2466 1704 videtur.

676 1763 748 1820 at
776 1762 1015 1819 eontra
1041 1754 1236 1818 nobis
1266 1775 1545 1819 caenum
1572 1753 1955 1817 taeterrima
1983 1775 2134 1818 cum
2164 1755 2251 1818 sit

676 1869 1027 1957 spurcities
1047 1918 1062 1944 ‚
1091 1867 1323 1932 eadem
1354 1868 1563 1932 subus
1592 1867 1762 1931 haee
1790 1867 2084 1932 iucunda
2113 1867 2381 1933 videtur
2398 1918 2414 1944 ‚

674 1984 1137 2049 insatiabiliter
1165 1983 1293 2047 toti
1321 1989 1399 2047 ut
1425 1982 1788 2047 volvantur
1814 1981 2061 2047 ibidem
2078 2031 2091 2045 .

759 2099 911 2163 Hoc
941 2101 1138 2163 etiam
1168 2118 1371 2185 super
1402 2105 1542 2172 est,
1561 2098 1711 2184 ipsa
1741 2119 1939 2183 quam
1971 2096 2194 2161 dicere
2225 2096 2310 2161 de
2339 2119 2414 2162 re

675 2213 1041 2300 adgredior
1071 2210 1257 2298 quod
1286 2210 1643 2276 dicendum
1670 2213 1857 2300 prius
1889 2233 2036 2276 esse
2064 2210 2332 2277 videtur
2351 2262 2364 2276 .

677 2330 884 2394 multa
911 2327 1239 2393 foramina
1268 2348 1418 2392 cum
1445 2327 1650 2392 variis
1681 2327 1815 2391 sint
1841 2325 2111 2391 reddita
2137 2329 2342 2393 rebus
2359 2377 2375 2402 ‚

677 2443 977 2508 dissimili
1004 2444 1179 2507 inter
1209 2464 1281 2507 se
1311 2450 1554 2506 natura
1581 2440 1891 2530 praedita
1922 2440 2177 2508 debent

678 2580 826 2623 esse
859 2564 926 2621 et
951 2558 1204 2621 habere
1234 2578 1421 2622 suam
1450 2565 1759 2622 naturam
1789 2577 2096 2642 quaeque
2124 2558 2404 2643 viasque
2425 2608 2438 2621 .

678 2675 925 2758 quippe
955 2673 1197 2736 etenim
1224 2672 1390 2736 varii
1422 2693 1662 2737 sensus
1691 2672 2133 2737 animantibus
2160 2672 2391 2736 insunt
2407 2721 2423 2748 ‚

681 2808 962 2873 quorum
997 2787 1283 2873 quisque
1313 2808 1499 2851 suam
1528 2787 1801 2872 proprie
1831 2807 1970 2851 rem
1998 2787 2285 2872 percipit
2309 2787 2381 2851 in
2409 2808 2517 2852 se:

676 2922 831 2966 nam
858 2909 1215 2988 penetrare
1244 2901 1373 2965 alio
1407 2902 1670 2965 sonitus
1699 2901 1966 2988 alioque
1997 2922 2310 2988 saporem

675 3017 1003 3081 cernimus
1034 3038 1069 3079 e
1102 3016 1277 3080 sucis
1295 3065 1311 3092 ,
1335 3016 1464 3081 alio
1494 3015 1752 3082 nidoris
1782 3016 2033 3081 odores
2054 3065 2068 3079 .

670 3139 1023 3220 praeterea
1049 3152 1319 3195 manare
1349 3130 1531 3196 aliud
1558 3152 1682 3217 per
1713 3153 1880 3195 saxa
1905 3131 2174 3196 videtur
2192 3180 2208 3207 ‚

674 3255 877 3332 atque
909 3245 1090 3311 aliud
1119 3245 1313 3332 lignis
1332 3294 1348 3321 ‚
1372 3245 1555 3310 aliud
1585 3247 1871 3310 transire
1901 3268 2023 3333 per
2052 3267 2283 3310 aurum
2304 3294 2319 3320 ‚

675 3370 1091 3446 argentoque
1119 3360 1304 3425 foras
1334 3359 1516 3425 aliud
1543 3362 1858 3445 vitroque
1884 3382 2142 3426 meare:

672 3474 1063 3539 nam‘fluere
1091 3475 1221 3539 hac
1253 3474 1513 3560 species
1534 3524 1549 3551 ‚
1570 3474 1720 3539 illac
1752 3476 1935 3541 calor
1963 3477 2061 3540 ire
2090 3476 2359 3541 videtur
2378 3525 2395 3552 ‚

675 3597 879 3674 atque
911 3590 1052 3654 aliis
1083 3589 1247 3653 aliut
1276 3590 1470 3654 citius
1501 3592 1958 3655 transmittere
1988 3590 2221 3655 eadem
2242 3641 2255 3654 .

676 3704 930 3769 scilicet
946 3753 963 3780 ‚
984 3703 1057 3768 id
1082 3704 1227 3768 fieri
1254 3704 1434 3790 cogit
1460 3713 1704 3771 natura
1731 3707 1986 3770 viarum

670 3819 1078 3884 multimodis
1107 3819 1374 3884 varians
1393 3868 1408 3895 ‚
1431 3828 1508 3884 ut
1538 3821 1737 3907 paulo
1770 3819 2188 3885 ostendimus
2217 3827 2373 3884 ante
2392 3869 2408 3897 ‚

673 3942 958 4021 propter
988 3934 1369 3998 dissimilem
1398 3942 1705 4000 naturam
1735 3943 2056 4022 textaque
2085 3955 2306 4001 rerum
2326 3984 2341 3998 .

680 4243 780 4293 969
817 4237 1011 4292 calori.
1067 4239 1086 4310 ΙΙ
1143 4246 1239 4293 971
1280 4241 1575 4295 ambrosias
1631 4240 1651 4311 ΙΙ
1708 4259 1836 4295 vero
1876 4250 1928 4294 et
1964 4249 2180 4295 nectare
2219 4242 2444 4295 tinctus.
2495 4240 2516 4310 Η
2574 4245 2669 4292 972
2703 4235 2883 4291 marim

677 4322 931 4377 frondeac
968 4331 1174 4378 exscet.
1226 4324 1247 4395 ΙΙ
1295 4330 1394 4378 973
1432 4325 1752 4378 mancinum
1810 4326 1830 4396 ΙΙ
1880 4331 1978 4379 977
2017 4323 2247 4378 civunda
2293 4322 2315 4395 ΙΙ
2365 4330 2464 4378 986
2501 4323 2682 4394 aloque
2731 4321 2753 4388 11
2795 4319 2886 4369 983

679 4412 972 4460 9893996
1010 4413 1139 4461 997.
1179 4408 1200 4476 ΙΙ
1237 4413 1331 4460 991
1374 4407 1632 4461 Praetere
1668 4424 1886 4461 manere
1921 4409 1943 4478 ΙΙ
1981 4413 2080 4460 992
2119 4408 2258 4478 ignis
