<?xml version="1.0" encoding="UTF-8"?>
<!DOCTYPE html PUBLIC "-//W3C//DTD XHTML 1.0 Transitional//EN"
    "http://www.w3.org/TR/xhtml1/DTD/xhtml1-transitional.dtd">
<html xmlns="http://www.w3.org/1999/xhtml" xml:lang="en" lang="en">
 <head>
  <title>
</title>
<meta http-equiv="Content-Type" content="text/html;charset=utf-8" />
  <meta name='ocr-system' content='tesseract 3.04.00' />
  <meta name='ocr-capabilities' content='ocr_page ocr_carea ocr_par ocr_line ocrx_word'/>
</head>
<body>
  <div class='ocr_page' id='page_1' title='image "./tlucreticarider04unkngoog_0548.png"; bbox 0 0 3042 5192; ppageno 0'>
   <div class='ocr_carea' id='block_1_1' title="bbox 609 439 1773 511">
    <p class='ocr_par' dir='ltr' id='par_1_1' title="bbox 609 439 1773 511">
     <span class='ocr_line' id='line_1_1' title="bbox 609 439 1773 511; baseline -0.005 0"><span class='ocrx_word' id='word_1_1' title='bbox 609 443 751 511; x_wconf 84' lang='lat'>246</span> <span class='ocrx_word' id='word_1_2' title='bbox 1674 439 1773 506; x_wconf 91' lang='lat' dir='ltr'>IV</span> 
     </span>
    </p>
   </div>
   <div class='ocr_carea' id='block_1_2' title="bbox 592 611 2829 4437">
    <p class='ocr_par' dir='ltr' id='par_1_2' title="bbox 592 611 2828 2469">
     <span class='ocr_line' id='line_1_2' title="bbox 609 611 2825 700; baseline -0.003 -18"><span class='ocrx_word' id='word_1_3' title='bbox 609 618 799 683; x_wconf 81' lang='lat' dir='ltr'>Furei</span> <span class='ocrx_word' id='word_1_4' title='bbox 812 665 831 697; x_wconf 87' lang='lat'>‚</span> <span class='ocrx_word' id='word_1_5' title='bbox 863 620 1101 680; x_wconf 87' lang='lat' dir='ltr'>contra</span> <span class='ocrx_word' id='word_1_6' title='bbox 1129 612 1364 677; x_wconf 77' lang='lat' dir='ltr'><strong>Lucilii</strong></span> <span class='ocrx_word' id='word_1_7' title='bbox 1395 613 1692 700; x_wconf 88' lang='lat' dir='ltr'>regulam</span> <span class='ocrx_word' id='word_1_8' title='bbox 1724 620 1947 677; x_wconf 89' lang='lat' dir='ltr'>autem</span> <span class='ocrx_word' id='word_1_9' title='bbox 1976 611 2185 676; x_wconf 84' lang='lat' dir='ltr'>dativi</span> <span class='ocrx_word' id='word_1_10' title='bbox 2217 611 2352 676; x_wconf 87' lang='lat' dir='ltr'>duo</span> <span class='ocrx_word' id='word_1_11' title='bbox 2372 661 2387 688; x_wconf 92' lang='lat'><strong>‚</strong></span> <span class='ocrx_word' id='word_1_12' title='bbox 2420 612 2716 678; x_wconf 75' lang='lat' dir='ltr'>Herculei</span> <span class='ocrx_word' id='word_1_13' title='bbox 2745 615 2825 684; x_wconf 83' lang='lat'>55,</span> 
     </span>
     <span class='ocr_line' id='line_1_3' title="bbox 612 710 2825 798; baseline -0.003 -17"><span class='ocrx_word' id='word_1_14' title='bbox 612 717 687 781; x_wconf 84' lang='lat'>13</span> <span class='ocrx_word' id='word_1_15' title='bbox 719 763 735 790; x_wconf 85' lang='lat'>‚</span> <span class='ocrx_word' id='word_1_16' title='bbox 775 716 897 779; x_wconf 81' lang='lat' dir='ltr'>mei</span> <span class='ocrx_word' id='word_1_17' title='bbox 935 714 1034 788; x_wconf 89' lang='lat'>77,</span> <span class='ocrx_word' id='word_1_18' title='bbox 1064 713 1103 776; x_wconf 87' lang='lat'><strong>3</strong></span> <span class='ocrx_word' id='word_1_19' title='bbox 1147 711 1276 795; x_wconf 86' lang='lat' dir='ltr'>(ita</span> <span class='ocrx_word' id='word_1_20' title='bbox 1312 713 1430 774; x_wconf 71' lang='lat' dir='ltr'>‘mei</span> <span class='ocrx_word' id='word_1_21' title='bbox 1469 713 1690 794; x_wconf 73' lang='lat' dir='ltr'>misero</span> <span class='ocrx_word' id='word_1_22' title='bbox 1734 712 1804 775; x_wconf 92' lang='lat' dir='ltr'>in</span> <span class='ocrx_word' id='word_1_23' title='bbox 1843 710 2045 775; x_wconf 84' lang='lat' dir='ltr'>Novii</span> <span class='ocrx_word' id='word_1_24' title='bbox 2086 733 2291 777; x_wconf 84' lang='lat' dir='ltr'>versu</span> <span class='ocrx_word' id='word_1_25' title='bbox 2331 711 2516 798; x_wconf 87' lang='lat' dir='ltr'>apud</span> <span class='ocrx_word' id='word_1_26' title='bbox 2554 711 2825 775; x_wconf 85' lang='lat' dir='ltr'>Nonium</span> 
     </span>
     <span class='ocr_line' id='line_1_4' title="bbox 607 809 2826 900; baseline -0.001 -23"><span class='ocrx_word' id='word_1_27' title='bbox 607 837 671 900; x_wconf 93' lang='lat' dir='ltr'>p.</span> <span class='ocrx_word' id='word_1_28' title='bbox 693 814 833 890; x_wconf 82' lang='lat'><strong>336,</strong></span> <span class='ocrx_word' id='word_1_29' title='bbox 856 813 932 876; x_wconf 87' lang='lat'>13</span> <span class='ocrx_word' id='word_1_30' title='bbox 962 860 977 886; x_wconf 88' lang='lat'><strong>‚</strong></span> <span class='ocrx_word' id='word_1_31' title='bbox 1015 812 1254 895; x_wconf 83' lang='lat' dir='ltr'><strong><em>meique</em></strong></span> <span class='ocrx_word' id='word_1_32' title='bbox 1291 812 1360 873; x_wconf 89' lang='lat' dir='ltr'>in</span> <span class='ocrx_word' id='word_1_33' title='bbox 1392 809 1731 874; x_wconf 83' lang='lat' dir='ltr'>Ciceronis</span> <span class='ocrx_word' id='word_1_34' title='bbox 1777 810 1868 874; x_wconf 88' lang='lat' dir='ltr'>ad</span> <span class='ocrx_word' id='word_1_35' title='bbox 1907 811 2205 876; x_wconf 86' lang='lat' dir='ltr'>Atticum</span> <span class='ocrx_word' id='word_1_36' title='bbox 2250 811 2689 898; x_wconf 80' lang='lat' dir='ltr'>epistularum</span> <span class='ocrx_word' id='word_1_37' title='bbox 2730 835 2826 884; x_wconf 79' lang='lat'>111,</span> 
     </span>
     <span class='ocr_line' id='line_1_5' title="bbox 614 908 2825 998; baseline -0.001 -21"><span class='ocrx_word' id='word_1_38' title='bbox 614 914 707 988; x_wconf 85' lang='lat'>13,</span> <span class='ocrx_word' id='word_1_39' title='bbox 726 913 765 976; x_wconf 81' lang='lat'>2</span> <span class='ocrx_word' id='word_1_40' title='bbox 798 961 814 988; x_wconf 87' lang='lat'>‚</span> <span class='ocrx_word' id='word_1_41' title='bbox 861 912 978 975; x_wconf 81' lang='lat' dir='ltr'>mei</span> <span class='ocrx_word' id='word_1_42' title='bbox 1006 919 1218 972; x_wconf 78' lang='lat' dir='ltr'><em>auctor</em></span> <span class='ocrx_word' id='word_1_43' title='bbox 1245 932 1307 972; x_wconf 75' lang='lat' dir='ltr'>es</span> <span class='ocrx_word' id='word_1_44' title='bbox 1335 909 1658 984; x_wconf 80' lang='lat' dir='ltr'>xn1‚40‚2</span> <span class='ocrx_word' id='word_1_45' title='bbox 1691 934 1706 986; x_wconf 84' lang='lat'>3</span> <span class='ocrx_word' id='word_1_46' title='bbox 1754 931 2154 995; x_wconf 81' lang='lat' dir='ltr'>quamquam</span> <span class='ocrx_word' id='word_1_47' title='bbox 2181 908 2368 972; x_wconf 89' lang='lat' dir='ltr'>haud</span> <span class='ocrx_word' id='word_1_48' title='bbox 2399 910 2540 974; x_wconf 89' lang='lat' dir='ltr'>scio</span> <span class='ocrx_word' id='word_1_49' title='bbox 2573 931 2663 973; x_wconf 88' lang='lat' dir='ltr'>an</span> <span class='ocrx_word' id='word_1_50' title='bbox 2691 933 2825 998; x_wconf 89' lang='lat' dir='ltr'>pro-</span> 
     </span>
     <span class='ocr_line' id='line_1_6' title="bbox 607 1006 2826 1095; baseline -0.001 -21"><span class='ocrx_word' id='word_1_51' title='bbox 607 1011 874 1075; x_wconf 84' lang='lat' dir='ltr'>nomina</span> <span class='ocrx_word' id='word_1_52' title='bbox 915 1007 1299 1093; x_wconf 81' lang='lat' dir='ltr'>personalia</span> <span class='ocrx_word' id='word_1_53' title='bbox 1326 1006 1618 1071; x_wconf 83' lang='lat' dir='ltr'>Lucilius</span> <span class='ocrx_word' id='word_1_54' title='bbox 1661 1008 2002 1095; x_wconf 85' lang='lat' dir='ltr'>exceperit</span> <span class='ocrx_word' id='word_1_55' title='bbox 2036 1032 2050 1070; x_wconf 77' lang='lat' dir='ltr'><strong><em>z</em></strong></span> <span class='ocrx_word' id='word_1_56' title='bbox 2098 1016 2280 1071; x_wconf 89' lang='lat' dir='ltr'>certe</span> <span class='ocrx_word' id='word_1_57' title='bbox 2321 1009 2470 1072; x_wconf 62' lang='lat' dir='ltr'>‚ribei</span> <span class='ocrx_word' id='word_1_58' title='bbox 2508 1009 2582 1072; x_wconf 87' lang='lat' dir='ltr'>in</span> <span class='ocrx_word' id='word_1_59' title='bbox 2610 1033 2663 1073; x_wconf 91' lang='lat' dir='ltr'>s.</span> <span class='ocrx_word' id='word_1_60' title='bbox 2684 1032 2737 1072; x_wconf 93' lang='grc'>0.</span> <span class='ocrx_word' id='word_1_61' title='bbox 2760 1008 2826 1072; x_wconf 83' lang='lat' dir='ltr'>de</span> 
     </span>
     <span class='ocr_line' id='line_1_7' title="bbox 607 1105 2826 1194; baseline -0.001 -21"><span class='ocrx_word' id='word_1_62' title='bbox 607 1106 1140 1173; x_wconf 82' lang='lat' dir='ltr'>Bacchanalibus</span> <span class='ocrx_word' id='word_1_63' title='bbox 1183 1105 1426 1190; x_wconf 90' lang='lat' dir='ltr'>legitur</span> <span class='ocrx_word' id='word_1_64' title='bbox 1455 1154 1471 1181; x_wconf 85' lang='lat'>,</span> <span class='ocrx_word' id='word_1_65' title='bbox 1515 1126 1642 1169; x_wconf 89' lang='lat' dir='ltr'>nec</span> <span class='ocrx_word' id='word_1_66' title='bbox 1687 1105 1994 1192; x_wconf 87' lang='lat' dir='ltr'>Nigidius</span> <span class='ocrx_word' id='word_1_67' title='bbox 2039 1105 2384 1191; x_wconf 83' lang='lat' dir='ltr'>discrepat</span> <span class='ocrx_word' id='word_1_68' title='bbox 2414 1156 2429 1183; x_wconf 92' lang='lat'>‚</span> <span class='ocrx_word' id='word_1_69' title='bbox 2482 1107 2601 1191; x_wconf 90' lang='lat' dir='ltr'>qui</span> <span class='ocrx_word' id='word_1_70' title='bbox 2643 1107 2826 1194; x_wconf 89' lang='lat' dir='ltr'>scrip-</span> 
     </span>
     <span class='ocr_line' id='line_1_8' title="bbox 610 1203 2826 1290; baseline -0.001 -20"><span class='ocrx_word' id='word_1_71' title='bbox 610 1207 780 1271; x_wconf 88' lang='lat' dir='ltr'>sisse</span> <span class='ocrx_word' id='word_1_72' title='bbox 819 1204 1089 1270; x_wconf 84' lang='lat' dir='ltr'>videtur</span> <span class='ocrx_word' id='word_1_73' title='bbox 1126 1213 1248 1267; x_wconf 70' lang='lat' dir='ltr'>me‘z&#39;</span> <span class='ocrx_word' id='word_1_74' title='bbox 1288 1206 1599 1289; x_wconf 86' lang='lat' dir='ltr'>genetivo</span> <span class='ocrx_word' id='word_1_75' title='bbox 1620 1254 1635 1280; x_wconf 88' lang='lat'>‚</span> <span class='ocrx_word' id='word_1_76' title='bbox 1664 1207 1810 1268; x_wconf 75' lang='lat' dir='ltr'>‘miei</span> <span class='ocrx_word' id='word_1_77' title='bbox 1839 1203 2138 1289; x_wconf 87' lang='lat' dir='ltr'>dativo),</span> <span class='ocrx_word' id='word_1_78' title='bbox 2184 1205 2476 1289; x_wconf 83' lang='lat' dir='ltr'>genetivi</span> <span class='ocrx_word' id='word_1_79' title='bbox 2506 1203 2696 1290; x_wconf 89' lang='lat' dir='ltr'>apud</span> <span class='ocrx_word' id='word_1_80' title='bbox 2727 1204 2826 1268; x_wconf 80' lang='lat' dir='ltr'>Ca-</span> 
     </span>
     <span class='ocr_line' id='line_1_9' title="bbox 608 1301 2828 1389; baseline -0 -21"><span class='ocrx_word' id='word_1_81' title='bbox 608 1305 844 1368; x_wconf 89' lang='lat' dir='ltr'>tullum</span> <span class='ocrx_word' id='word_1_82' title='bbox 887 1302 1231 1388; x_wconf 90' lang='lat' dir='ltr'>complura</span> <span class='ocrx_word' id='word_1_83' title='bbox 1259 1351 1274 1378; x_wconf 92' lang='lat'>‚</span> <span class='ocrx_word' id='word_1_84' title='bbox 1327 1301 1436 1378; x_wconf 83' lang='lat'>28,</span> <span class='ocrx_word' id='word_1_85' title='bbox 1472 1303 1509 1366; x_wconf 89' lang='lat'>5</span> <span class='ocrx_word' id='word_1_86' title='bbox 1558 1304 1843 1368; x_wconf 80' lang='lat' dir='ltr'>Romulei</span> <span class='ocrx_word' id='word_1_87' title='bbox 1882 1303 2180 1389; x_wconf 79' lang='lat' dir='ltr'>Remique</span> <span class='ocrx_word' id='word_1_88' title='bbox 2206 1351 2226 1382; x_wconf 87' lang='lat'><em>,</em></span> <span class='ocrx_word' id='word_1_89' title='bbox 2278 1302 2387 1378; x_wconf 89' lang='grc'>61,</span> <span class='ocrx_word' id='word_1_90' title='bbox 2416 1302 2543 1366; x_wconf 83' lang='grc'>206</span> <span class='ocrx_word' id='word_1_91' title='bbox 2577 1305 2828 1388; x_wconf 69' lang='grc' dir='ltr'>μιῖυενίε</span> 
     </span>
     <span class='ocr_line' id='line_1_10' title="bbox 609 1399 2825 1490; baseline -0 -25"><span class='ocrx_word' id='word_1_92' title='bbox 609 1403 850 1490; x_wconf 77' lang='lat' dir='ltr'>Africei</span> <span class='ocrx_word' id='word_1_93' title='bbox 877 1451 892 1478; x_wconf 87' lang='lat'>‚</span> <span class='ocrx_word' id='word_1_94' title='bbox 928 1401 1026 1477; x_wconf 88' lang='grc'>63,</span> <span class='ocrx_word' id='word_1_95' title='bbox 1045 1401 1120 1464; x_wconf 84' lang='grc'><strong>91</strong></span> <span class='ocrx_word' id='word_1_96' title='bbox 1157 1401 1406 1464; x_wconf 77' lang='lat' dir='ltr'>domina</span> <span class='ocrx_word' id='word_1_97' title='bbox 1435 1401 1774 1488; x_wconf 71' lang='lat' dir='ltr'>Dindymei</span> <span class='ocrx_word' id='word_1_98' title='bbox 1787 1447 1806 1480; x_wconf 88' lang='lat'><strong><em>,</em></strong></span> <span class='ocrx_word' id='word_1_99' title='bbox 1837 1399 1936 1474; x_wconf 84' lang='lat'>64,</span> <span class='ocrx_word' id='word_1_100' title='bbox 1956 1399 2079 1464; x_wconf 85' lang='grc'>278</span> <span class='ocrx_word' id='word_1_101' title='bbox 2109 1424 2142 1464; x_wconf 81' lang='lat' dir='ltr'>e</span> <span class='ocrx_word' id='word_1_102' title='bbox 2167 1402 2386 1463; x_wconf 80' lang='lat' dir='ltr'>vertice</span> <span class='ocrx_word' id='word_1_103' title='bbox 2416 1401 2624 1480; x_wconf 78' lang='lat' dir='ltr'>Pelei,</span> <span class='ocrx_word' id='word_1_104' title='bbox 2654 1402 2752 1474; x_wconf 81' lang='lat'>65,</span> <span class='ocrx_word' id='word_1_105' title='bbox 2771 1401 2825 1465; x_wconf 86' lang='grc'>14</span> 
     </span>
     <span class='ocr_line' id='line_1_11' title="bbox 592 1498 2825 1588; baseline 0 -24"><span class='ocrx_word' id='word_1_106' title='bbox 592 1500 744 1588; x_wconf 81' lang='lat' dir='ltr'>fata</span> <span class='ocrx_word' id='word_1_107' title='bbox 765 1524 1009 1586; x_wconf 73' lang='lat' dir='ltr'>yemem</span> <span class='ocrx_word' id='word_1_108' title='bbox 1040 1499 1216 1586; x_wconf 73' lang='lat' dir='ltr'>Itylei</span> <span class='ocrx_word' id='word_1_109' title='bbox 1246 1548 1260 1562; x_wconf 94' lang='lat'>.</span> <span class='ocrx_word' id='word_1_110' title='bbox 1306 1519 1706 1584; x_wconf 89' lang='lat' dir='ltr'>quamquam</span> <span class='ocrx_word' id='word_1_111' title='bbox 1744 1498 1915 1561; x_wconf 90' lang='lat' dir='ltr'>haec</span> <span class='ocrx_word' id='word_1_112' title='bbox 1960 1520 2043 1561; x_wconf 82' lang='lat' dir='ltr'>ex</span> <span class='ocrx_word' id='word_1_113' title='bbox 2070 1520 2206 1562; x_wconf 90' lang='lat' dir='ltr'>uno</span> <span class='ocrx_word' id='word_1_114' title='bbox 2238 1499 2707 1583; x_wconf 86' lang='lat' dir='ltr'>antiquissimo</span> <span class='ocrx_word' id='word_1_115' title='bbox 2738 1521 2825 1564; x_wconf 87' lang='lat' dir='ltr'>co-</span> 
     </span>
     <span class='ocr_line' id='line_1_12' title="bbox 613 1593 2825 1684; baseline -0 -22"><span class='ocrx_word' id='word_1_116' title='bbox 613 1598 761 1662; x_wconf 83' lang='lat' dir='ltr'>dice</span> <span class='ocrx_word' id='word_1_117' title='bbox 782 1648 796 1674; x_wconf 88' lang='lat'>‚</span> <span class='ocrx_word' id='word_1_118' title='bbox 828 1599 940 1684; x_wconf 88' lang='lat' dir='ltr'>qui</span> <span class='ocrx_word' id='word_1_119' title='bbox 972 1605 1128 1661; x_wconf 88' lang='lat' dir='ltr'>ante</span> <span class='ocrx_word' id='word_1_120' title='bbox 1155 1593 1352 1660; x_wconf 87' lang='lat' dir='ltr'>finem</span> <span class='ocrx_word' id='word_1_121' title='bbox 1383 1597 1629 1661; x_wconf 90' lang='lat' dir='ltr'>saeculi</span> <span class='ocrx_word' id='word_1_122' title='bbox 1661 1598 1883 1682; x_wconf 87' lang='lat' dir='ltr'>quarti</span> <span class='ocrx_word' id='word_1_123' title='bbox 1914 1596 2148 1660; x_wconf 87' lang='lat' dir='ltr'>decimi</span> <span class='ocrx_word' id='word_1_124' title='bbox 2185 1597 2252 1660; x_wconf 90' lang='lat' dir='ltr'>in</span> <span class='ocrx_word' id='word_1_125' title='bbox 2283 1597 2451 1661; x_wconf 92' lang='lat' dir='ltr'>alios</span> <span class='ocrx_word' id='word_1_126' title='bbox 2481 1598 2825 1684; x_wconf 86' lang='lat' dir='ltr'>transcrip-</span> 
     </span>
     <span class='ocr_line' id='line_1_13' title="bbox 609 1693 2825 1780; baseline 0 -21"><span class='ocrx_word' id='word_1_127' title='bbox 609 1704 720 1760; x_wconf 89' lang='lat' dir='ltr'>tus</span> <span class='ocrx_word' id='word_1_128' title='bbox 761 1718 898 1760; x_wconf 89' lang='lat' dir='ltr'>non</span> <span class='ocrx_word' id='word_1_129' title='bbox 925 1696 1131 1759; x_wconf 86' lang='lat' dir='ltr'>fuerit</span> <span class='ocrx_word' id='word_1_130' title='bbox 1163 1743 1178 1770; x_wconf 93' lang='lat'>‚</span> <span class='ocrx_word' id='word_1_131' title='bbox 1225 1693 1531 1759; x_wconf 87' lang='lat' dir='ltr'>derivata</span> <span class='ocrx_word' id='word_1_132' title='bbox 1561 1715 1710 1759; x_wconf 88' lang='lat' dir='ltr'>esse</span> <span class='ocrx_word' id='word_1_133' title='bbox 1742 1693 1961 1759; x_wconf 88' lang='lat' dir='ltr'>doctis</span> <span class='ocrx_word' id='word_1_134' title='bbox 1992 1715 2191 1779; x_wconf 84' lang='lat' dir='ltr'>aegre</span> <span class='ocrx_word' id='word_1_135' title='bbox 2220 1694 2638 1780; x_wconf 87' lang='lat' dir='ltr'>persuadeo:</span> <span class='ocrx_word' id='word_1_136' title='bbox 2671 1709 2825 1759; x_wconf 81' lang='lat' dir='ltr'>certe</span> 
     </span>
     <span class='ocr_line' id='line_1_14' title="bbox 608 1791 2824 1881; baseline 0 -25"><span class='ocrx_word' id='word_1_137' title='bbox 608 1793 716 1857; x_wconf 86' lang='lat' dir='ltr'>vel</span> <span class='ocrx_word' id='word_1_138' title='bbox 747 1793 816 1856; x_wconf 86' lang='lat' dir='ltr'>C.</span> <span class='ocrx_word' id='word_1_139' title='bbox 837 1791 906 1856; x_wconf 86' lang='lat' dir='ltr'>F.</span> <span class='ocrx_word' id='word_1_140' title='bbox 929 1793 1356 1857; x_wconf 89' lang='lat' dir='ltr'>Hermannus</span> <span class='ocrx_word' id='word_1_141' title='bbox 1396 1814 1615 1881; x_wconf 87' lang='lat' dir='ltr'>nuper</span> <span class='ocrx_word' id='word_1_142' title='bbox 1655 1814 1924 1857; x_wconf 82' lang='lat' dir='ltr'>versum</span> <span class='ocrx_word' id='word_1_143' title='bbox 1966 1792 2302 1879; x_wconf 88' lang='lat' dir='ltr'>quendam</span> <span class='ocrx_word' id='word_1_144' title='bbox 2339 1793 2581 1858; x_wconf 88' lang='lat' dir='ltr'>Catulli</span> <span class='ocrx_word' id='word_1_145' title='bbox 2612 1794 2824 1868; x_wconf 81' lang='lat'>64‚109</span> 
     </span>
     <span class='ocr_line' id='line_1_15' title="bbox 608 1890 2820 1976; baseline 0 -22"><span class='ocrx_word' id='word_1_146' title='bbox 608 1892 705 1956; x_wconf 89' lang='lat' dir='ltr'>ita</span> <span class='ocrx_word' id='word_1_147' title='bbox 746 1892 1062 1956; x_wconf 83' lang='lat' dir='ltr'>tractavit</span> <span class='ocrx_word' id='word_1_148' title='bbox 1088 1899 1167 1955; x_wconf 90' lang='lat' dir='ltr'>ut</span> <span class='ocrx_word' id='word_1_149' title='bbox 1203 1890 1564 1954; x_wconf 82' lang='lat' dir='ltr'>editionem</span> <span class='ocrx_word' id='word_1_150' title='bbox 1593 1913 1803 1955; x_wconf 91' lang='lat' dir='ltr'>meam</span> <span class='ocrx_word' id='word_1_151' title='bbox 1833 1912 2194 1976; x_wconf 87' lang='lat' dir='ltr'>numquam</span> <span class='ocrx_word' id='word_1_152' title='bbox 2221 1890 2473 1956; x_wconf 83' lang='lat' dir='ltr'>vidisse</span> <span class='ocrx_word' id='word_1_153' title='bbox 2502 1890 2820 1957; x_wconf 81' lang='lat' dir='ltr'>videatur.</span> 
     </span>
     <span class='ocr_line' id='line_1_16' title="bbox 609 1989 2822 2076; baseline 0.002 -25"><span class='ocrx_word' id='word_1_154' title='bbox 609 1990 677 2052; x_wconf 89' lang='lat' dir='ltr'>iu</span> <span class='ocrx_word' id='word_1_155' title='bbox 704 1990 999 2054; x_wconf 89' lang='lat' dir='ltr'>Lucretii</span> <span class='ocrx_word' id='word_1_156' title='bbox 1029 2011 1230 2053; x_wconf 87' lang='lat' dir='ltr'>versu</span> <span class='ocrx_word' id='word_1_157' title='bbox 1259 1989 1588 2053; x_wconf 86' lang='lat' dir='ltr'>Marullus</span> <span class='ocrx_word' id='word_1_158' title='bbox 1625 1989 1893 2074; x_wconf 84' lang='lat' dir='ltr'>scripsit</span> <span class='ocrx_word' id='word_1_159' title='bbox 1926 1991 2151 2075; x_wconf 69' lang='lat' dir='ltr'>,species</span> <span class='ocrx_word' id='word_1_160' title='bbox 2178 2013 2336 2076; x_wconf 76' lang='lat' dir='ltr'>quae</span> <span class='ocrx_word' id='word_1_161' title='bbox 2364 1992 2703 2055; x_wconf 68' lang='lat' dir='ltr'>transvolat</span> <span class='ocrx_word' id='word_1_162' title='bbox 2723 2014 2822 2055; x_wconf 89' lang='lat' dir='ltr'>om·</span> 
     </span>
     <span class='ocr_line' id='line_1_17' title="bbox 608 2088 2823 2174; baseline -0 -22"><span class='ocrx_word' id='word_1_163' title='bbox 608 2090 707 2152; x_wconf 75' lang='lat' dir='ltr'>nis</span> <span class='ocrx_word' id='word_1_164' title='bbox 731 2137 748 2169; x_wconf 86' lang='lat'><em>,</em></span> <span class='ocrx_word' id='word_1_165' title='bbox 795 2110 1016 2173; x_wconf 89' lang='lat' dir='ltr'>neque</span> <span class='ocrx_word' id='word_1_166' title='bbox 1061 2089 1414 2174; x_wconf 88' lang='lat' dir='ltr'>quisquam</span> <span class='ocrx_word' id='word_1_167' title='bbox 1454 2095 1619 2174; x_wconf 89' lang='lat' dir='ltr'>post</span> <span class='ocrx_word' id='word_1_168' title='bbox 1659 2109 1807 2150; x_wconf 89' lang='lat' dir='ltr'>eum</span> <span class='ocrx_word' id='word_1_169' title='bbox 1850 2112 1977 2174; x_wconf 79' lang='lat' dir='ltr'>qua</span> <span class='ocrx_word' id='word_1_170' title='bbox 2001 2137 2019 2167; x_wconf 88' lang='lat'><em>,</em></span> <span class='ocrx_word' id='word_1_171' title='bbox 2074 2088 2261 2172; x_wconf 88' lang='lat' dir='ltr'>quod</span> <span class='ocrx_word' id='word_1_172' title='bbox 2302 2088 2450 2152; x_wconf 90' lang='lat' dir='ltr'>libri</span> <span class='ocrx_word' id='word_1_173' title='bbox 2496 2089 2823 2160; x_wconf 74' lang='lat' dir='ltr'>exhibent,</span> 
     </span>
     <span class='ocr_line' id='line_1_18' title="bbox 610 2184 2825 2271; baseline -0 -21"><span class='ocrx_word' id='word_1_174' title='bbox 610 2186 907 2251; x_wconf 89' lang='lat' dir='ltr'>restituit</span> <span class='ocrx_word' id='word_1_175' title='bbox 927 2236 940 2249; x_wconf 96' lang='lat'>.</span> <span class='ocrx_word' id='word_1_176' title='bbox 971 2186 1131 2250; x_wconf 89' lang='lat' dir='ltr'>mihi</span> <span class='ocrx_word' id='word_1_177' title='bbox 1165 2186 1328 2249; x_wconf 89' lang='lat' dir='ltr'>nihil</span> <span class='ocrx_word' id='word_1_178' title='bbox 1360 2187 1633 2250; x_wconf 87' lang='lat' dir='ltr'>obstare</span> <span class='ocrx_word' id='word_1_179' title='bbox 1662 2184 1931 2250; x_wconf 86' lang='lat' dir='ltr'>videtur</span> <span class='ocrx_word' id='word_1_180' title='bbox 1963 2208 2097 2271; x_wconf 92' lang='lat' dir='ltr'>quo</span> <span class='ocrx_word' id='word_1_181' title='bbox 2127 2188 2341 2251; x_wconf 90' lang='lat' dir='ltr'>minus</span> <span class='ocrx_word' id='word_1_182' title='bbox 2370 2188 2519 2250; x_wconf 77' lang='lat' dir='ltr'>illac</span> <span class='ocrx_word' id='word_1_183' title='bbox 2547 2189 2825 2252; x_wconf 63' lang='lat' dir='ltr'>tran-olore</span> 
     </span>
     <span class='ocr_line' id='line_1_19' title="bbox 613 2284 2821 2372; baseline 0 -24"><span class='ocrx_word' id='word_1_184' title='bbox 613 2284 874 2349; x_wconf 75' lang='lat' dir='ltr'>dicatur</span> <span class='ocrx_word' id='word_1_185' title='bbox 912 2285 1171 2371; x_wconf 87' lang='lat' dir='ltr'>species</span> <span class='ocrx_word' id='word_1_186' title='bbox 1205 2333 1218 2347; x_wconf 92' lang='lat'>.</span> <span class='ocrx_word' id='word_1_187' title='bbox 1257 2285 1356 2347; x_wconf 87' lang='lat' dir='ltr'>ita</span> <span class='ocrx_word' id='word_1_188' title='bbox 1384 2284 1452 2346; x_wconf 89' lang='lat' dir='ltr'>in</span> <span class='ocrx_word' id='word_1_189' title='bbox 1480 2307 1570 2360; x_wconf 71' lang='grc' dir='ltr'>Ἦ,</span> <span class='ocrx_word' id='word_1_190' title='bbox 1589 2285 1712 2348; x_wconf 87' lang='grc'>349</span> <span class='ocrx_word' id='word_1_191' title='bbox 1726 2285 2147 2372; x_wconf 75' lang='lat' dir='ltr'>foraminibus</span> <span class='ocrx_word' id='word_1_192' title='bbox 2175 2286 2443 2371; x_wconf 70' lang='lat' dir='ltr'>liquidus</span> <span class='ocrx_word' id='word_1_193' title='bbox 2472 2287 2621 2372; x_wconf 75' lang='lat' dir='ltr'>quia</span> <span class='ocrx_word' id='word_1_194' title='bbox 2650 2298 2821 2350; x_wconf 69' lang='lat' dir='ltr'>mms-</span> 
     </span>
     <span class='ocr_line' id='line_1_20' title="bbox 609 2382 1860 2469; baseline 0 -23"><span class='ocrx_word' id='word_1_195' title='bbox 609 2385 770 2448; x_wconf 69' lang='lat' dir='ltr'>volat</span> <span class='ocrx_word' id='word_1_196' title='bbox 795 2386 987 2469; x_wconf 66' lang='grc' dir='ltr'>ἐφιὶε,</span> <span class='ocrx_word' id='word_1_197' title='bbox 1015 2383 1131 2447; x_wconf 90' lang='lat' dir='ltr'>ubi</span> <span class='ocrx_word' id='word_1_198' title='bbox 1157 2382 1327 2446; x_wconf 88' lang='lat' dir='ltr'>male</span> <span class='ocrx_word' id='word_1_199' title='bbox 1356 2382 1508 2446; x_wconf 89' lang='lat' dir='ltr'>libri</span> <span class='ocrx_word' id='word_1_200' title='bbox 1539 2385 1860 2446; x_wconf 68' lang='lat' dir='ltr'>transviat.</span> 
     </span>
    </p>

    <p class='ocr_par' dir='ltr' id='par_1_3' title="bbox 610 2479 2823 2657">
     <span class='ocr_line' id='line_1_21' title="bbox 778 2479 2823 2566; baseline -0.002 -18"><span class='ocrx_word' id='word_1_201' title='bbox 778 2484 917 2548; x_wconf 87' lang='grc'>603.</span> <span class='ocrx_word' id='word_1_202' title='bbox 965 2504 1263 2545; x_wconf 73' lang='lat' dir='ltr'>rAnr1s</span> <span class='ocrx_word' id='word_1_203' title='bbox 1307 2505 1388 2544; x_wconf 77' lang='lat' dir='ltr'>m</span> <span class='ocrx_word' id='word_1_204' title='bbox 1432 2505 1743 2547; x_wconf 48' lang='lat' dir='ltr'>cunc-rix</span> <span class='ocrx_word' id='word_1_205' title='bbox 1778 2531 1792 2545; x_wconf 91' lang='lat'>.</span> <span class='ocrx_word' id='word_1_206' title='bbox 1836 2482 2198 2545; x_wconf 88' lang='lat' dir='ltr'>Corrector</span> <span class='ocrx_word' id='word_1_207' title='bbox 2227 2479 2543 2566; x_wconf 84' lang='lat' dir='ltr'>quadrati</span> <span class='ocrx_word' id='word_1_208' title='bbox 2573 2530 2590 2554; x_wconf 91' lang='lat'>‚</span> <span class='ocrx_word' id='word_1_209' title='bbox 2635 2481 2823 2545; x_wconf 75' lang='lat' dir='ltr'>Anto·</span> 
     </span>
     <span class='ocr_line' id='line_1_22' title="bbox 610 2580 1679 2657; baseline -0.001 -14"><span class='ocrx_word' id='word_1_210' title='bbox 610 2581 794 2657; x_wconf 89' lang='lat' dir='ltr'>nius,</span> <span class='ocrx_word' id='word_1_211' title='bbox 830 2580 1230 2655; x_wconf 76' lang='lat' dir='ltr'>Brixiensi8‚</span> <span class='ocrx_word' id='word_1_212' title='bbox 1277 2602 1643 2645; x_wconf 53' lang='lat' dir='ltr'>omiseras</span> <span class='ocrx_word' id='word_1_213' title='bbox 1666 2629 1679 2642; x_wconf 92' lang='lat'>.</span> 
     </span>
    </p>

    <p class='ocr_par' dir='ltr' id='par_1_4' title="bbox 609 2677 2829 4437">
     <span class='ocr_line' id='line_1_23' title="bbox 777 2677 2823 2756; baseline -0.001 -15"><span class='ocrx_word' id='word_1_214' title='bbox 777 2679 916 2742; x_wconf 90' lang='grc'>604.</span> <span class='ocrx_word' id='word_1_215' title='bbox 962 2699 1439 2741; x_wconf 66' lang='lat' dir='ltr'>omnuim-un</span> <span class='ocrx_word' id='word_1_216' title='bbox 1469 2728 1484 2756; x_wconf 89' lang='lat'>‚</span> <span class='ocrx_word' id='word_1_217' title='bbox 1532 2701 1787 2743; x_wconf 68' lang='lat' dir='ltr'>unum</span> <span class='ocrx_word' id='word_1_218' title='bbox 1834 2678 2271 2742; x_wconf 72' lang='lat' dir='ltr'>D1ssinu1r</span> <span class='ocrx_word' id='word_1_219' title='bbox 2322 2699 2577 2741; x_wconf 70' lang='lat' dir='ltr'>snum.</span> <span class='ocrx_word' id='word_1_220' title='bbox 2607 2727 2622 2741; x_wconf 95' lang='lat'>.</span> <span class='ocrx_word' id='word_1_221' title='bbox 2671 2677 2823 2756; x_wconf 83' lang='lat' dir='ltr'>Qua·</span> 
     </span>
     <span class='ocr_line' id='line_1_24' title="bbox 613 2774 2825 2861; baseline -0.002 -20"><span class='ocrx_word' id='word_1_222' title='bbox 613 2776 848 2841; x_wconf 90' lang='lat' dir='ltr'>dratus</span> <span class='ocrx_word' id='word_1_223' title='bbox 878 2776 1186 2840; x_wconf 68' lang='lat' dir='ltr'>Dissuluit</span> <span class='ocrx_word' id='word_1_224' title='bbox 1218 2825 1230 2839; x_wconf 94' lang='lat'>.</span> <span class='ocrx_word' id='word_1_225' title='bbox 1273 2776 1473 2840; x_wconf 91' lang='lat' dir='ltr'>huius</span> <span class='ocrx_word' id='word_1_226' title='bbox 1504 2785 1850 2841; x_wconf 90' lang='lat' dir='ltr'>corrector</span> <span class='ocrx_word' id='word_1_227' title='bbox 1878 2777 1983 2839; x_wconf 79' lang='lat' dir='ltr'>ubi</span> <span class='ocrx_word' id='word_1_228' title='bbox 2012 2798 2169 2839; x_wconf 74' lang='lat' dir='ltr'>UNA</span> <span class='ocrx_word' id='word_1_229' title='bbox 2202 2824 2217 2850; x_wconf 87' lang='lat'>‚</span> <span class='ocrx_word' id='word_1_230' title='bbox 2264 2774 2453 2860; x_wconf 86' lang='lat' dir='ltr'>quod</span> <span class='ocrx_word' id='word_1_231' title='bbox 2480 2775 2663 2839; x_wconf 89' lang='lat' dir='ltr'>idem</span> <span class='ocrx_word' id='word_1_232' title='bbox 2688 2789 2825 2861; x_wconf 85' lang='lat' dir='ltr'>post</span> 
     </span>
     <span class='ocr_line' id='line_1_25' title="bbox 614 2873 2824 2961; baseline -0.002 -23"><span class='ocrx_word' id='word_1_233' title='bbox 614 2897 762 2938; x_wconf 88' lang='lat' dir='ltr'>eum</span> <span class='ocrx_word' id='word_1_234' title='bbox 792 2873 1115 2939; x_wconf 89' lang='lat' dir='ltr'>Lambiuo</span> <span class='ocrx_word' id='word_1_235' title='bbox 1146 2875 1431 2961; x_wconf 87' lang='lat' dir='ltr'>placuit.</span> <span class='ocrx_word' id='word_1_236' title='bbox 1467 2875 1683 2939; x_wconf 91' lang='lat' dir='ltr'>minus</span> <span class='ocrx_word' id='word_1_237' title='bbox 1713 2876 1887 2939; x_wconf 89' lang='lat' dir='ltr'>bene</span> <span class='ocrx_word' id='word_1_238' title='bbox 1917 2874 2244 2938; x_wconf 88' lang='lat' dir='ltr'>Marullus</span> <span class='ocrx_word' id='word_1_239' title='bbox 2272 2875 2378 2938; x_wconf 81' lang='lat' dir='ltr'>ubi</span> <span class='ocrx_word' id='word_1_240' title='bbox 2405 2875 2537 2937; x_wconf 81' lang='lat' dir='ltr'>iam</span> <span class='ocrx_word' id='word_1_241' title='bbox 2555 2924 2569 2937; x_wconf 92' lang='lat'>.</span> <span class='ocrx_word' id='word_1_242' title='bbox 2599 2874 2741 2938; x_wconf 84' lang='lat' dir='ltr'>Itali</span> <span class='ocrx_word' id='word_1_243' title='bbox 2768 2883 2824 2934; x_wconf 84' lang='lat' dir='ltr'>et</span> 
     </span>
     <span class='ocr_line' id='line_1_26' title="bbox 612 2972 2824 3060; baseline -0.001 -22"><span class='ocrx_word' id='word_1_244' title='bbox 612 2975 766 3038; x_wconf 88' lang='lat' dir='ltr'>olim</span> <span class='ocrx_word' id='word_1_245' title='bbox 793 2973 1101 3060; x_wconf 89' lang='lat' dir='ltr'>impressi</span> <span class='ocrx_word' id='word_1_246' title='bbox 1130 2974 1234 3037; x_wconf 68' lang='lat' dir='ltr'>ubi</span> <span class='ocrx_word' id='word_1_247' title='bbox 1260 2997 1408 3037; x_wconf 77' lang='lat' dir='ltr'>nam</span> <span class='ocrx_word' id='word_1_248' title='bbox 1439 3023 1453 3037; x_wconf 90' lang='lat'>.</span> <span class='ocrx_word' id='word_1_249' title='bbox 1494 2996 1582 3037; x_wconf 90' lang='lat' dir='ltr'>ne</span> <span class='ocrx_word' id='word_1_250' title='bbox 1619 2973 1753 3037; x_wconf 89' lang='lat' dir='ltr'>hoc</span> <span class='ocrx_word' id='word_1_251' title='bbox 1785 2972 2053 3059; x_wconf 89' lang='lat' dir='ltr'>quidem</span> <span class='ocrx_word' id='word_1_252' title='bbox 2075 2972 2498 3037; x_wconf 83' lang='lat' dir='ltr'>Wakefieldo</span> <span class='ocrx_word' id='word_1_253' title='bbox 2528 2973 2717 3036; x_wconf 85' lang='lat' dir='ltr'>nimis</span> <span class='ocrx_word' id='word_1_254' title='bbox 2741 2972 2824 3034; x_wconf 88' lang='lat' dir='ltr'>in·</span> 
     </span>
     <span class='ocr_line' id='line_1_27' title="bbox 613 3072 2822 3157; baseline -0.004 -19"><span class='ocrx_word' id='word_1_255' title='bbox 613 3095 846 3138; x_wconf 88' lang='lat' dir='ltr'>sanum</span> <span class='ocrx_word' id='word_1_256' title='bbox 874 3073 1090 3138; x_wconf 85' lang='lat' dir='ltr'>visum</span> <span class='ocrx_word' id='word_1_257' title='bbox 1122 3080 1228 3136; x_wconf 90' lang='lat' dir='ltr'>est</span> <span class='ocrx_word' id='word_1_258' title='bbox 1245 3120 1261 3147; x_wconf 87' lang='lat'><strong>‚</strong></span> <span class='ocrx_word' id='word_1_259' title='bbox 1292 3073 1598 3156; x_wconf 85' lang='lat' dir='ltr'>quamvis</span> <span class='ocrx_word' id='word_1_260' title='bbox 1623 3072 2192 3136; x_wconf 86' lang='lat' dir='ltr'>constructionem</span> <span class='ocrx_word' id='word_1_261' title='bbox 2213 3077 2599 3157; x_wconf 83' lang='lat' dir='ltr'>pervertat,</span> <span class='ocrx_word' id='word_1_262' title='bbox 2627 3089 2822 3154; x_wconf 84' lang='lat' dir='ltr'>neque</span> 
     </span>
     <span class='ocr_line' id='line_1_28' title="bbox 612 3167 2824 3256; baseline -0.003 -20"><span class='ocrx_word' id='word_1_263' title='bbox 612 3180 768 3236; x_wconf 88' lang='lat' dir='ltr'>ante</span> <span class='ocrx_word' id='word_1_264' title='bbox 795 3171 1121 3235; x_wconf 86' lang='lat' dir='ltr'>Catullum</span> <span class='ocrx_word' id='word_1_265' title='bbox 1145 3169 1513 3256; x_wconf 86' lang='lat' dir='ltr'>Vergilium</span> <span class='ocrx_word' id='word_1_266' title='bbox 1539 3169 1892 3234; x_wconf 86' lang='lat' dir='ltr'>Horatium</span> <span class='ocrx_word' id='word_1_267' title='bbox 1920 3193 2067 3234; x_wconf 77' lang='lat' dir='ltr'>nam</span> <span class='ocrx_word' id='word_1_268' title='bbox 2097 3169 2633 3234; x_wconf 88' lang='lat' dir='ltr'>coniunctionem</span> <span class='ocrx_word' id='word_1_269' title='bbox 2664 3167 2824 3254; x_wconf 85' lang='lat' dir='ltr'>quis-</span> 
     </span>
     <span class='ocr_line' id='line_1_29' title="bbox 614 3263 2823 3355; baseline -0.004 -22"><span class='ocrx_word' id='word_1_270' title='bbox 614 3291 812 3355; x_wconf 88' lang='lat' dir='ltr'>quam</span> <span class='ocrx_word' id='word_1_271' title='bbox 853 3269 1008 3333; x_wconf 90' lang='lat' dir='ltr'>alibi</span> <span class='ocrx_word' id='word_1_272' title='bbox 1049 3289 1248 3353; x_wconf 86' lang='lat' dir='ltr'>quam</span> <span class='ocrx_word' id='word_1_273' title='bbox 1288 3269 1356 3331; x_wconf 90' lang='lat' dir='ltr'>in</span> <span class='ocrx_word' id='word_1_274' title='bbox 1385 3269 1537 3354; x_wconf 90' lang='lat' dir='ltr'>ipso</span> <span class='ocrx_word' id='word_1_275' title='bbox 1569 3269 1940 3332; x_wconf 89' lang='lat' dir='ltr'>sententiae</span> <span class='ocrx_word' id='word_1_276' title='bbox 1968 3268 2156 3332; x_wconf 89' lang='lat' dir='ltr'>initio</span> <span class='ocrx_word' id='word_1_277' title='bbox 2187 3267 2493 3355; x_wconf 89' lang='lat' dir='ltr'>posuerit</span> <span class='ocrx_word' id='word_1_278' title='bbox 2520 3317 2533 3334; x_wconf 90' lang='lat'>.</span> <span class='ocrx_word' id='word_1_279' title='bbox 2578 3288 2725 3330; x_wconf 86' lang='lat' dir='ltr'>nam</span> <span class='ocrx_word' id='word_1_280' title='bbox 2752 3263 2823 3326; x_wconf 84' lang='lat' dir='ltr'>de</span> 
     </span>
     <span class='ocr_line' id='line_1_30' title="bbox 610 3363 2826 3452; baseline -0.003 -20"><span class='ocrx_word' id='word_1_281' title='bbox 610 3368 833 3432; x_wconf 86' lang='lat' dir='ltr'>Plauti</span> <span class='ocrx_word' id='word_1_282' title='bbox 871 3390 1072 3430; x_wconf 82' lang='lat' dir='ltr'>versu</span> <span class='ocrx_word' id='word_1_283' title='bbox 1117 3368 1231 3452; x_wconf 93' lang='lat' dir='ltr'>qui</span> <span class='ocrx_word' id='word_1_284' title='bbox 1272 3376 1379 3431; x_wconf 87' lang='lat' dir='ltr'>est</span> <span class='ocrx_word' id='word_1_285' title='bbox 1416 3368 1486 3429; x_wconf 91' lang='lat' dir='ltr'>in</span> <span class='ocrx_word' id='word_1_286' title='bbox 1526 3367 1738 3431; x_wconf 90' lang='lat' dir='ltr'>Milite</span> <span class='ocrx_word' id='word_1_287' title='bbox 1782 3391 1871 3442; x_wconf 77' lang='grc' dir='ltr'>ιν,</span> <span class='ocrx_word' id='word_1_288' title='bbox 1897 3367 1955 3442; x_wconf 86' lang='grc'>9,</span> <span class='ocrx_word' id='word_1_289' title='bbox 1985 3366 2024 3429; x_wconf 86' lang='grc'>2</span> <span class='ocrx_word' id='word_1_290' title='bbox 2064 3364 2335 3430; x_wconf 87' lang='lat' dir='ltr'>Handio</span> <span class='ocrx_word' id='word_1_291' title='bbox 2376 3367 2445 3431; x_wconf 88' lang='lat' dir='ltr'>iu</span> <span class='ocrx_word' id='word_1_292' title='bbox 2489 3363 2826 3430; x_wconf 85' lang='lat' dir='ltr'>Turselliui</span> 
     </span>
     <span class='ocr_line' id='line_1_31' title="bbox 612 3463 2824 3551; baseline -0.003 -22"><span class='ocrx_word' id='word_1_293' title='bbox 612 3473 794 3529; x_wconf 91' lang='lat' dir='ltr'>tomo</span> <span class='ocrx_word' id='word_1_294' title='bbox 819 3488 891 3528; x_wconf 87' lang='lat' dir='ltr'>1v</span> <span class='ocrx_word' id='word_1_295' title='bbox 915 3487 978 3550; x_wconf 91' lang='lat' dir='ltr'>p.</span> <span class='ocrx_word' id='word_1_296' title='bbox 998 3464 1036 3528; x_wconf 88' lang='lat'><strong>3</strong></span> <span class='ocrx_word' id='word_1_297' title='bbox 1068 3465 1373 3529; x_wconf 89' lang='lat' dir='ltr'>codicum</span> <span class='ocrx_word' id='word_1_298' title='bbox 1417 3466 1789 3551; x_wconf 85' lang='lat' dir='ltr'>scripturae</span> <span class='ocrx_word' id='word_1_299' title='bbox 1832 3464 2225 3529; x_wconf 87' lang='lat' dir='ltr'>adhaerenti</span> <span class='ocrx_word' id='word_1_300' title='bbox 2256 3463 2533 3529; x_wconf 87' lang='lat' dir='ltr'>credere</span> <span class='ocrx_word' id='word_1_301' title='bbox 2562 3486 2681 3550; x_wconf 84' lang='lat' dir='ltr'>per</span> <span class='ocrx_word' id='word_1_302' title='bbox 2707 3482 2824 3525; x_wconf 88' lang='lat' dir='ltr'>me·</span> 
     </span>
     <span class='ocr_line' id='line_1_32' title="bbox 611 3562 2827 3651; baseline -0.002 -24"><span class='ocrx_word' id='word_1_303' title='bbox 611 3571 788 3627; x_wconf 89' lang='lat' dir='ltr'>trum</span> <span class='ocrx_word' id='word_1_304' title='bbox 829 3584 968 3626; x_wconf 90' lang='lat' dir='ltr'>non</span> <span class='ocrx_word' id='word_1_305' title='bbox 1007 3562 1162 3627; x_wconf 92' lang='lat' dir='ltr'>licet</span> <span class='ocrx_word' id='word_1_306' title='bbox 1192 3588 1206 3627; x_wconf 72' lang='grc' dir='ltr'>ε</span> <span class='ocrx_word' id='word_1_307' title='bbox 1248 3571 1481 3651; x_wconf 87' lang='lat' dir='ltr'>potest</span> <span class='ocrx_word' id='word_1_308' title='bbox 1523 3564 1725 3628; x_wconf 89' lang='lat' dir='ltr'>scribi</span> <span class='ocrx_word' id='word_1_309' title='bbox 1758 3563 1896 3649; x_wconf 63' lang='lat' dir='ltr'>Ego</span> <span class='ocrx_word' id='word_1_310' title='bbox 1922 3565 2049 3627; x_wconf 79' lang='lat' dir='ltr'>iam</span> <span class='ocrx_word' id='word_1_311' title='bbox 2076 3564 2205 3627; x_wconf 81' lang='lat' dir='ltr'>iam</span> <span class='ocrx_word' id='word_1_312' title='bbox 2234 3565 2581 3628; x_wconf 76' lang='lat' dir='ltr'>conveniam</span> <span class='ocrx_word' id='word_1_313' title='bbox 2618 3564 2827 3638; x_wconf 74' lang='lat' dir='ltr'>illunc,</span> 
     </span>
     <span class='ocr_line' id='line_1_33' title="bbox 610 3661 2827 3747; baseline -0.002 -22"><span class='ocrx_word' id='word_1_314' title='bbox 610 3662 715 3725; x_wconf 71' lang='lat' dir='ltr'>ubi</span> <span class='ocrx_word' id='word_1_315' title='bbox 753 3662 860 3724; x_wconf 73' lang='lat' dir='ltr'>ubi</span> <span class='ocrx_word' id='word_1_316' title='bbox 900 3673 986 3725; x_wconf 79' lang='lat' dir='ltr'>est</span> <span class='ocrx_word' id='word_1_317' title='bbox 1016 3664 1285 3747; x_wconf 69' lang='lat' dir='ltr'>yoniimn</span> <span class='ocrx_word' id='word_1_318' title='bbox 1314 3712 1327 3725; x_wconf 92' lang='lat'>.</span> <span class='ocrx_word' id='word_1_319' title='bbox 1372 3662 1457 3725; x_wconf 90' lang='lat' dir='ltr'>de</span> <span class='ocrx_word' id='word_1_320' title='bbox 1486 3662 1799 3726; x_wconf 88' lang='lat' dir='ltr'>Dirarum</span> <span class='ocrx_word' id='word_1_321' title='bbox 1843 3670 2065 3725; x_wconf 89' lang='lat' dir='ltr'>autem</span> <span class='ocrx_word' id='word_1_322' title='bbox 2094 3661 2429 3747; x_wconf 88' lang='lat' dir='ltr'>scriptore</span> <span class='ocrx_word' id='word_1_323' title='bbox 2462 3709 2479 3734; x_wconf 84' lang='lat'>,</span> <span class='ocrx_word' id='word_1_324' title='bbox 2525 3662 2706 3726; x_wconf 86' lang='lat' dir='ltr'>cuius</span> <span class='ocrx_word' id='word_1_325' title='bbox 2734 3667 2827 3722; x_wconf 83' lang='lat' dir='ltr'>est</span> 
     </span>
     <span class='ocr_line' id='line_1_34' title="bbox 617 3757 2828 3847; baseline -0.003 -23"><span class='ocrx_word' id='word_1_326' title='bbox 617 3760 733 3824; x_wconf 81' lang='lat'>115</span> <span class='ocrx_word' id='word_1_327' title='bbox 765 3761 956 3825; x_wconf 81' lang='lat' dir='ltr'>Dulci</span> <span class='ocrx_word' id='word_1_328' title='bbox 981 3784 1247 3847; x_wconf 78' lang='lat' dir='ltr'>namque</span> <span class='ocrx_word' id='word_1_329' title='bbox 1276 3772 1488 3841; x_wconf 59' lang='lat' dir='ltr'>namet,</span> <span class='ocrx_word' id='word_1_330' title='bbox 1534 3761 1863 3825; x_wconf 88' lang='lat' dir='ltr'>Merkelio</span> <span class='ocrx_word' id='word_1_331' title='bbox 1898 3770 1964 3824; x_wconf 90' lang='lat' dir='ltr'>et</span> <span class='ocrx_word' id='word_1_332' title='bbox 1994 3760 2291 3846; x_wconf 83' lang='lat' dir='ltr'>Hauptio</span> <span class='ocrx_word' id='word_1_333' title='bbox 2338 3759 2696 3833; x_wconf 79' lang='lat' dir='ltr'>assentior,</span> <span class='ocrx_word' id='word_1_334' title='bbox 2726 3757 2828 3842; x_wconf 85' lang='lat' dir='ltr'>qui</span> 
     </span>
     <span class='ocr_line' id='line_1_35' title="bbox 614 3853 2825 3945; baseline -0.002 -22"><span class='ocrx_word' id='word_1_335' title='bbox 614 3881 761 3923; x_wconf 90' lang='lat' dir='ltr'>eum</span> <span class='ocrx_word' id='word_1_336' title='bbox 793 3857 1090 3945; x_wconf 88' lang='lat' dir='ltr'>Vergilio</span> <span class='ocrx_word' id='word_1_337' title='bbox 1120 3880 1350 3943; x_wconf 86' lang='lat' dir='ltr'>parem</span> <span class='ocrx_word' id='word_1_338' title='bbox 1380 3866 1602 3924; x_wconf 87' lang='lat' dir='ltr'>aetate</span> <span class='ocrx_word' id='word_1_339' title='bbox 1631 3859 1884 3925; x_wconf 82' lang='lat' dir='ltr'>faciunt</span> <span class='ocrx_word' id='word_1_340' title='bbox 1915 3908 1929 3934; x_wconf 85' lang='lat'>‚</span> <span class='ocrx_word' id='word_1_341' title='bbox 1975 3859 2141 3922; x_wconf 88' lang='lat' dir='ltr'>alter</span> <span class='ocrx_word' id='word_1_342' title='bbox 2170 3857 2261 3922; x_wconf 88' lang='lat' dir='ltr'>ad</span> <span class='ocrx_word' id='word_1_343' title='bbox 2290 3858 2435 3926; x_wconf 87' lang='lat' dir='ltr'>Ibin</span> <span class='ocrx_word' id='word_1_344' title='bbox 2464 3881 2527 3942; x_wconf 89' lang='lat' dir='ltr'>p.</span> <span class='ocrx_word' id='word_1_345' title='bbox 2544 3857 2665 3920; x_wconf 78' lang='lat'>364</span> <span class='ocrx_word' id='word_1_346' title='bbox 2695 3903 2710 3929; x_wconf 82' lang='lat'>‚</span> <span class='ocrx_word' id='word_1_347' title='bbox 2744 3853 2825 3918; x_wconf 85' lang='lat' dir='ltr'>al·</span> 
     </span>
     <span class='ocr_line' id='line_1_36' title="bbox 612 3953 2829 4043; baseline -0.002 -23"><span class='ocrx_word' id='word_1_348' title='bbox 612 3964 717 4020; x_wconf 87' lang='lat' dir='ltr'>ter</span> <span class='ocrx_word' id='word_1_349' title='bbox 745 3957 812 4020; x_wconf 92' lang='lat' dir='ltr'>in</span> <span class='ocrx_word' id='word_1_350' title='bbox 843 3956 1425 4021; x_wconf 88' lang='lat' dir='ltr'>observationibus</span> <span class='ocrx_word' id='word_1_351' title='bbox 1466 3958 1713 4024; x_wconf 86' lang='lat' dir='ltr'>criticis</span> <span class='ocrx_word' id='word_1_352' title='bbox 1744 3981 1806 4043; x_wconf 87' lang='lat' dir='ltr'>p.</span> <span class='ocrx_word' id='word_1_353' title='bbox 1826 3958 1940 4020; x_wconf 82' lang='lat'>47.</span> <span class='ocrx_word' id='word_1_354' title='bbox 1972 3964 2323 4043; x_wconf 86' lang='lat' dir='ltr'>praeterea</span> <span class='ocrx_word' id='word_1_355' title='bbox 2352 3953 2829 4021; x_wconf 85' lang='lat' dir='ltr'>observandum</span> 
     </span>
     <span class='ocr_line' id='line_1_37' title="bbox 614 4048 2826 4141; baseline -0.003 -21"><span class='ocrx_word' id='word_1_356' title='bbox 614 4064 719 4120; x_wconf 86' lang='lat' dir='ltr'>est</span> <span class='ocrx_word' id='word_1_357' title='bbox 747 4055 1014 4119; x_wconf 92' lang='lat' dir='ltr'>Tibullo</span> <span class='ocrx_word' id='word_1_358' title='bbox 1052 4055 1188 4119; x_wconf 92' lang='lat' dir='ltr'>hoc</span> <span class='ocrx_word' id='word_1_359' title='bbox 1230 4055 1591 4141; x_wconf 85' lang='lat' dir='ltr'>probatum</span> <span class='ocrx_word' id='word_1_360' title='bbox 1619 4078 1755 4119; x_wconf 89' lang='lat' dir='ltr'>non</span> <span class='ocrx_word' id='word_1_361' title='bbox 1786 4056 1991 4120; x_wconf 84' lang='lat' dir='ltr'>fuisse</span> <span class='ocrx_word' id='word_1_362' title='bbox 2026 4104 2040 4128; x_wconf 85' lang='lat'>,</span> <span class='ocrx_word' id='word_1_363' title='bbox 2082 4054 2151 4118; x_wconf 89' lang='lat' dir='ltr'>in</span> <span class='ocrx_word' id='word_1_364' title='bbox 2182 4054 2372 4119; x_wconf 92' lang='lat' dir='ltr'>cuius</span> <span class='ocrx_word' id='word_1_365' title='bbox 2401 4055 2561 4118; x_wconf 92' lang='lat' dir='ltr'>libro</span> <span class='ocrx_word' id='word_1_366' title='bbox 2589 4052 2739 4127; x_wconf 80' lang='lat'>11‚4‚</span> <span class='ocrx_word' id='word_1_367' title='bbox 2762 4048 2826 4114; x_wconf 83' lang='lat'>12</span> 
     </span>
     <span class='ocr_line' id='line_1_38' title="bbox 609 4152 2825 4239; baseline -0.002 -22"><span class='ocrx_word' id='word_1_368' title='bbox 609 4156 677 4217; x_wconf 89' lang='lat' dir='ltr'>in</span> <span class='ocrx_word' id='word_1_369' title='bbox 709 4154 1043 4239; x_wconf 74' lang='lat' dir='ltr'>excel-&#39;ptis</span> <span class='ocrx_word' id='word_1_370' title='bbox 1072 4152 1561 4218; x_wconf 87' lang='lat' dir='ltr'>Parisiensibus</span> <span class='ocrx_word' id='word_1_371' title='bbox 1595 4161 1700 4218; x_wconf 91' lang='lat' dir='ltr'>est</span> <span class='ocrx_word' id='word_1_372' title='bbox 1736 4154 1958 4219; x_wconf 78' lang='lat' dir='ltr'>Omnia</span> <span class='ocrx_word' id='word_1_373' title='bbox 1986 4177 2147 4216; x_wconf 78' lang='lat' dir='ltr'>nunc</span> <span class='ocrx_word' id='word_1_374' title='bbox 2174 4201 2192 4232; x_wconf 86' lang='lat'>‚</span> <span class='ocrx_word' id='word_1_375' title='bbox 2238 4175 2373 4217; x_wconf 89' lang='lat' dir='ltr'>non</span> <span class='ocrx_word' id='word_1_376' title='bbox 2412 4152 2629 4217; x_wconf 73' lang='lat' dir='ltr'>Omnia</span> <span class='ocrx_word' id='word_1_377' title='bbox 2658 4173 2825 4214; x_wconf 79' lang='lat' dir='ltr'>nam.</span> 
     </span>
     <span class='ocr_line' id='line_1_39' title="bbox 611 4246 2827 4340; baseline -0.004 -24"><span class='ocrx_word' id='word_1_378' title='bbox 611 4252 999 4340; x_wconf 80' lang='lat' dir='ltr'>Lygdamus</span> <span class='ocrx_word' id='word_1_379' title='bbox 1046 4273 1210 4316; x_wconf 81' lang='lat' dir='ltr'>vero</span> <span class='ocrx_word' id='word_1_380' title='bbox 1254 4253 1322 4315; x_wconf 92' lang='lat' dir='ltr'>in</span> <span class='ocrx_word' id='word_1_381' title='bbox 1368 4252 1500 4317; x_wconf 85' lang='lat' dir='ltr'>hoc</span> <span class='ocrx_word' id='word_1_382' title='bbox 1546 4260 1622 4316; x_wconf 90' lang='lat' dir='ltr'>ut</span> <span class='ocrx_word' id='word_1_383' title='bbox 1662 4253 1731 4319; x_wconf 90' lang='lat' dir='ltr'>in</span> <span class='ocrx_word' id='word_1_384' title='bbox 1779 4253 1923 4318; x_wconf 88' lang='lat' dir='ltr'>aliis</span> <span class='ocrx_word' id='word_1_385' title='bbox 1969 4274 2009 4315; x_wconf 86' lang='lat' dir='ltr'>a</span> <span class='ocrx_word' id='word_1_386' title='bbox 2049 4251 2318 4318; x_wconf 88' lang='lat' dir='ltr'>Tibullo</span> <span class='ocrx_word' id='word_1_387' title='bbox 2365 4250 2572 4314; x_wconf 83' lang='lat' dir='ltr'>differt</span> <span class='ocrx_word' id='word_1_388' title='bbox 2610 4273 2626 4312; x_wconf 92' lang='lat'>:</span> <span class='ocrx_word' id='word_1_389' title='bbox 2671 4246 2827 4311; x_wconf 78' lang='lat' dir='ltr'>dixit</span> 
     </span>
     <span class='ocr_line' id='line_1_40' title="bbox 613 4351 1752 4437; baseline 0.002 -24"><span class='ocrx_word' id='word_1_390' title='bbox 613 4352 784 4414; x_wconf 84' lang='lat' dir='ltr'>enim</span> <span class='ocrx_word' id='word_1_391' title='bbox 814 4351 871 4426; x_wconf 86' lang='lat'>4,</span> <span class='ocrx_word' id='word_1_392' title='bbox 890 4352 971 4414; x_wconf 89' lang='grc'>43</span> <span class='ocrx_word' id='word_1_393' title='bbox 1003 4363 1162 4416; x_wconf 77' lang='lat' dir='ltr'>casto</span> <span class='ocrx_word' id='word_1_394' title='bbox 1189 4375 1336 4415; x_wconf 75' lang='lat' dir='ltr'>nam</span> <span class='ocrx_word' id='word_1_395' title='bbox 1369 4354 1482 4415; x_wconf 48' lang='lat' dir='ltr'>vite</span> <span class='ocrx_word' id='word_1_396' title='bbox 1501 4362 1752 4437; x_wconf 51' lang='lat' dir='ltr'>poetae.</span> 
     </span>
    </p>
   </div>
   <div class='ocr_carea' id='block_1_3' title="bbox 2960 4443 2961 4996">
    <p class='ocr_par' dir='ltr' id='par_1_5' title="bbox 2960 4443 2961 4996">
     <span class='ocr_line' id='line_1_41' title="bbox 2960 4443 2961 4996; baseline 0 0"><span class='ocrx_word' id='word_1_397' title='bbox 2960 4443 2961 4996; x_wconf 95' lang='lat' dir='ltr'> </span> 
     </span>
    </p>
   </div>
  </div>
 </body>
</html>
