3042 5192
621 458 756 526 100
1705 455 1766 523 11

627 636 914 699 Utrumne
951 654 1016 696 οε
1057 654 1139 694 an
1181 631 1383 694 malum
1426 630 1753 717 offae-erem
1783 632 2046 695 Aemilio
2073 682 2085 694 .
2133 631 2400 695 tertium
2447 652 2660 717 genus
2700 654 2819 696 non

610 733 739 797 nisi
766 733 835 795 in
862 728 1343 816 monosyllabis
1371 728 1594 792 locum
1621 729 1861 792 habet:
1890 750 2110 815 neque
2141 730 2314 793 enim
2339 728 2603 795 Ennius
2631 732 2821 818 scrip·

613 833 701 896 sit
737 831 858 911 Qui
885 841 1010 893 tum
1048 828 1319 891 vivebant
1357 827 1627 892 homines
1657 839 1837 914 atque
1865 852 2079 891 aevum
2119 829 2378 914 aqebant
2399 877 2420 909 ,
2467 827 2596 892 sed
2627 829 2822 893 Gellio

610 937 786 993 teste
824 928 893 991 in
932 926 1104 1002 xn‚2
1148 926 1408 988 Seneca
1460 926 1530 988 in
1569 924 1785 989 Bruto
1828 925 2169 989 Ciceronis
2212 926 2294 991 58
2340 926 2612 1012 legebat
2667 940 2824 1016 atque

613 1049 827 1091 aevum
856 1024 1170 1110 azy-itabant
1199 1072 1212 1086 .
1251 1023 1321 1086 in
1348 1044 1552 1087 versu
1580 1023 1874 1088 Lucretii
1919 1024 2133 1089 altero
2174 1048 2208 1088 e
2235 1027 2659 1111 praepositio
2691 1029 2825 1112 quia

610 1124 769 1188 ferri
798 1143 935 1186 non
966 1129 1197 1207 potest
1225 1170 1240 1196 ‚
1281 1119 1608 1184 Marullus
1640 1122 1908 1208 scripsit
1936 1134 2032 1198 at,
2058 1122 2520 1189 Wakefieldus
2551 1137 2648 1207 εις
2677 1147 2823 1210 quo·

612 1244 759 1287 rum
786 1221 1010 1283 neutri
1037 1219 1227 1283 locus
1260 1225 1364 1282 est
1390 1219 1519 1282 nisi
1547 1218 1781 1284 addito
1809 1211 1949 1283 sum
1976 1269 1990 1282 .
2033 1241 2241 1306 porro
2271 1222 2497 1287 levibus
2524 1235 2711 1310 atq-ue
2735 1248 2823 1287 ru·

611 1322 808 1384 tundi’
839 1320 1115 1382 admixta
1144 1317 1350 1380 simile
1383 1325 1489 1380 est
1514 1317 1645 1381 illis
1675 1316 1857 1404 apud
1885 1317 2252 1404 Vergilium
2279 1322 2604 1385 monstris
2623 1370 2640 1398 ‚
2672 1342 2822 1406 quae

610 1415 977 1483 iandudum
1006 1422 1371 1502 procurata
1401 1423 1561 1479 sunt
1588 1464 1603 1488 ,
1644 1416 1901 1479 Limina
1929 1427 2216 1480 tector-mn
2246 1429 2304 1482 et
2327 1420 2539 1483 medii’
2566 1420 2638 1482 in
2653 1443 2823 1505 pene-

612 1517 869 1583 tralibus
908 1515 1135 1578 hostem
1157 1561 1175 1593 ,
1218 1513 1387 1577 Inter
1414 1537 1479 1577 se
1508 1515 1721 1577 coiisse
1748 1516 1895 1578 viro’
1924 1525 1982 1578 et
2006 1515 2326 1579 decernere
2349 1516 2537 1604 sen-o
2565 1567 2580 1580 .
2623 1539 2823 1603 neque

610 1623 832 1679 tamen
864 1612 1061 1676 scribi
1090 1617 1320 1696 potest
1339 1659 1354 1686 ‚
1383 1619 1461 1674 ut
1488 1611 1779 1676 Marullo
1813 1621 1881 1677 et
1910 1613 2147 1678 ceteris
2177 1613 2429 1702 placuit
2454 1665 2470 1692 ‚
2498 1617 2726 1680 levibus
2749 1627 2823 1680 at-

610 1736 726 1799 que
753 1710 1029 1775 rotmtdis
1056 1711 1283 1772 mixta:
1311 1730 1466 1772 nam
1492 1709 1606 1772 illa
1628 1732 1917 1799 corpora
1944 1712 2094 1797 ipsa
2112 1711 2408 1777 rotunda
2434 1720 2598 1777 sunt
2615 1763 2631 1789 ‚
2663 1723 2823 1777 certe

604 1811 854 1898 qloboea
893 1807 1016 1871 469
1044 1857 1060 1884 ‚
1100 1828 1321 1892 neque
1362 1809 1637 1872 rotundi-s·
1672 1811 1868 1873 mima
1895 1857 1913 1888 ‚
1957 1808 2083 1873 sed
2117 1811 2311 1874 mima
2352 1834 2582 1897 aspera
2623 1813 2826 1876 levibus

608 1909 764 1973 471.
808 1909 1039 1991 itaque
1078 1906 1247 1969 haec
1286 1905 1497 1969 verba
1526 1955 1541 1983 ‚
1582 1918 1761 1992 atque
1800 1908 2050 1971 natandi
2073 1954 2091 1987 ,
2135 1906 2428 1972 dubitari
2464 1929 2607 1972 non
2639 1907 2824 1972 debet

611 2007 773 2093 quin
815 2027 898 2069 ex
937 2004 1284 2091 superiore
1313 2026 1518 2068 versu
1563 2005 1733 2068 male
1775 2004 2109 2069 inculcata
2137 2009 2272 2069 sint
2302 2030 2316 2068 z
2358 2005 2485 2070 sed
2511 2006 2583 2069 in
2613 2028 2823 2071 eorum

606 2105 827 2168 locum
871 2102 1035 2189 quid
1075 2101 1289 2167 suffici
1329 2102 1578 2167 debeat
1621 2111 1888 2190 praeter
1926 2116 2101 2185 sunt,
2155 2103 2342 2190 quod
2386 2103 2630 2169 deesse
2671 2104 2822 2178 dixi,

609 2204 773 2267 satis
806 2209 992 2267 certo
1024 2202 1339 2266 constitui
1365 2223 1506 2265 non
1526 2209 1768 2288 potest
1797 2251 1811 2265 .
1853 2201 1988 2266 hoc
2027 2210 2248 2266 tamen
2278 2224 2608 2290 apparere
2646 2211 2821 2292 puto,

612 2324 759 2365 cum
789 2308 993 2387 poeta
1030 2301 1143 2365 illa
1180 2301 1354 2365 levia
1393 2308 1596 2385 atque
1637 2298 1933 2364 rotunda
1973 2299 2126 2364 ideo
2168 2300 2399 2365 sudori
2435 2305 2642 2367 maris
2681 2325 2820 2367 con-

609 2401 836 2463 venire
868 2398 1149 2462 dixisset
1177 2400 1344 2485 quod
1368 2398 1831 2487 essetfluvidue,
1859 2420 2038 2462 nunc
2063 2420 2340 2463 necesse
2363 2398 2572 2464 fuisse
2593 2411 2672 2465 ut
2692 2423 2820 2465 cor-

607 2518 777 2585 pora
807 2517 1050 2583 aspera
1091 2504 1159 2559 et
1186 2496 1470 2581 globosa
1500 2496 1559 2559 ei
1586 2520 1709 2561 non
1747 2519 1822 2560 ex
1851 2497 2064 2561 eadem
2093 2521 2282 2563 cama
2310 2497 2554 2563 adesse
2596 2499 2817 2586 signifi-

608 2603 793 2658 caret
820 2643 833 2657 .
890 2615 1098 2679 quare
1140 2592 1299 2657 mihi
1337 2593 1507 2656 haec
1559 2595 1958 2660 sententiam
2011 2597 2175 2660 satis
2224 2603 2408 2660 recte
2465 2599 2818 2683 exprimere

605 2690 953 2766 videntur,
982 2714 1078 2754 ET
1108 2692 1319 2755 levibu’
1347 2713 1517 2755 sum·
1548 2715 1843 2757 Anulum
1874 2695 2051 2779 (sive
2083 2696 2157 2759 de
2184 2695 2385 2780 term)
2416 2697 2696 2761 adnziaeea
2722 2697 2815 2759 do·

604 2793 752 2856 lori-s·
790 2792 1062 2876 Corpora
1092 2842 1107 2858 .
1151 2811 1553 2876 quamquam
1582 2793 1676 2855 sic
1709 2814 1979 2878 quoque
2005 2793 2419 2857 mirationem
2445 2792 2702 2859 faciunt
2723 2794 2818 2857 illa

605 2892 831 2955 doloris
868 2891 1142 2976 Corpora
1171 2938 1189 2970 ,
1231 2911 1404 2975 quae
1453 2904 1612 2955 sunt
1653 2892 2021 2979 pungentia
2070 2914 2308 2956 sensus
2351 2900 2420 2956 et
2470 2892 2816 2957 laedentia.

607 2988 776 3052 haec
807 2988 863 3052 si
893 2989 999 3052 cui
1026 2995 1163 3052 tam
1189 2988 1485 3053 breviter
1517 2987 1648 3053 dici
1684 2990 1988 3075 potuisse
2028 3011 2166 3054 non
2205 2990 2616 3056 videbuntur
2640 3042 2656 3068 ‚
2692 2993 2814 3056 Ζωί-

604 3089 712 3151 bus
754 3108 1025 3173 quoque
1080 3108 1165 3151 ex
1204 3109 1406 3151 versu
1456 3089 1682 3172 priore
1735 3087 1869 3150 huc
1925 3087 2277 3153 aberrasse
2324 3089 2814 3154 existimandum

606 3186 733 3248 erit
759 3207 773 3248 ε
819 3186 1040 3248 omnia
1083 3185 1255 3247 enim
1297 3185 1499 3270 plana
1529 3193 1725 3250 erunt
1752 3234 1767 3260 ‚
1799 3186 1856 3249 si
1882 3186 1978 3249 ita
2017 3187 2381 3252 scribemus
2412 3237 2427 3252 .
2459 3191 2637 3253 Nam
2673 3188 2818 3276 quod

582 3282 863 3371 fluvidus
905 3294 992 3346 est
1015 3330 1034 3361 ,
1074 3306 1107 3346 e
1135 3283 1358 3346 levibus
1402 3295 1582 3370 atque
1620 3285 1903 3347 melundis
1932 3284 2049 3349 Est
2070 3334 2088 3365 ‚
2130 3297 2188 3350 et
2221 3287 2512 3351 sensibu'
2540 3299 2679 3352 stant
2711 3287 2810 3350 ali-

557 3411 566 3420 ·
600 3380 762 3443 unde
791 3380 1068 3443 aohnixca
1099 3378 1317 3445 dolori
1354 3383 1655 3468 Corpora.

772 3475 911 3540 468.
942 3497 1090 3539 Nnc
1129 3498 1395 3540 :rAMEN
1442 3501 1649 3543 nal-:c
1691 3503 2089 3545 luz-rumas
2130 3505 2412 3547 naim-r
2455 3504 2807 3548 nncsssu,

602 3574 780 3640 Haec
817 3574 1065 3639 omisso
1108 3573 1479 3658 quadratus
1534 3590 1749 3642 amat.-
1803 3578 1954 3644 Itali
1997 3603 2335 3644 nanu-ra
2364 3635 2378 3648 .
2435 3602 2805 3646 luz-tmen

599 3672 964 3738 Lambinus
1009 3671 1375 3736 secundum
1417 3696 1688 3739 versum
1715 3677 1855 3740 454.
1884 3697 2129 3742 necessu
2169 3701 2308 3743 non
2350 3679 2623 3745 videtur
2649 3679 2804 3744 Lati·

600 3794 757 3837 num
786 3773 938 3836 'esse
969 3794 984 3834 ι
1028 3791 1165 3834 non
1204 3778 1429 3834 tamen
1471 3772 1716 3837 sufficit
1744 3823 1759 3850 ‚
1804 3773 1991 3860 quod
2020 3776 2174 3840 olim
2215 3779 2523 3867 impressi
2548 3779 2804 3846 habent,

596 3894 901 3936 necessmn
928 3920 947 3951 ,
997 3867 1183 3956 quod
1222 3869 1551 3935 Marullus
1598 3872 1769 3936 male
1812 3875 2159 3940 coniunxit
2198 3897 2348 3940 cum
2390 3876 2636 3942 Scilicet
2669 3897 2801 3940 esse.

596 3967 781 4032 recte
802 3968 1139 4032 Antonius
1166 3966 1365 4032 Marii
1390 3992 1625 4034 necesse
1653 3982 1769 4051 est,
1798 3973 1927 4036 nisi
1954 3973 2280 4039 malumus
2309 3993 2798 4040 nncnssmtsr

597 4073 715 4129 aut
741 4078 1067 4131 necessest.
1099 4064 1237 4130 dixi
1267 4088 1474 4153 supra
1503 4067 1594 4131 ad
1619 4068 1861 4133 librum
1890 4094 1933 4146 1,
1953 4071 2065 4136 111
2088 4121 2102 4135 .

764 4163 905 4228 469.
939 4186 1095 4228 cum
1142 4186 1562 4240 SQUALIDA
1607 4189 1976 4233 consrnr
1998 4222 2011 4235 .
2046 4168 2220 4234 Olim
2247 4171 2555 4256 impressi
2585 4188 2796 4235 coss-

592 4287 633 4325 Τ
645 4286 684 4326 Ε
701 4288 743 4327 N
759 4288 799 4327 T
813 4313 826 4326 .

759 4362 899 4424 471.
929 4360 1046 4424 ΕΤ
1078 4382 1288 4436 Quot)
1322 4384 1579 4425 mixti-A
1608 4386 1858 4428 rous
1888 4385 2168 4427 MAors.
2197 4363 2524 4450 Marullus
2559 4365 2796 4438 Etoco

590 4459 787 4542 maqis
818 4507 831 4520 .
869 4456 1025 4522 ‘sed
1069 4457 1261 4522 aliter
1300 4459 1529 4544 potius
1573 4460 1759 4545 loqui
1802 4461 1974 4524 solet
2030 4469 2264 4527 noster
2289 4465 2323 4538 ‚’
2363 4458 2795 4527 Wakefieldus
