3042 5192
1307 437 1408 504 IV
1560 515 1565 519 .
2333 445 2470 514 241

241 612 676 697 Berecyntimn
709 659 723 672 .
779 609 911 672 hoe
953 631 1091 674 non
1136 610 1352 674 minus
1407 612 1707 697 ineptum
1763 621 1868 678 est
1919 616 2118 700 (tuba
2164 619 2336 682 enim
2376 641 2480 683 re-

231 718 438 796 pente
469 709 547 773 fit
578 708 774 793 tibia)
808 730 1007 794 quam
1039 707 1224 793 quod
1258 709 1558 776 Catullus
1589 734 1777 786 Lxm,
1796 713 1836 774 9
1863 724 2220 800 tympanum
2263 717 2479 782 fertur

231 808 618 893 appellasse
659 807 864 871 tubam
902 807 1156 894 Cybebes
1181 855 1199 886 ,
1245 809 1366 892 qui.
1401 810 1672 896 scripsit
1714 811 1971 898 (neque
2003 816 2175 878 enim
2204 814 2479 899 dubito)

245 909 569 992 Dspanum
596 917 792 986 moin,
825 906 1081 991 Cybebe,
1114 915 1218 968 tua
1234 953 1252 985 ‚
1281 918 1493 986 mater,
1522 910 1703 971 initia
1722 958 1735 971 .
1766 909 1893 974 iam
1918 933 2079 975 vero
2112 913 2167 975 si
2201 935 2477 997 quaere-

231 1028 380 1069 mus
414 1004 576 1089 quid
607 1006 756 1068 cieri
797 1011 865 1067 et
904 1005 1090 1066 eitum
1127 1005 1383 1068 reboare
1427 1008 1644 1090 possit
1671 1053 1686 1078 ‚
1728 1008 2136 1073 inveniemus
2180 1010 2350 1074 hace
2393 1011 2477 1076 de

230 1106 382 1167 loci-3
413 1101 762 1165 commode
793 1100 923 1165 dici
956 1110 1025 1164 et
1053 1102 1138 1166 ab
1171 1102 1474 1166 omnibus
1505 1105 1726 1189 po‘etis
1758 1103 1938 1169 (licta
1967 1128 2115 1171 csse
2149 1158 2162 1171 .
2202 1110 2297 1173 ita
2331 1109 2477 1196 ipse

233 1201 591 1264 Lueretius
633 1202 772 1264 Nec
814 1200 1085 1264 citharae
1137 1200 1389 1263 reboant
1435 1203 1725 1288 laqueata
1769 1216 2111 1291 aurataque
2152 1217 2305 1271 tecta
2333 1255 2351 1286 ,
2411 1216 2480 1272 et

233 1299 412 1383 Erqo
452 1300 764 1383 replentur
806 1299 940 1362 loca
975 1298 1216 1362 vocibus
1250 1335 1318 1344 -
1352 1302 1667 1386 sonituque
1709 1302 1941 1365 cientur
1959 1351 1973 1365 .
2014 1303 2241 1388 itaque
2271 1307 2476 1368 mani-

227 1396 481 1459 festum
534 1404 639 1459 est
695 1417 843 1458 eum
883 1395 993 1458 hie
1037 1395 1386 1481 scripsisse
1429 1397 1515 1460 Et
1552 1421 1870 1462 RI-:BOAT
1922 1424 2182 1465 raucum
2231 1425 2477 1466 namo

230 1496 352 1557 cita
394 1495 666 1558 barbara
708 1494 986 1558 bombum
1019 1542 1032 1556 .
1080 1515 1300 1578 neque
1330 1495 1599 1560 barbara
1627 1498 1797 1582 reyio
1826 1497 2041 1562 minus
2072 1501 2345 1586 proprie
2377 1500 2475 1565 di-

229 1592 408 1655 eitur
440 1612 641 1676 quam
676 1592 819 1656 tuba
839 1641 852 1654 .

403 1690 546 1752 545.
598 1689 714 1753 Er
765 1712 1088 1755 VAL1n1s
1149 1714 1398 1755 ΝΕΟΤΙ
1464 1714 1759 1757 'ronrls
1819 1716 1923 1757 ax
1975 1716 2471 1760 Ennomus.

231 1787 628 1868 Quadratus
688 1797 756 1852 et
813 1810 854 1852 a
901 1783 1285 1854 correctore
1332 1791 1664 1872 oblongus
1709 1803 1840 1856 nete
1885 1794 2054 1856 tortis
2084 1841 2104 1872 ,
2161 1792 2314 1856 olim
2360 1795 2476 1859 im·

229 1889 450 1973 pressi
491 1911 633 1951 nece
674 1889 842 1951 tortis
874 1936 888 1950 .
932 1888 1267 1952 Antonius
1297 1889 1494 1952 Marii
1528 1889 1613 1953 Et
1638 1891 1830 1953 validi
1855 1901 2114 1976 suryunt
2138 1915 2281 1955 nece
2310 1896 2478 1956 tortis

227 2011 307 2050 ex
339 1987 658 2050 Heliconis
683 2034 700 2064 ‚
742 1985 1070 2050 Marullus
1103 1986 1189 2051 Et
1209 1988 1414 2071 yelida
1445 1989 1619 2073 cycni
1646 2012 1790 2051 nece
1818 1991 1960 2052 torti
1988 2012 2064 2052 ex
2092 2000 2270 2053 metro
2301 1990 2475 2054 Heli-

228 2087 400 2149 conis
425 2134 443 2164 ,
486 2084 816 2148 Avantius
858 2085 1126 2149 Vallibus
1154 2096 1210 2147 et
1237 2107 1414 2169 cyym
1442 2108 1586 2147 nece
1615 2087 1829 2149 detorti
1857 2110 1934 2149 ex
1963 2086 2278 2150 Heliconis
2297 2134 2316 2167 ,
2340 2082 2472 2151 ‘co-

230 2183 422 2246 dices
458 2182 818 2246 emendati'
847 2182 1167 2246 Iohannis
1195 2181 1392 2266 Bapt.
1422 2181 1522 2245 Pii
1569 2183 1839 2246 Valltbm
1867 2196 1923 2247 et
1951 2187 2126 2270 cycni
2153 2186 2370 2249 detorti
2400 2209 2476 2250 ex

233 2281 549 2345 Heliconis
579 2329 597 2361 ‚
641 2281 1003 2343 Lambinus
1037 2280 1304 2344 Vallilms
1333 2290 1389 2344 et
1415 2282 1588 2366 cycni
1610 2282 1829 2365 qelidis
1858 2284 1977 2346 orti
2020 2305 2096 2345 ex
2125 2282 2441 2349 Heliconi-s·
2455 2333 2473 2363 ,

230 2379 541 2442 Gisanius
571 2379 841 2442 Vallibus
884 2389 940 2441 et
981 2378 1155 2463 cycni
1183 2402 1329 2441 nece
1357 2380 1499 2442 torti
1527 2402 1602 2442 ex
1631 2378 1947 2443 Heliconi-s·
1975 2429 1992 2459 ‚
2033 2379 2250 2444 Faber
2284 2383 2341 2446 V
2335 2385 2474 2446 alli-

226 2480 340 2542 (ηις
381 2488 440 2540 et
472 2479 691 2562 yelidis
733 2479 902 2564 cycni
943 2479 1095 2540 corti
1137 2499 1212 2540 ea:
1242 2477 1589 2555 Heliconia,
1620 2475 1909 2542 Vossius
1942 2480 2028 2543 Et
2052 2481 2274 2543 validis
2303 2485 2476 2566 cycni

226 2576 595 2641 torrentibus
622 2599 697 2638 ex
729 2576 1040 2640 Heliconis
1063 2622 1081 2653 ,
1122 2574 1628 2659 Havercampus
1663 2575 1934 2640 Valltbus
1961 2588 2017 2641 et
2045 2580 2219 2663 cycni
2244 2580 2476 2644 melicis

209 2676 386 2762 sorte
433 2697 509 2737 ex
551 2673 866 2737 Heliconis
892 2721 912 2753 ,
955 2671 1416 2736 VVakefieldus
1461 2673 1549 2738 Et
1584 2675 1729 2738 valli
1772 2677 1973 2760 cymi-s*
2011 2699 2156 2739 nece
2191 2680 2359 2740 torti-s*
2401 2701 2476 2741 ex

223 2772 549 2838 Helio-mais
577 2772 864 2856 (scilicet
880 2771 1232 2856 primordia
1263 2772 1502 2856 cycnis)
1540 2820 1555 2846 ‚
1599 2770 1923 2856 Forbiger
1953 2774 2201 2836 omissa
2232 2774 2475 2838 Gifanii

217 2871 570 2936 mentione
612 2864 825 2954 (‘nos'
854 2869 1074 2953 inquit
1097 2862 1380 2932 ‘Eichst
1414 2870 1746 2953 sequuti')
1786 2878 2071 2955 propter
2103 2870 2468 2955 diphthon-

215 2991 356 3056 gos
398 2969 654 3032 scilicet
672 3017 689 3043 ,
720 2968 991 3032 Vallibu-s·
1019 2976 1076 3030 et
1103 2969 1311 3052 oymzei
1325 3015 1343 3046 ‚
1372 2991 1515 3030 nece
1546 2969 1719 3030 tortei
1733 3014 1751 3045 ,
1782 2990 1858 3029 ex
1888 2968 2235 3031 Heliconis.
2266 2970 2336 3032 in
2364 2969 2470 3033 his

215 3068 396 3132 nihil
429 3066 586 3129 boni
615 3067 790 3129 inest
819 3065 946 3129 nisi
976 3066 1152 3150 cycni
1181 3073 1249 3128 et
1275 3065 1564 3143 vallibus,
1598 3086 1769 3149 quae
1801 3064 1888 3128 ad
1920 3088 2058 3129 rem
2088 3072 2470 3131 necessario

215 3166 577 3252 pertinent
607 3212 621 3226 .
662 3163 768 3229 his
817 3164 1018 3249 igitur
1064 3164 1396 3249 susceptis
1437 3164 1651 3226 verba
1695 3171 2015 3251 corrupta
2055 3166 2151 3228 ita
2190 3166 2470 3252 refinge-

212 3287 378 3328 mus
404 3312 420 3337 ‚
463 3262 540 3326 Et
563 3263 819 3326 vallibm
849 3263 1022 3347 cycni
1050 3264 1220 3325 tortis
1247 3285 1322 3325 ex
1351 3261 1664 3326 Heliconis
1694 3311 1707 3324 .
1754 3284 1925 3347 quae
1956 3264 2305 3328 vocabulis
2335 3273 2471 3328 tra-

213 3362 423 3427 iectis
469 3361 754 3445 (nullum
799 3361 971 3423 enim
1010 3360 1079 3423 in
1125 3359 1257 3423 hoe
1287 3366 1598 3445 poemate
1632 3360 2026 3424 traiectione
2056 3360 2473 3447 frequentius

213 3461 488 3544 vitium)
519 3460 614 3522 ita
641 3459 708 3521 in
737 3480 1003 3521 versum
1032 3457 1465 3522 formabimus
1484 3506 1498 3532 ‚
1526 3459 1614 3523 Et
1641 3477 1882 3522 crcru
1914 3460 2084 3523 tortis
2114 3482 2470 3525 coNVAL-

211 3585 256 3625 1,
274 3581 470 3624 mus
500 3582 576 3621 ex
597 3558 910 3622 Heliconis
928 3604 942 3619 .
974 3578 1126 3620 nam
1157 3568 1344 3621 tortas
1374 3558 1672 3620 convalles
1686 3605 1704 3635 ,
1736 3555 1804 3619 id
1831 3566 1936 3621 est
1958 3580 2201 3623 curvas
2233 3568 2301 3624 et
2330 3570 2469 3624 tor-

211 3670 470 3723 tuosas
501 3704 516 3730 ‚
560 3678 679 3720 cur
708 3676 940 3719 omnes
969 3654 1476 3741 repudiaverint
1504 3676 1641 3717 non
1670 3654 1871 3718 video
1905 3703 1919 3717 .
1967 3664 2149 3719 certe
2182 3656 2351 3721 dixit
2379 3659 2469 3721 ita

208 3758 308 3821 (le
357 3754 624 3819 flumine
655 3753 937 3818 Ovidius
978 3753 1148 3817 libro
1191 3775 1276 3816 ex
1305 3752 1527 3816 Ponto
1561 3754 1865 3829 1v,10‚48
1904 3766 1961 3818 et
2002 3756 2211 3821 crebro
2248 3760 2473 3821 vortice

206 3867 417 3921 tortus
441 3852 641 3938 Halys
655 3901 673 3932 ,
708 3861 774 3916 et
804 3852 890 3916 (le
920 3864 1076 3917 torta
1097 3852 1378 3938 Apuliae
1408 3876 1524 3916 ora
1552 3852 1865 3916 Lucanus
1895 3876 1958 3928 v,
1978 3854 2102 3918 378
2130 3858 2471 3918 Ausoniam

204 3978 352 4043 qua
381 3964 665 4037 torquens
688 3952 970 4038 jraetytjfer
999 3974 1173 4014 oram
1208 3987 1276 3996 -
1310 3952 1557 4035 Apulus
1586 3950 1945 4015 Hadriaca-s·
1979 3954 2103 4017 erit
2138 3953 2471 4038 Geryonae

205 4057 280 4117 in
327 4051 535 4114 undae
564 4100 578 4112 .
620 4051 911 4114 convallis
939 4059 1160 4113 autem
1191 4048 1545 4112 Lucretius
1577 4050 1847 4136 scripsit
1876 4051 1943 4112 in
1971 4051 2215 4126 v,1375
2236 4100 2250 4126 ‚
2280 4053 2468 4116 valles

203 4151 608 4235 nusquam,
649 4147 959 4232 idemque
999 4148 1308 4211 Manilius
1351 4157 1626 4212 secutus
1674 4157 1828 4226 est3
1888 4156 2125 4212 contra
2170 4149 2467 4211 Catullus

205 4247 553 4314 Horatius
583 4245 889 4310 Tibullus
935 4246 1215 4312 Ovidius
1262 4248 1536 4311 (iratius
1577 4247 1900 4311 Martialis
1943 4248 2128 4310 valles
2171 4253 2468 4318 tantum,

203 4369 358 4413 non
393 4347 694 4410 cmtvalles
710 4370 734 4426 ‚·
771 4343 1098 4430 Vergilius
1130 4395 1145 4422 ‚
1187 4346 1499 4409 Lucanus
1529 4394 1545 4421 ‚
1577 4344 1885 4409 Valerius
1914 4343 2195 4407 Flaccus
2224 4393 2240 4419 ‚
2272 4343 2466 4406 Iuve-

203 4446 394 4511 nalis
426 4492 443 4516 ‚
488 4451 844 4528 utrumque
881 4469 896 4521 ς
951 4452 1256 4507 neutrum
1301 4444 1579 4507 Plautus
1624 4443 1981 4507 Terentius
2024 4442 2464 4527 Propertius.

1983 4541 2056 4605 16
