3042 5192
656 463 792 533 192
1728 461 1797 527 V

648 648 715 704 et
744 658 893 702 cum
923 635 1174 701 deserti
1201 635 1583 700 baubantur
1609 635 1680 699 in
1710 634 1990 701 aedibus
2010 685 2026 713 ‚
2049 646 2169 701 aut
2195 660 2347 703 cum

643 752 971 841 plorantis
998 751 1264 837 fugiunt
1291 750 1642 823 summisso
1673 771 1961 838 corpore
1989 752 2225 839 plagas
2245 803 2258 816 .

646 869 935 953 denique
964 888 1101 931 non
1128 864 1426 929 hinnitus
1454 864 1617 928 item
1646 863 1912 929 differre
1938 865 2211 932 videtur
2227 917 2243 944 ,

643 987 819 1049 inter
851 1001 1059 1067 equas
1088 980 1203 1044 ubi
1234 999 1445 1064 equus
1467 977 1734 1044 florenti
1763 987 1986 1044 aetate
2013 981 2335 1047 iuvencus

474 1118 601 1164 1075
642 1097 972 1187 pinnigeri
1001 1095 1215 1160 saevit
1244 1093 1616 1158 calcaribus
1643 1095 1819 1159 ictus
1848 1096 2093 1160 amoris
2111 1145 2127 1171 ‚

646 1221 716 1278 et
741 1212 1074 1276 fremitum
1100 1208 1347 1296 patulis
1376 1208 1489 1272 ubi
1516 1207 1791 1275 naribus
1823 1208 1963 1274 edit
1990 1210 2082 1274 ad
2111 1232 2293 1275 arma
2315 1261 2331 1287 ‚

648 1335 717 1392 et
746 1349 896 1391 cum
925 1327 1022 1390 sic
1051 1326 1213 1390 alias
1243 1323 1590 1389 concussis
1619 1326 1875 1390 artibus
1902 1324 2170 1390 hinnit?

643 1449 988 1528 postremo
1017 1462 1229 1528 genus
1259 1440 1533 1504 alituum
1561 1439 1920 1525 variaeque
1949 1439 2258 1505 volucres
2278 1489 2294 1517 ,

643 1557 995 1644 accipitres
1024 1564 1227 1641 atque
1257 1553 1626 1640 ossifragae
1656 1554 1998 1640 mergique
2026 1554 2296 1620 marinis

470 1689 598 1736 1080
640 1671 950 1736 fluctibus
978 1670 1048 1734 in
1077 1669 1256 1734 salso
1285 1669 1537 1734 victum
1564 1670 1902 1754 vitamque
1929 1675 2242 1755 petentes
2260 1720 2276 1746 ‚

641 1787 841 1872 longe
870 1785 1032 1849 alias
1061 1785 1190 1849 alio
1218 1785 1469 1849 iaciunt
1494 1784 1566 1848 in
1593 1792 1898 1872 tempore
1927 1805 2134 1850 voces
2152 1834 2169 1861 ‚

643 1911 712 1965 et
743 1922 944 1987 quom
976 1898 1061 1963 de
1091 1901 1273 1964 victu
1302 1907 1568 1964 certant
1592 1897 2023 1988 praedaeque
2050 1909 2462 1988 repugnant:

642 2024 710 2081 et
735 2014 979 2101 partim
1007 2022 1269 2080 mutant
1297 2036 1445 2079 cum
1475 2015 1993 2102 tempestatibus
2020 2036 2158 2079 una

637 2131 1031 2196 raucisonos
1062 2138 1302 2195 cantus
1321 2179 1336 2206 ‚
1362 2130 1703 2194 cornicum
1728 2136 1808 2194 ut
1837 2129 2058 2193 saecla
2086 2135 2356 2194 vetusta

472 2263 601 2310 1085
648 2267 1138 2332 corvorumque
1169 2266 1409 2332 greges
1437 2245 1554 2310 ubi
1582 2266 1824 2330 aquam
1856 2243 2170 2309 dicuntur
2201 2252 2271 2309 et
2295 2245 2526 2310 imbris

636 2380 919 2450 poscere
951 2367 1020 2424 et
1045 2360 1220 2424 inter
1251 2358 1410 2423 dum
1438 2368 1684 2425 ventos
1714 2381 2049 2446 aurasque
2077 2381 2324 2425 vocare
2342 2410 2356 2424 .

641 2496 803 2561 ergo
835 2475 892 2538 si
918 2475 1085 2539 varii
1116 2496 1354 2539 sensus
1384 2475 1689 2540 animalia
1718 2483 1972 2561 cogunt
1987 2523 2003 2551 ‚

638 2598 821 2654 muta
849 2597 1069 2654 tamen
1100 2612 1249 2653 cum
1280 2590 1416 2654 sint
1433 2639 1449 2667 ‚
1468 2585 1694 2654 ’varias
1725 2589 2024 2654 emittere
2049 2612 2255 2656 voces
2274 2640 2290 2667 ‚

641 2711 892 2790 quanto
921 2704 1224 2770 mortalis
1252 2705 1461 2790 magis
1492 2711 1793 2769 aecumst
1819 2713 1961 2769 tum
1988 2706 2294 2791 potuisse

465 2836 596 2885 1090
643 2818 977 2884 (118811111118
1007 2819 1134 2883 alia
1161 2826 1366 2905 atque
1397 2819 1526 2884 alia
1552 2842 1664 2884 res
1693 2841 1863 2884 voce
1890 2823 2163 2885 notare!

723 2933 922 3020 [Illud
948 2934 1018 2998 in
1045 2933 1151 2998 his
1180 2935 1383 2999 rebus
1414 2936 1660 3000 tacitns
1688 2955 1774 2998 ne
1801 2933 1978 2999 forte
2007 2936 2311 3021 requiras
2333 2985 2349 3010 ‚

634 3050 882 3115 fulmen
913 3048 1154 3113 detulit
1180 3049 1249 3112 in
1282 3057 1528 3114 terram
1555 3049 1951 3114 mortalibus
1980 3050 2200 3136 ignem

634 3166 940 3254 primitus
960 3214 975 3241 ,
996 3163 1155 3228 inde
1186 3166 1399 3231 omnis
1429 3164 1838 3230 flammarum
1870 3164 2123 3230 diditur
2149 3166 2389 3231 ardor:

632 3281 842 3345 multa
869 3280 1174 3344 videmus
1206 3280 1377 3343 enim
1408 3281 1809 3345 caelestibus
1837 3280 2026 3346 inlita
2052 3280 2329 3346 flammis

460 3412 587 3459 1095
632 3395 888 3481 fulgere
906 3444 922 3471 ‚
946 3417 1095 3460 cum
1124 3395 1288 3459 caeli
1319 3393 1600 3460 donavit
1626 3396 1828 3483 plaga
1854 3416 2108 3481 vapore
2125 3445 2140 3460 .

636 3519 706 3574 et
732 3531 999 3574 ramosa
1026 3517 1250 3574 tamen
1280 3532 1428 3574 cum
1456 3512 1678 3576 ventis
1706 3511 1905 3597 pulsa
1932 3511 2251 3577 vacillans

633 3632 897 3689 aestuat
924 3625 994 3689 in
1022 3647 1246 3690 ramos
1275 3626 1666 3723 incumbens
1697 3627 1958 3692 arboris
1988 3628 2190 3693 arbor
2207 3676 2223 3702 ‚

631 3739 1023 3827 exprimitur
1049 3740 1289 3806 validis
1321 3740 1607 3806 extritus
1635 3742 1891 3808 viribus
1919 3742 2090 3829 ignis

631 3863 701 3920 et
726 3856 927 3920 micat
952 3857 1128 3921 inter
1159 3854 1319 3920 dum
1345 3854 1628 3921 flammai
1655 3856 1956 3922 fervidus
1986 3855 2190 3921 ardor
2208 3905 2224 3932 ‚

459 3986 585 4033 1100
629 3978 861 4035 mutua
890 3970 1048 4035 dum
1074 3971 1250 4036 inter
1281 3993 1353 4035 se
1383 3971 1550 4035 rami
1581 3972 1963 4060 stirpesque
1994 3979 2308 4038 teruntur
2327 4021 2340 4034 .

639 4206 763 4253 1071
806 4198 1107 4254 desertibus
1143 4200 1405 4253 aubantur
1442 4198 1461 4269 ΙΙ
1505 4207 1635 4254 1072
1675 4201 1947 4256 Florantis
1987 4201 2007 4275 ΙΙ
2051 4207 2180 4255 1076
2217 4202 2316 4256 sub
2355 4201 2376 4273 ΙΙ
2416 4206 2547 4254 1082
2584 4197 2836 4271 praedm-

633 4301 735 4355 quc
771 4281 792 4352 ΙΙ
836 4288 965 4336 1084
1003 4291 1056 4336 et
1093 4283 1113 4355 ΙΙ
1166 4289 1293 4336 1085
1332 4285 1514 4355 gregis
1564 4282 1587 4356 ΙΙ
1647 4292 1773 4339 1087
1813 4286 1973 4341 variis
2027 4286 2046 4356 ΙΙ
2102 4291 2235 4339 1088
2272 4284 2448 4338 Multa
2499 4284 2520 4357 ΙΙ
2579 4289 2705 4338 1090
2737 4283 2834 4348 rel}

635 4374 768 4422 1094
804 4368 963 4422 insita
1011 4366 1031 4439 ΙΙ
1089 4372 1217 4422 1095
1257 4370 1500 4439 vaporis.
1542 4369 1562 4440 ΙΙ
1604 4376 1732 4424 1096
1771 4370 1849 4424 Ut
1885 4368 1905 4439 ΙΙ
1949 4377 2078 4424 1097
2118 4371 2326 4425 Aestus
2365 4370 2385 4440 11
2423 4368 2628 4423 ardoris
2667 4369 2687 4439 ΙΙ
2725 4369 2834 4418 1099

629 4453 839 4508 Emicat
