<?xml version="1.0" encoding="UTF-8"?>
<!DOCTYPE html PUBLIC "-//W3C//DTD XHTML 1.0 Transitional//EN"
    "http://www.w3.org/TR/xhtml1/DTD/xhtml1-transitional.dtd">
<html xmlns="http://www.w3.org/1999/xhtml" xml:lang="en" lang="en">
 <head>
  <title>
</title>
<meta http-equiv="Content-Type" content="text/html;charset=utf-8" />
  <meta name='ocr-system' content='tesseract 3.04.00' />
  <meta name='ocr-capabilities' content='ocr_page ocr_carea ocr_par ocr_line ocrx_word'/>
</head>
<body>
  <div class='ocr_page' id='page_1' title='image "./tlucreticarider04unkngoog_0192.png"; bbox 0 0 3042 5192; ppageno 0'>
   <div class='ocr_carea' id='block_1_1' title="bbox 632 468 1780 539">
    <p class='ocr_par' dir='ltr' id='par_1_1' title="bbox 632 468 1780 539">
     <span class='ocr_line' id='line_1_1' title="bbox 632 468 1780 539; baseline -0.003 -1"><span class='ocrx_word' id='word_1_1' title='bbox 632 470 769 539; x_wconf 87' lang='lat'><strong>180</strong></span> <span class='ocrx_word' id='word_1_2' title='bbox 1711 468 1780 534; x_wconf 91' lang='lat' dir='ltr'><strong>V</strong></span> 
     </span>
    </p>
   </div>
   <div class='ocr_carea' id='block_1_2' title="bbox 392 640 2597 4185">
    <p class='ocr_par' dir='ltr' id='par_1_2' title="bbox 622 640 2150 846">
     <span class='ocr_line' id='line_1_2' title="bbox 628 640 2100 730; baseline 0 -23"><span class='ocrx_word' id='word_1_3' title='bbox 628 645 742 730; x_wconf 90' lang='lat' dir='ltr'><strong>qui</strong></span> <span class='ocrx_word' id='word_1_4' title='bbox 769 644 1026 709; x_wconf 87' lang='lat' dir='ltr'><strong>faciunt</strong></span> <span class='ocrx_word' id='word_1_5' title='bbox 1054 643 1261 708; x_wconf 88' lang='lat' dir='ltr'><strong>solem</strong></span> <span class='ocrx_word' id='word_1_6' title='bbox 1292 651 1478 708; x_wconf 91' lang='lat' dir='ltr'><strong>certa</strong></span> <span class='ocrx_word' id='word_1_7' title='bbox 1509 640 1876 728; x_wconf 81' lang='lat' dir='ltr'><strong>desurgere</strong></span> <span class='ocrx_word' id='word_1_8' title='bbox 1905 651 2100 728; x_wconf 91' lang='lat' dir='ltr'><strong>parte</strong></span> 
     </span>
     <span class='ocr_line' id='line_1_3' title="bbox 622 756 2150 846; baseline -0.001 -23"><span class='ocrx_word' id='word_1_9' title='bbox 622 768 987 846; x_wconf 90' lang='lat' dir='ltr'><strong>propterea</strong></span> <span class='ocrx_word' id='word_1_10' title='bbox 1011 759 1090 823; x_wconf 91' lang='lat' dir='ltr'><strong>fit</strong></span> <span class='ocrx_word' id='word_1_11' title='bbox 1118 760 1218 823; x_wconf 85' lang='lat' dir='ltr'><strong>uti</strong></span> <span class='ocrx_word' id='word_1_12' title='bbox 1245 757 1602 822; x_wconf 88' lang='lat' dir='ltr'><strong>videantur</strong></span> <span class='ocrx_word' id='word_1_13' title='bbox 1633 756 1856 823; x_wconf 79' lang='lat' dir='ltr'><strong>dicere</strong></span> <span class='ocrx_word' id='word_1_14' title='bbox 1884 780 2115 822; x_wconf 86' lang='lat' dir='ltr'><strong>verum</strong></span> <span class='ocrx_word' id='word_1_15' title='bbox 2135 808 2150 822; x_wconf 91' lang='lat'><strong>.</strong></span> 
     </span>
    </p>

    <p class='ocr_par' dir='ltr' id='par_1_3' title="bbox 467 871 2276 1420">
     <span class='ocr_line' id='line_1_4' title="bbox 467 871 2206 961; baseline -0.002 -21"><span class='ocrx_word' id='word_1_16' title='bbox 467 895 564 940; x_wconf 81' lang='grc'><strong>705</strong></span> <span class='ocrx_word' id='word_1_17' title='bbox 702 876 896 940; x_wconf 89' lang='lat' dir='ltr'><strong>Luna</strong></span> <span class='ocrx_word' id='word_1_18' title='bbox 923 881 1153 961; x_wconf 89' lang='lat' dir='ltr'><strong>potest</strong></span> <span class='ocrx_word' id='word_1_19' title='bbox 1181 873 1341 938; x_wconf 89' lang='lat' dir='ltr'><strong>solis</strong></span> <span class='ocrx_word' id='word_1_20' title='bbox 1371 871 1578 936; x_wconf 89' lang='lat' dir='ltr'><strong>radiis</strong></span> <span class='ocrx_word' id='word_1_21' title='bbox 1608 895 1932 957; x_wconf 89' lang='lat' dir='ltr'><strong>percussa</strong></span> <span class='ocrx_word' id='word_1_22' title='bbox 1958 874 2172 938; x_wconf 81' lang='lat' dir='ltr'><strong>nitere</strong></span> <span class='ocrx_word' id='word_1_23' title='bbox 2192 924 2206 949; x_wconf 85' lang='lat'><strong>‚</strong></span> 
     </span>
     <span class='ocr_line' id='line_1_5' title="bbox 616 987 2234 1076; baseline -0.001 -22"><span class='ocrx_word' id='word_1_24' title='bbox 616 994 818 1076; x_wconf 89' lang='lat' dir='ltr'><strong>inque</strong></span> <span class='ocrx_word' id='word_1_25' title='bbox 850 989 996 1053; x_wconf 89' lang='lat' dir='ltr'><strong>dies</strong></span> <span class='ocrx_word' id='word_1_26' title='bbox 1024 989 1233 1074; x_wconf 89' lang='lat' dir='ltr'><strong>magis</strong></span> <span class='ocrx_word' id='word_1_27' title='bbox 1259 987 1333 1052; x_wconf 91' lang='lat' dir='ltr'><strong>id</strong></span> <span class='ocrx_word' id='word_1_28' title='bbox 1359 988 1583 1052; x_wconf 89' lang='lat' dir='ltr'><strong>lumen</strong></span> <span class='ocrx_word' id='word_1_29' title='bbox 1613 995 2009 1052; x_wconf 84' lang='lat' dir='ltr'><strong>convertere</strong></span> <span class='ocrx_word' id='word_1_30' title='bbox 2037 990 2234 1054; x_wconf 87' lang='lat' dir='ltr'><strong>nobis</strong></span> 
     </span>
     <span class='ocr_line' id='line_1_6' title="bbox 615 1100 2214 1192; baseline -0.002 -22"><span class='ocrx_word' id='word_1_31' title='bbox 615 1104 705 1170; x_wconf 91' lang='lat' dir='ltr'><strong>ad</strong></span> <span class='ocrx_word' id='word_1_32' title='bbox 735 1105 1024 1192; x_wconf 88' lang='lat' dir='ltr'><strong>speciem</strong></span> <span class='ocrx_word' id='word_1_33' title='bbox 1042 1154 1058 1180; x_wconf 86' lang='lat'>‚</span> <span class='ocrx_word' id='word_1_34' title='bbox 1082 1112 1404 1190; x_wconf 90' lang='lat' dir='ltr'><strong>quantum</strong></span> <span class='ocrx_word' id='word_1_35' title='bbox 1432 1103 1595 1168; x_wconf 90' lang='lat' dir='ltr'><strong>solis</strong></span> <span class='ocrx_word' id='word_1_36' title='bbox 1626 1100 1883 1166; x_wconf 85' lang='lat' dir='ltr'><strong>secedit</strong></span> <span class='ocrx_word' id='word_1_37' title='bbox 1911 1104 1997 1168; x_wconf 89' lang='lat' dir='ltr'><strong>ab</strong></span> <span class='ocrx_word' id='word_1_38' title='bbox 2029 1105 2214 1178; x_wconf 85' lang='lat' dir='ltr'><strong>orbi,</strong></span> 
     </span>
     <span class='ocr_line' id='line_1_7' title="bbox 619 1217 2276 1305; baseline -0.001 -21"><span class='ocrx_word' id='word_1_39' title='bbox 619 1219 913 1305; x_wconf 90' lang='lat' dir='ltr'><strong>donique</strong></span> <span class='ocrx_word' id='word_1_40' title='bbox 944 1242 1092 1283; x_wconf 90' lang='lat' dir='ltr'><strong>eum</strong></span> <span class='ocrx_word' id='word_1_41' title='bbox 1122 1226 1360 1283; x_wconf 87' lang='lat' dir='ltr'><strong>contra</strong></span> <span class='ocrx_word' id='word_1_42' title='bbox 1385 1217 1586 1303; x_wconf 90' lang='lat' dir='ltr'><strong>pleno</strong></span> <span class='ocrx_word' id='word_1_43' title='bbox 1615 1218 1789 1282; x_wconf 88' lang='lat' dir='ltr'><strong>bene</strong></span> <span class='ocrx_word' id='word_1_44' title='bbox 1817 1217 2062 1283; x_wconf 89' lang='lat' dir='ltr'><strong>lumine</strong></span> <span class='ocrx_word' id='word_1_45' title='bbox 2090 1219 2276 1284; x_wconf 87' lang='lat' dir='ltr'><strong>fulsit</strong></span> 
     </span>
     <span class='ocr_line' id='line_1_8' title="bbox 615 1332 2175 1420; baseline 0 -22"><span class='ocrx_word' id='word_1_46' title='bbox 615 1343 818 1420; x_wconf 91' lang='lat' dir='ltr'><strong>atque</strong></span> <span class='ocrx_word' id='word_1_47' title='bbox 848 1335 1070 1399; x_wconf 89' lang='lat' dir='ltr'><strong>oriens</strong></span> <span class='ocrx_word' id='word_1_48' title='bbox 1103 1334 1326 1398; x_wconf 91' lang='lat' dir='ltr'><strong>obitus</strong></span> <span class='ocrx_word' id='word_1_49' title='bbox 1357 1334 1497 1397; x_wconf 90' lang='lat' dir='ltr'><strong>eius</strong></span> <span class='ocrx_word' id='word_1_50' title='bbox 1529 1354 1732 1419; x_wconf 89' lang='lat' dir='ltr'><strong>super</strong></span> <span class='ocrx_word' id='word_1_51' title='bbox 1763 1332 1945 1397; x_wconf 89' lang='lat' dir='ltr'><strong>edita</strong></span> <span class='ocrx_word' id='word_1_52' title='bbox 1970 1333 2175 1398; x_wconf 86' lang='lat' dir='ltr'><strong>vidit:</strong></span> 
     </span>
    </p>

    <p class='ocr_par' dir='ltr' id='par_1_4' title="bbox 457 1446 2347 1994">
     <span class='ocr_line' id='line_1_9' title="bbox 457 1446 2178 1534; baseline -0.001 -20"><span class='ocrx_word' id='word_1_53' title='bbox 457 1467 556 1514; x_wconf 83' lang='lat'><strong>710</strong></span> <span class='ocrx_word' id='word_1_54' title='bbox 607 1449 765 1514; x_wconf 90' lang='lat' dir='ltr'><strong>inde</strong></span> <span class='ocrx_word' id='word_1_55' title='bbox 793 1450 1163 1513; x_wconf 77' lang='lat' dir='ltr'><strong>minutatim</strong></span> <span class='ocrx_word' id='word_1_56' title='bbox 1192 1458 1375 1514; x_wconf 84' lang='lat' dir='ltr'><strong>retro</strong></span> <span class='ocrx_word' id='word_1_57' title='bbox 1408 1449 1601 1534; x_wconf 87' lang='lat' dir='ltr'><strong>quasi</strong></span> <span class='ocrx_word' id='word_1_58' title='bbox 1631 1446 1926 1512; x_wconf 88' lang='lat' dir='ltr'><strong>condere</strong></span> <span class='ocrx_word' id='word_1_59' title='bbox 1955 1449 2178 1513; x_wconf 88' lang='lat' dir='ltr'><strong>lumen</strong></span> 
     </span>
     <span class='ocr_line' id='line_1_10' title="bbox 617 1563 2347 1650; baseline -0.001 -22"><span class='ocrx_word' id='word_1_60' title='bbox 617 1564 822 1629; x_wconf 91' lang='lat' dir='ltr'><strong>debet</strong></span> <span class='ocrx_word' id='word_1_61' title='bbox 848 1565 1005 1629; x_wconf 89' lang='lat' dir='ltr'><strong>item</strong></span> <span class='ocrx_word' id='word_1_62' title='bbox 1025 1613 1040 1640; x_wconf 87' lang='lat'><strong>‚</strong></span> <span class='ocrx_word' id='word_1_63' title='bbox 1065 1572 1319 1650; x_wconf 89' lang='lat' dir='ltr'><strong>quanto</strong></span> <span class='ocrx_word' id='word_1_64' title='bbox 1350 1564 1632 1649; x_wconf 91' lang='lat' dir='ltr'><strong>propius</strong></span> <span class='ocrx_word' id='word_1_65' title='bbox 1659 1563 1789 1627; x_wconf 90' lang='lat' dir='ltr'><strong>iam</strong></span> <span class='ocrx_word' id='word_1_66' title='bbox 1820 1564 1982 1628; x_wconf 88' lang='lat' dir='ltr'><strong>solis</strong></span> <span class='ocrx_word' id='word_1_67' title='bbox 2013 1563 2101 1627; x_wconf 92' lang='lat' dir='ltr'><strong>ad</strong></span> <span class='ocrx_word' id='word_1_68' title='bbox 2128 1565 2347 1650; x_wconf 82' lang='lat' dir='ltr'>ignem</span> 
     </span>
     <span class='ocr_line' id='line_1_11' title="bbox 614 1678 2171 1764; baseline -0.001 -20"><span class='ocrx_word' id='word_1_69' title='bbox 614 1680 860 1744; x_wconf 82' lang='lat' dir='ltr'>labitur</span> <span class='ocrx_word' id='word_1_70' title='bbox 890 1701 974 1742; x_wconf 85' lang='lat' dir='ltr'><strong>ex</strong></span> <span class='ocrx_word' id='word_1_71' title='bbox 1004 1678 1131 1743; x_wconf 86' lang='lat' dir='ltr'><strong>alia</strong></span> <span class='ocrx_word' id='word_1_72' title='bbox 1160 1679 1501 1764; x_wconf 89' lang='lat' dir='ltr'><strong>signorum</strong></span> <span class='ocrx_word' id='word_1_73' title='bbox 1531 1687 1724 1762; x_wconf 88' lang='lat' dir='ltr'><strong>parte</strong></span> <span class='ocrx_word' id='word_1_74' title='bbox 1753 1700 1877 1763; x_wconf 88' lang='lat' dir='ltr'><strong>per</strong></span> <span class='ocrx_word' id='word_1_75' title='bbox 1906 1680 2171 1754; x_wconf 83' lang='lat' dir='ltr'><strong>orbem3</strong></span> 
     </span>
     <span class='ocr_line' id='line_1_12' title="bbox 610 1793 2036 1878; baseline -0.001 -20"><span class='ocrx_word' id='word_1_76' title='bbox 610 1804 685 1859; x_wconf 91' lang='lat' dir='ltr'><strong>ut</strong></span> <span class='ocrx_word' id='word_1_77' title='bbox 712 1793 966 1859; x_wconf 88' lang='lat' dir='ltr'><strong>faciunt</strong></span> <span class='ocrx_word' id='word_1_78' title='bbox 983 1842 998 1868; x_wconf 87' lang='lat'>‚</span> <span class='ocrx_word' id='word_1_79' title='bbox 1020 1794 1242 1857; x_wconf 89' lang='lat' dir='ltr'><strong>lunam</strong></span> <span class='ocrx_word' id='word_1_80' title='bbox 1272 1793 1386 1878; x_wconf 90' lang='lat' dir='ltr'><strong>qui</strong></span> <span class='ocrx_word' id='word_1_81' title='bbox 1412 1793 1675 1878; x_wconf 90' lang='lat' dir='ltr'><strong>fingunt</strong></span> <span class='ocrx_word' id='word_1_82' title='bbox 1704 1814 1852 1857; x_wconf 88' lang='lat' dir='ltr'><strong>esse</strong></span> <span class='ocrx_word' id='word_1_83' title='bbox 1882 1793 2036 1878; x_wconf 86' lang='lat' dir='ltr'><strong>pilai</strong></span> 
     </span>
     <span class='ocr_line' id='line_1_13' title="bbox 611 1908 2248 1994; baseline 0 -21"><span class='ocrx_word' id='word_1_84' title='bbox 611 1910 1015 1973; x_wconf 79' lang='lat' dir='ltr'><strong>consimilem</strong></span> <span class='ocrx_word' id='word_1_85' title='bbox 1046 1930 1420 1994; x_wconf 89' lang='lat' dir='ltr'><strong>cursusque</strong></span> <span class='ocrx_word' id='word_1_86' title='bbox 1448 1909 1624 1972; x_wconf 85' lang='lat' dir='ltr'><strong>viam</strong></span> <span class='ocrx_word' id='word_1_87' title='bbox 1653 1908 1779 1972; x_wconf 86' lang='lat' dir='ltr'><strong>sub</strong></span> <span class='ocrx_word' id='word_1_88' title='bbox 1812 1908 1954 1972; x_wconf 91' lang='lat' dir='ltr'><strong>sole</strong></span> <span class='ocrx_word' id='word_1_89' title='bbox 1987 1915 2215 1973; x_wconf 89' lang='lat' dir='ltr'><strong>tenere</strong></span> <span class='ocrx_word' id='word_1_90' title='bbox 2235 1960 2248 1973; x_wconf 89' lang='lat'><strong>.</strong></span> 
     </span>
    </p>

    <p class='ocr_par' dir='ltr' id='par_1_5' title="bbox 455 2024 2381 2570">
     <span class='ocr_line' id='line_1_14' title="bbox 455 2024 2190 2110; baseline 0.001 -23"><span class='ocrx_word' id='word_1_91' title='bbox 455 2042 552 2087; x_wconf 81' lang='grc'><strong>715</strong></span> <span class='ocrx_word' id='word_1_92' title='bbox 613 2033 720 2088; x_wconf 89' lang='lat' dir='ltr'><strong>est</strong></span> <span class='ocrx_word' id='word_1_93' title='bbox 749 2026 945 2089; x_wconf 88' lang='lat' dir='ltr'><strong>etiam</strong></span> <span class='ocrx_word' id='word_1_94' title='bbox 976 2045 1183 2110; x_wconf 91' lang='lat' dir='ltr'><strong>quare</strong></span> <span class='ocrx_word' id='word_1_95' title='bbox 1212 2024 1488 2110; x_wconf 90' lang='lat' dir='ltr'><strong>proprio</strong></span> <span class='ocrx_word' id='word_1_96' title='bbox 1520 2045 1670 2086; x_wconf 90' lang='lat' dir='ltr'><strong>cum</strong></span> <span class='ocrx_word' id='word_1_97' title='bbox 1696 2024 1940 2088; x_wconf 87' lang='lat' dir='ltr'><strong>lumine</strong></span> <span class='ocrx_word' id='word_1_98' title='bbox 1969 2025 2190 2110; x_wconf 80' lang='lat' dir='ltr'><strong>possit</strong></span> 
     </span>
     <span class='ocr_line' id='line_1_15' title="bbox 610 2137 2259 2226; baseline -0.002 -21"><span class='ocrx_word' id='word_1_99' title='bbox 610 2140 865 2206; x_wconf 78' lang='lat' dir='ltr'><strong>volvier</strong></span> <span class='ocrx_word' id='word_1_100' title='bbox 896 2149 965 2204; x_wconf 87' lang='lat' dir='ltr'><strong>et</strong></span> <span class='ocrx_word' id='word_1_101' title='bbox 991 2140 1215 2203; x_wconf 87' lang='lat' dir='ltr'><strong>varias</strong></span> <span class='ocrx_word' id='word_1_102' title='bbox 1246 2137 1631 2226; x_wconf 86' lang='lat' dir='ltr'><strong>splendoris</strong></span> <span class='ocrx_word' id='word_1_103' title='bbox 1658 2137 1948 2203; x_wconf 87' lang='lat' dir='ltr'><strong>reddere</strong></span> <span class='ocrx_word' id='word_1_104' title='bbox 1976 2137 2259 2203; x_wconf 86' lang='lat' dir='ltr'><strong>formas:</strong></span> 
     </span>
     <span class='ocr_line' id='line_1_16' title="bbox 610 2252 2381 2342; baseline 0 -24"><span class='ocrx_word' id='word_1_105' title='bbox 610 2278 858 2342; x_wconf 88' lang='lat' dir='ltr'><strong>corpus</strong></span> <span class='ocrx_word' id='word_1_106' title='bbox 886 2256 1057 2318; x_wconf 88' lang='lat' dir='ltr'><strong>enim</strong></span> <span class='ocrx_word' id='word_1_107' title='bbox 1086 2255 1243 2318; x_wconf 89' lang='lat' dir='ltr'><strong>licet</strong></span> <span class='ocrx_word' id='word_1_108' title='bbox 1272 2275 1421 2318; x_wconf 89' lang='lat' dir='ltr'><strong>esse</strong></span> <span class='ocrx_word' id='word_1_109' title='bbox 1452 2252 1667 2331; x_wconf 87' lang='lat' dir='ltr'><strong>aliud,</strong></span> <span class='ocrx_word' id='word_1_110' title='bbox 1692 2253 1877 2339; x_wconf 91' lang='lat' dir='ltr'><strong>quod</strong></span> <span class='ocrx_word' id='word_1_111' title='bbox 1906 2254 2120 2319; x_wconf 84' lang='lat' dir='ltr'><strong>fertur</strong></span> <span class='ocrx_word' id='word_1_112' title='bbox 2151 2263 2219 2318; x_wconf 91' lang='lat' dir='ltr'><strong>et</strong></span> <span class='ocrx_word' id='word_1_113' title='bbox 2246 2275 2381 2318; x_wconf 91' lang='lat' dir='ltr'><strong>una</strong></span> 
     </span>
     <span class='ocr_line' id='line_1_17' title="bbox 606 2367 2181 2455; baseline 0 -22"><span class='ocrx_word' id='word_1_114' title='bbox 606 2371 852 2434; x_wconf 81' lang='lat' dir='ltr'><strong>labitur</strong></span> <span class='ocrx_word' id='word_1_115' title='bbox 886 2367 1281 2435; x_wconf 87' lang='lat' dir='ltr'><strong>omnimodis</strong></span> <span class='ocrx_word' id='word_1_116' title='bbox 1313 2390 1681 2434; x_wconf 82' lang='lat' dir='ltr'><strong>occursans</strong></span> <span class='ocrx_word' id='word_1_117' title='bbox 1713 2368 2147 2455; x_wconf 89' lang='lat' dir='ltr'><strong>officiensque</strong></span> <span class='ocrx_word' id='word_1_118' title='bbox 2165 2419 2181 2445; x_wconf 90' lang='lat'>‚</span> 
     </span>
     <span class='ocr_line' id='line_1_18' title="bbox 601 2483 2337 2570; baseline -0.001 -22"><span class='ocrx_word' id='word_1_119' title='bbox 601 2505 728 2548; x_wconf 89' lang='lat' dir='ltr'><strong>nec</strong></span> <span class='ocrx_word' id='word_1_120' title='bbox 756 2485 936 2570; x_wconf 89' lang='lat' dir='ltr'><strong>potis</strong></span> <span class='ocrx_word' id='word_1_121' title='bbox 967 2495 1071 2550; x_wconf 88' lang='lat' dir='ltr'><strong>est</strong></span> <span class='ocrx_word' id='word_1_122' title='bbox 1100 2484 1316 2560; x_wconf 88' lang='lat' dir='ltr'><strong>cerni,</strong></span> <span class='ocrx_word' id='word_1_123' title='bbox 1342 2485 1499 2569; x_wconf 92' lang='lat' dir='ltr'><strong>quia</strong></span> <span class='ocrx_word' id='word_1_124' title='bbox 1529 2506 1790 2549; x_wconf 86' lang='lat' dir='ltr'><strong>cassum</strong></span> <span class='ocrx_word' id='word_1_125' title='bbox 1818 2484 2060 2549; x_wconf 87' lang='lat' dir='ltr'><strong>lumine</strong></span> <span class='ocrx_word' id='word_1_126' title='bbox 2089 2483 2337 2549; x_wconf 82' lang='lat' dir='ltr'><strong>fertur.</strong></span> 
     </span>
    </p>

    <p class='ocr_par' dir='ltr' id='par_1_6' title="bbox 448 2598 2597 3149">
     <span class='ocr_line' id='line_1_19' title="bbox 448 2598 2166 2690; baseline 0.001 -28"><span class='ocrx_word' id='word_1_127' title='bbox 448 2617 547 2690; x_wconf 78' lang='grc'><strong>720</strong></span> <span class='ocrx_word' id='word_1_128' title='bbox 604 2600 992 2685; x_wconf 84' lang='lat' dir='ltr'><strong>versarique</strong></span> <span class='ocrx_word' id='word_1_129' title='bbox 1024 2607 1285 2687; x_wconf 86' lang='lat' dir='ltr'><strong>potest,</strong></span> <span class='ocrx_word' id='word_1_130' title='bbox 1307 2600 1549 2686; x_wconf 81' lang='lat' dir='ltr'><strong>globus</strong></span> <span class='ocrx_word' id='word_1_131' title='bbox 1579 2606 1656 2664; x_wconf 88' lang='lat' dir='ltr'><strong>ut</strong></span> <span class='ocrx_word' id='word_1_132' title='bbox 1686 2599 1773 2664; x_wconf 90' lang='lat' dir='ltr'><strong>sit</strong></span> <span class='ocrx_word' id='word_1_133' title='bbox 1801 2598 1978 2664; x_wconf 88' lang='lat' dir='ltr'><strong>forte</strong></span> <span class='ocrx_word' id='word_1_134' title='bbox 2007 2600 2166 2687; x_wconf 81' lang='lat' dir='ltr'><strong>pilai</strong></span> 
     </span>
     <span class='ocr_line' id='line_1_20' title="bbox 609 2712 2132 2802; baseline 0.002 -24"><span class='ocrx_word' id='word_1_135' title='bbox 609 2712 877 2778; x_wconf 86' lang='lat' dir='ltr'><strong>dimidia</strong></span> <span class='ocrx_word' id='word_1_136' title='bbox 908 2737 991 2779; x_wconf 81' lang='lat' dir='ltr'><strong>ex</strong></span> <span class='ocrx_word' id='word_1_137' title='bbox 1026 2715 1203 2802; x_wconf 91' lang='lat' dir='ltr'><strong>parti</strong></span> <span class='ocrx_word' id='word_1_138' title='bbox 1232 2714 1547 2779; x_wconf 88' lang='lat' dir='ltr'><strong>candenti</strong></span> <span class='ocrx_word' id='word_1_139' title='bbox 1574 2715 1817 2779; x_wconf 90' lang='lat' dir='ltr'><strong>lumine</strong></span> <span class='ocrx_word' id='word_1_140' title='bbox 1847 2715 2096 2781; x_wconf 88' lang='lat' dir='ltr'><strong>tinctus</strong></span> <span class='ocrx_word' id='word_1_141' title='bbox 2116 2765 2132 2791; x_wconf 85' lang='lat'>‚</span> 
     </span>
     <span class='ocr_line' id='line_1_21' title="bbox 599 2828 2267 2916; baseline 0.001 -23"><span class='ocrx_word' id='word_1_142' title='bbox 599 2828 1072 2916; x_wconf 86' lang='lat' dir='ltr'><strong>versandoque</strong></span> <span class='ocrx_word' id='word_1_143' title='bbox 1100 2829 1370 2916; x_wconf 86' lang='lat' dir='ltr'><strong>globum</strong></span> <span class='ocrx_word' id='word_1_144' title='bbox 1397 2831 1722 2896; x_wconf 88' lang='lat' dir='ltr'><strong>variantis</strong></span> <span class='ocrx_word' id='word_1_145' title='bbox 1751 2828 1954 2895; x_wconf 89' lang='lat' dir='ltr'><strong>edere</strong></span> <span class='ocrx_word' id='word_1_146' title='bbox 1981 2830 2232 2895; x_wconf 84' lang='lat' dir='ltr'><strong>formas</strong></span> <span class='ocrx_word' id='word_1_147' title='bbox 2251 2880 2267 2906; x_wconf 88' lang='lat'>‚</span> 
     </span>
     <span class='ocr_line' id='line_1_22' title="bbox 601 2944 2597 3032; baseline 0.001 -23"><span class='ocrx_word' id='word_1_148' title='bbox 601 2944 897 3031; x_wconf 90' lang='lat' dir='ltr'><strong>donique</strong></span> <span class='ocrx_word' id='word_1_149' title='bbox 930 2967 1072 3009; x_wconf 89' lang='lat' dir='ltr'><strong>eam</strong></span> <span class='ocrx_word' id='word_1_150' title='bbox 1100 2953 1360 3030; x_wconf 88' lang='lat' dir='ltr'><strong>partem</strong></span> <span class='ocrx_word' id='word_1_151' title='bbox 1378 2994 1393 3022; x_wconf 88' lang='lat'>‚</span> <span class='ocrx_word' id='word_1_152' title='bbox 1420 2967 1594 3030; x_wconf 89' lang='lat' dir='ltr'><strong>quae</strong></span> <span class='ocrx_word' id='word_1_153' title='bbox 1625 2967 1908 3031; x_wconf 90' lang='lat' dir='ltr'><strong>cumque</strong></span> <span class='ocrx_word' id='word_1_154' title='bbox 1938 2952 2044 3009; x_wconf 88' lang='lat' dir='ltr'><strong>est</strong></span> <span class='ocrx_word' id='word_1_155' title='bbox 2071 2946 2333 3032; x_wconf 84' lang='lat' dir='ltr'><strong>ignibus</strong></span> <span class='ocrx_word' id='word_1_156' title='bbox 2363 2955 2597 3022; x_wconf 85' lang='lat' dir='ltr'><strong>aucta,</strong></span> 
     </span>
     <span class='ocr_line' id='line_1_23' title="bbox 603 3060 2224 3149; baseline 0.001 -25"><span class='ocrx_word' id='word_1_157' title='bbox 603 3060 691 3124; x_wconf 90' lang='lat' dir='ltr'><strong>ad</strong></span> <span class='ocrx_word' id='word_1_158' title='bbox 720 3062 1009 3149; x_wconf 88' lang='lat' dir='ltr'><strong>speciem</strong></span> <span class='ocrx_word' id='word_1_159' title='bbox 1038 3060 1241 3124; x_wconf 81' lang='lat' dir='ltr'><strong>vertit</strong></span> <span class='ocrx_word' id='word_1_160' title='bbox 1269 3060 1465 3125; x_wconf 89' lang='lat' dir='ltr'><strong>nobis</strong></span> <span class='ocrx_word' id='word_1_161' title='bbox 1494 3061 1867 3146; x_wconf 90' lang='lat' dir='ltr'><strong>oculosque</strong></span> <span class='ocrx_word' id='word_1_162' title='bbox 1895 3062 2224 3147; x_wconf 84' lang='lat' dir='ltr'><strong>patentis:</strong></span> 
     </span>
    </p>

    <p class='ocr_par' dir='ltr' id='par_1_7' title="bbox 392 3174 2538 3846">
     <span class='ocr_line' id='line_1_24' title="bbox 439 3174 2146 3262; baseline 0.003 -26"><span class='ocrx_word' id='word_1_163' title='bbox 439 3192 538 3237; x_wconf 83' lang='lat'><strong>725</strong></span> <span class='ocrx_word' id='word_1_164' title='bbox 593 3174 750 3240; x_wconf 90' lang='lat' dir='ltr'><strong>inde</strong></span> <span class='ocrx_word' id='word_1_165' title='bbox 779 3176 1147 3240; x_wconf 78' lang='lat' dir='ltr'><strong>minutatim</strong></span> <span class='ocrx_word' id='word_1_166' title='bbox 1176 3183 1360 3240; x_wconf 88' lang='lat' dir='ltr'><strong>retro</strong></span> <span class='ocrx_word' id='word_1_167' title='bbox 1391 3184 1801 3262; x_wconf 89' lang='lat' dir='ltr'><strong>contorquet</strong></span> <span class='ocrx_word' id='word_1_168' title='bbox 1831 3184 1899 3240; x_wconf 90' lang='lat' dir='ltr'><strong>et</strong></span> <span class='ocrx_word' id='word_1_169' title='bbox 1926 3175 2146 3242; x_wconf 85' lang='lat' dir='ltr'><strong>aufert</strong></span> 
     </span>
     <span class='ocr_line' id='line_1_25' title="bbox 594 3290 2195 3377; baseline 0.001 -23"><span class='ocrx_word' id='word_1_170' title='bbox 594 3290 934 3355; x_wconf 85' lang='lat' dir='ltr'><strong>luciferam</strong></span> <span class='ocrx_word' id='word_1_171' title='bbox 961 3298 1221 3376; x_wconf 86' lang='lat' dir='ltr'><strong>partem</strong></span> <span class='ocrx_word' id='word_1_172' title='bbox 1252 3290 1741 3376; x_wconf 88' lang='lat' dir='ltr'><strong>glomeraminis</strong></span> <span class='ocrx_word' id='word_1_173' title='bbox 1771 3300 1974 3377; x_wconf 87' lang='lat' dir='ltr'><strong>atque</strong></span> <span class='ocrx_word' id='word_1_174' title='bbox 2004 3291 2195 3377; x_wconf 78' lang='lat' dir='ltr'><strong>pilai3</strong></span> 
     </span>
     <span class='ocr_line' id='line_1_26' title="bbox 594 3404 2221 3493; baseline 0.002 -25"><span class='ocrx_word' id='word_1_175' title='bbox 594 3412 671 3469; x_wconf 88' lang='lat' dir='ltr'><strong>ut</strong></span> <span class='ocrx_word' id='word_1_176' title='bbox 697 3405 1112 3493; x_wconf 85' lang='lat' dir='ltr'><strong>Babylonica</strong></span> <span class='ocrx_word' id='word_1_177' title='bbox 1143 3404 1554 3469; x_wconf 88' lang='lat' dir='ltr'><strong>Chaldaeum</strong></span> <span class='ocrx_word' id='word_1_178' title='bbox 1584 3405 1893 3471; x_wconf 87' lang='lat' dir='ltr'><strong>doctrina</strong></span> <span class='ocrx_word' id='word_1_179' title='bbox 1919 3406 2221 3471; x_wconf 87' lang='lat' dir='ltr'><strong>refutans</strong></span> 
     </span>
     <span class='ocr_line' id='line_1_27' title="bbox 595 3521 2309 3607; baseline 0.002 -24"><span class='ocrx_word' id='word_1_180' title='bbox 595 3521 1087 3607; x_wconf 85' lang='lat' dir='ltr'><strong>astrologorum</strong></span> <span class='ocrx_word' id='word_1_181' title='bbox 1116 3528 1327 3585; x_wconf 88' lang='lat' dir='ltr'><strong>artem</strong></span> <span class='ocrx_word' id='word_1_182' title='bbox 1362 3530 1602 3586; x_wconf 88' lang='lat' dir='ltr'><strong>contra</strong></span> <span class='ocrx_word' id='word_1_183' title='bbox 1630 3521 2029 3586; x_wconf 88' lang='lat' dir='ltr'><strong>convincere</strong></span> <span class='ocrx_word' id='word_1_184' title='bbox 2057 3521 2275 3586; x_wconf 87' lang='lat' dir='ltr'><strong>tendit</strong></span> <span class='ocrx_word' id='word_1_185' title='bbox 2293 3572 2309 3598; x_wconf 93' lang='lat'>‚</span> 
     </span>
     <span class='ocr_line' id='line_1_28' title="bbox 591 3634 2538 3723; baseline 0.001 -25"><span class='ocrx_word' id='word_1_186' title='bbox 591 3634 878 3722; x_wconf 89' lang='lat' dir='ltr'><strong>proinde</strong></span> <span class='ocrx_word' id='word_1_187' title='bbox 909 3636 1101 3720; x_wconf 85' lang='lat' dir='ltr'><strong>quasi</strong></span> <span class='ocrx_word' id='word_1_188' title='bbox 1128 3634 1202 3699; x_wconf 90' lang='lat' dir='ltr'><strong>id</strong></span> <span class='ocrx_word' id='word_1_189' title='bbox 1224 3636 1371 3700; x_wconf 88' lang='lat' dir='ltr'><strong>fieri</strong></span> <span class='ocrx_word' id='word_1_190' title='bbox 1396 3645 1691 3722; x_wconf 86' lang='lat' dir='ltr'><strong>nequeat</strong></span> <span class='ocrx_word' id='word_1_191' title='bbox 1720 3636 1907 3722; x_wconf 91' lang='lat' dir='ltr'><strong>quod</strong></span> <span class='ocrx_word' id='word_1_192' title='bbox 1935 3646 2194 3723; x_wconf 85' lang='lat' dir='ltr'><strong>pugnat</strong></span> <span class='ocrx_word' id='word_1_193' title='bbox 2218 3644 2504 3722; x_wconf 89' lang='lat' dir='ltr'><strong>uterque</strong></span> <span class='ocrx_word' id='word_1_194' title='bbox 2522 3687 2538 3711; x_wconf 84' lang='lat'>‚</span> 
     </span>
     <span class='ocr_line' id='line_1_29' title="bbox 392 3751 2181 3846; baseline 0.002 -34"><span class='ocrx_word' id='word_1_195' title='bbox 392 3839 401 3846; x_wconf 86' lang='lat'><strong>.</strong></span> <span class='ocrx_word' id='word_1_196' title='bbox 437 3767 535 3814; x_wconf 80' lang='grc'><strong>730</strong></span> <span class='ocrx_word' id='word_1_197' title='bbox 590 3758 707 3815; x_wconf 88' lang='lat' dir='ltr'><strong>aut</strong></span> <span class='ocrx_word' id='word_1_198' title='bbox 734 3751 948 3815; x_wconf 87' lang='lat' dir='ltr'><strong>minus</strong></span> <span class='ocrx_word' id='word_1_199' title='bbox 976 3752 1113 3816; x_wconf 91' lang='lat' dir='ltr'><strong>hoc</strong></span> <span class='ocrx_word' id='word_1_200' title='bbox 1140 3751 1253 3816; x_wconf 89' lang='lat' dir='ltr'><strong>illo</strong></span> <span class='ocrx_word' id='word_1_201' title='bbox 1287 3752 1376 3817; x_wconf 87' lang='lat' dir='ltr'><strong>sit</strong></span> <span class='ocrx_word' id='word_1_202' title='bbox 1405 3775 1524 3817; x_wconf 89' lang='lat' dir='ltr'><strong>cur</strong></span> <span class='ocrx_word' id='word_1_203' title='bbox 1554 3751 1939 3838; x_wconf 85' lang='lat' dir='ltr'><strong>amplectier</strong></span> <span class='ocrx_word' id='word_1_204' title='bbox 1968 3754 2148 3817; x_wconf 90' lang='lat' dir='ltr'><strong>ausis</strong></span> <span class='ocrx_word' id='word_1_205' title='bbox 2167 3802 2181 3815; x_wconf 90' lang='lat'><strong>.</strong></span> 
     </span>
    </p>

    <p class='ocr_par' dir='ltr' id='par_1_8' title="bbox 594 3865 2278 3953">
     <span class='ocr_line' id='line_1_30' title="bbox 594 3865 2278 3953; baseline 0.002 -24"><span class='ocrx_word' id='word_1_206' title='bbox 594 3865 883 3953; x_wconf 90' lang='lat' dir='ltr'><strong>denique</strong></span> <span class='ocrx_word' id='word_1_207' title='bbox 914 3888 1034 3931; x_wconf 90' lang='lat' dir='ltr'><strong>cur</strong></span> <span class='ocrx_word' id='word_1_208' title='bbox 1062 3875 1356 3953; x_wconf 77' lang='lat' dir='ltr'><strong>nequeat</strong></span> <span class='ocrx_word' id='word_1_209' title='bbox 1382 3888 1649 3953; x_wconf 88' lang='lat' dir='ltr'><strong>semper</strong></span> <span class='ocrx_word' id='word_1_210' title='bbox 1674 3889 1854 3932; x_wconf 88' lang='lat' dir='ltr'><strong>nova</strong></span> <span class='ocrx_word' id='word_1_211' title='bbox 1880 3868 2039 3931; x_wconf 85' lang='lat' dir='ltr'><strong>luna</strong></span> <span class='ocrx_word' id='word_1_212' title='bbox 2068 3870 2278 3932; x_wconf 79' lang='lat' dir='ltr'><strong>creari</strong></span> 
     </span>
    </p>

    <p class='ocr_par' dir='ltr' id='par_1_9' title="bbox 587 3980 2138 4185">
     <span class='ocr_line' id='line_1_31' title="bbox 589 3980 2089 4069; baseline 0 -23"><span class='ocrx_word' id='word_1_213' title='bbox 589 3980 825 4046; x_wconf 90' lang='lat' dir='ltr'><strong>ordine</strong></span> <span class='ocrx_word' id='word_1_214' title='bbox 853 3980 1215 4047; x_wconf 86' lang='lat' dir='ltr'><strong>formarum</strong></span> <span class='ocrx_word' id='word_1_215' title='bbox 1244 3991 1430 4048; x_wconf 88' lang='lat' dir='ltr'><strong>certo</strong></span> <span class='ocrx_word' id='word_1_216' title='bbox 1464 3983 1799 4069; x_wconf 89' lang='lat' dir='ltr'><strong>certisque</strong></span> <span class='ocrx_word' id='word_1_217' title='bbox 1825 3982 2089 4068; x_wconf 86' lang='lat' dir='ltr'><strong>figuris,</strong></span> 
     </span>
     <span class='ocr_line' id='line_1_32' title="bbox 587 4098 2138 4185; baseline 0.001 -25"><span class='ocrx_word' id='word_1_218' title='bbox 587 4098 787 4184; x_wconf 88' lang='lat' dir='ltr'><strong>inque</strong></span> <span class='ocrx_word' id='word_1_219' title='bbox 817 4098 961 4162; x_wconf 89' lang='lat' dir='ltr'><strong>dies</strong></span> <span class='ocrx_word' id='word_1_220' title='bbox 991 4099 1220 4185; x_wconf 87' lang='lat' dir='ltr'><strong>privos</strong></span> <span class='ocrx_word' id='word_1_221' title='bbox 1251 4098 1540 4163; x_wconf 89' lang='lat' dir='ltr'><strong>aborisci</strong></span> <span class='ocrx_word' id='word_1_222' title='bbox 1573 4120 1878 4184; x_wconf 91' lang='lat' dir='ltr'><strong>quaeque</strong></span> <span class='ocrx_word' id='word_1_223' title='bbox 1910 4106 2138 4162; x_wconf 84' lang='lat' dir='ltr'><strong>creata</strong></span> 
     </span>
    </p>
   </div>
   <div class='ocr_carea' id='block_1_3' title="bbox 588 4367 2796 4531">
    <p class='ocr_par' dir='ltr' id='par_1_10' title="bbox 588 4367 2796 4531">
     <span class='ocr_line' id='line_1_33' title="bbox 591 4367 2796 4450; baseline -0.001 -23"><span class='ocrx_word' id='word_1_224' title='bbox 591 4383 687 4428; x_wconf 80' lang='lat'><strong>705</strong></span> <span class='ocrx_word' id='word_1_225' title='bbox 724 4376 967 4446; x_wconf 82' lang='lat' dir='ltr'><strong>perculsa</strong></span> <span class='ocrx_word' id='word_1_226' title='bbox 1006 4378 1024 4444; x_wconf 89' lang='grc' dir='ltr'><strong>ΙΙ</strong></span> <span class='ocrx_word' id='word_1_227' title='bbox 1062 4381 1160 4429; x_wconf 90' lang='grc'><strong>706</strong></span> <span class='ocrx_word' id='word_1_228' title='bbox 1198 4374 1251 4428; x_wconf 89' lang='lat' dir='ltr'><strong>id</strong></span> <span class='ocrx_word' id='word_1_229' title='bbox 1274 4383 1538 4430; x_wconf 62' lang='lat' dir='ltr'><strong>ommam.</strong></span> <span class='ocrx_word' id='word_1_230' title='bbox 1591 4377 1610 4447; x_wconf 82' lang='grc' dir='ltr'><strong>ΙΙ</strong></span> <span class='ocrx_word' id='word_1_231' title='bbox 1659 4382 1756 4430; x_wconf 87' lang='grc'><strong>708</strong></span> <span class='ocrx_word' id='word_1_232' title='bbox 1793 4377 2002 4430; x_wconf 87' lang='lat' dir='ltr'><strong>beneno</strong></span> <span class='ocrx_word' id='word_1_233' title='bbox 2047 4376 2067 4448; x_wconf 87' lang='grc' dir='ltr'><strong>ΙΙ</strong></span> <span class='ocrx_word' id='word_1_234' title='bbox 2120 4383 2214 4429; x_wconf 85' lang='grc'><strong>711</strong></span> <span class='ocrx_word' id='word_1_235' title='bbox 2257 4383 2363 4428; x_wconf 83' lang='lat' dir='ltr'><strong>tam</strong></span> <span class='ocrx_word' id='word_1_236' title='bbox 2402 4376 2423 4450; x_wconf 83' lang='grc' dir='ltr'><strong>ΙΙ</strong></span> <span class='ocrx_word' id='word_1_237' title='bbox 2461 4381 2557 4429; x_wconf 81' lang='grc'><strong>713</strong></span> <span class='ocrx_word' id='word_1_238' title='bbox 2595 4373 2744 4446; x_wconf 78' lang='lat' dir='ltr'><strong>pilae.</strong></span> <span class='ocrx_word' id='word_1_239' title='bbox 2779 4367 2796 4434; x_wconf 76' lang='lat' dir='ltr'>ss</span> 
     </span>
     <span class='ocr_line' id='line_1_34' title="bbox 588 4458 1633 4531; baseline 0.002 -20"><span class='ocrx_word' id='word_1_240' title='bbox 588 4465 687 4512; x_wconf 86' lang='grc'><strong>720</strong></span> <span class='ocrx_word' id='word_1_241' title='bbox 724 4460 769 4512; x_wconf 84' lang='lat' dir='ltr'><strong>si</strong></span> <span class='ocrx_word' id='word_1_242' title='bbox 807 4459 826 4530; x_wconf 88' lang='grc' dir='ltr'><strong>ΙΙ</strong></span> <span class='ocrx_word' id='word_1_243' title='bbox 864 4465 962 4512; x_wconf 85' lang='grc'><strong>727</strong></span> <span class='ocrx_word' id='word_1_244' title='bbox 1000 4458 1313 4528; x_wconf 83' lang='lat' dir='ltr'><strong>babylonisa</strong></span> <span class='ocrx_word' id='word_1_245' title='bbox 1351 4459 1371 4531; x_wconf 77' lang='grc' dir='ltr'><strong>ΙΙ</strong></span> <span class='ocrx_word' id='word_1_246' title='bbox 1408 4464 1507 4510; x_wconf 83' lang='grc'><strong>730</strong></span> <span class='ocrx_word' id='word_1_247' title='bbox 1544 4459 1633 4513; x_wconf 86' lang='lat' dir='ltr'><strong>ilio</strong></span> 
     </span>
    </p>
   </div>
  </div>
 </body>
</html>
