3042 5192
1265 482 1333 547 V
1408 466 1417 477 ’
2272 483 2411 550 299

199 696 261 704 -
285 660 552 743 possint,
597 658 666 720 in
708 679 794 730 ιν,
812 657 928 720 641
977 657 1382 721 coturnicibus
1407 704 1420 717 .
1469 676 1617 718 cum
1660 653 1991 739 quadrato
2032 655 2323 719 concinit
2350 657 2417 719 in

189 779 257 831 11,
271 755 394 819 245
423 756 736 819 videamus
767 761 833 818 et
860 756 929 818 in
958 778 1048 830 w,
1061 754 1182 818 725
1214 756 1451 840 opilare
1472 778 1494 816 .·
1535 751 1657 815 sed
1686 774 1926 817 versus
1954 753 2105 817 libri
2134 777 2178 818 v
2196 755 2318 819 952
2347 757 2417 819 in

191 853 525 939 quadrato
558 861 662 917 est
705 853 882 916 inter
923 860 1114 916 extra
1161 852 1348 916 clusa
1368 899 1384 926 ‚
1423 872 1645 936 neque
1673 850 1832 914 mihi
1860 852 2293 938 improbabile
2322 855 2417 917 vi-

195 951 395 1015 detur
455 954 604 1038 ipso
663 950 967 1014 codicum
1007 958 1399 1015 nostrorum
1451 949 1825 1037 archetypo
1872 971 2064 1013 usum
2110 973 2258 1015 esse
2304 953 2417 1036 qui

188 1050 355 1114 haec
401 1057 722 1135 excerpta
765 1049 1055 1113 confecit
1083 1098 1104 1130 ,
1160 1049 1273 1134 qui
1317 1070 1455 1112 non
1497 1047 1625 1111 fuit
1671 1047 1923 1112 codicis
1966 1049 2417 1134 Sangallensis

190 1149 482 1234 scriptor
498 1197 511 1210 .
535 1147 777 1210 horum
800 1154 1272 1232 excerptorum
1293 1145 1453 1209 mihi
1470 1146 1730 1233 copiam
1751 1145 1912 1210 fecit
1929 1146 2094 1211 Otto
2117 1147 2390 1211 Iahnius
2403 1195 2416 1209 .

191 1244 367 1308 Mico
403 1245 809 1309 Centulanus
853 1245 1087 1318 levita,
1129 1246 1242 1330 qui
1272 1245 1442 1308 vixit
1487 1244 1725 1308 eodem
1756 1245 2024 1309 saeculo
2070 1267 2250 1309 nono
2280 1246 2418 1309 ine-

189 1352 347 1407 unte
382 1392 398 1418 ‚
436 1344 504 1406 in
546 1343 836 1406 libellum
868 1365 1001 1428 quo
1047 1342 1350 1428 exempla
1380 1344 1772 1428 quantitatis
1802 1343 2282 1408 vocabulorum
2311 1366 2419 1407 or·

190 1440 343 1504 dine
387 1441 811 1528 alphabetico
857 1440 1159 1525 collegit,
1203 1447 1344 1505 tres
1375 1441 1669 1505 Lucretii
1695 1463 1932 1505 versus
1964 1464 2000 1504 e
2029 1441 2199 1506 libro
2230 1442 2417 1505 11447

195 1539 311 1603 128
340 1539 464 1602 365
506 1539 822 1602 coniecit:
862 1539 931 1601 in
971 1539 1110 1602 eius
1140 1538 1342 1602 libelli
1387 1538 1622 1602 codice
1650 1538 2232 1603 Halberstadiensi
2274 1562 2418 1604 sae-

190 1638 341 1702 culo
390 1638 589 1701 tertio
634 1635 893 1700 decimo
935 1637 1224 1723 script0‚
1268 1658 1465 1722 quem
1508 1637 1666 1700 mihi
1694 1637 2055 1702 Mauricius
2082 1638 2419 1725 Hauptius
2518 1721 2521 1724 Α

190 1735 490 1799 ostendit
507 1784 522 1812 ,
553 1736 874 1821 scriptum
907 1742 1011 1798 est
1038 1742 1114 1798 ut
1144 1734 1349 1798 debet
1370 1736 1676 1799 Derivare
1696 1747 1925 1821 queunt
1943 1738 2215 1800 animum
2236 1760 2420 1801 cura-

188 1858 305 1921 que
331 1836 566 1914 levare,
609 1856 756 1897 cum
789 1832 1160 1918 quadratus
1189 1832 1438 1897 habeat
1466 1834 1796 1908 Dii-ivam,
1842 1834 2171 1920 oblongus
2202 1856 2243 1898 a
2272 1856 2418 1900 cor-

187 1941 456 1996 rectore
487 1944 755 2019 curfique
773 1980 786 1995 .

357 2030 499 2094 563.
542 2030 1026 2094 Comurzcrn
1080 2051 1420 2093 remus.
1501 2029 1652 2093 Itali
1705 2036 1771 2092 et
1822 2029 2147 2093 Marullus
2204 2030 2419 2094 Con-

194 2151 580 2193 IUNCTUS.

360 2227 500 2290 566.
549 2249 792 2290 mni-:s
838 2247 1148 2289 Lunum&
1196 2246 1554 2288 rossum-r
1601 2223 2061 2287 Anmcsnss.
2136 2226 2422 2290 Adlicere

190 2347 341 2389 cum
372 2326 461 2388 sit
491 2325 678 2388 iactm’
707 2323 817 2387 vel
846 2324 1109 2387 adico-tui
1139 2321 1546 2386 contrarium
1567 2370 1586 2402 ,
1616 2321 1809 2384 unice
1839 2342 2069 2384 verum
2099 2330 2205 2385 est
2234 2322 2420 2407 quod

189 2423 553 2487 Lambinus
597 2422 825 2507 posuit
864 2422 1154 2505 (urbane
1191 2420 1516 2506 Forbiger
1559 2442 1643 2483 ex
1686 2420 1826 2482 eius
1866 2420 2132 2505 ingenio
2161 2420 2422 2510 flami-sse

193 2520 396 2604 dicit)
435 2522 756 2599 Adiicere,
798 2520 927 2582 nisi
960 2517 1142 2603 quod
1174 2526 1291 2581 aut
1326 2526 1651 2582 consueto
1681 2527 1982 2582 veterum
2009 2540 2195 2581 more
2223 2519 2420 2582 Am-

189 2640 392 2682 cl-:RE
437 2617 862 2681 scribendum
904 2625 1010 2681 est
1040 2666 1055 2691 ‚
1101 2624 1218 2682 aut
1258 2617 1472 2680 minus
1514 2617 1814 2703 vulgari,
1860 2616 1946 2681 de
1988 2639 2122 2702 quo
2165 2615 2301 2680 dixi
2333 2616 2422 2681 ad

189 2718 433 2780 librum
462 2739 532 2791 11,
545 2717 685 2792 951,
714 2716 1039 2780 Adiecere.

361 2813 502 2877 568.
561 2813 816 2877 Nnur,
890 2835 1059 2876 N1s1
1117 2835 1668 2878 INTERVALLIS
1725 2836 1824 2876 nr:
1886 2836 2243 2877 CORPORE
2301 2837 2422 2876 Ll-

191 2935 464 2976 BRANT
508 2911 1055 2975 nmmum.
1100 2912 1435 2975 Antonius
1465 2912 1662 2974 Marii
1692 2914 1927 2998 Nilque
1964 2914 2085 2975 nisi
2124 2936 2199 2974 ex
2236 2914 2421 2975 inter-

187 3011 370 3074 valli-5
394 3058 414 3089 ,
473 3031 605 3094 quo
649 3009 818 3072 male
862 3009 1150 3094 probato
1197 3009 1396 3092 (nihil
1443 3010 1614 3073 enim
1656 3008 1746 3072 ad
1786 3011 2181 3073 sententiam
2224 3009 2423 3093 facit)

191 3108 522 3172 Marullus
565 3108 933 3171 rectissime
992 3107 1264 3193 scripsit
1300 3130 1339 3169 L
1360 3129 1642 3170 IBANT.
1698 3106 2075 3191 Naugerius
2121 3108 2243 3171 Nil
2276 3109 2426 3192 ipsi-s·

189 3208 526 3272 intervallis
555 3255 574 3287 ,
617 3206 980 3270 Lambinus
1024 3207 1145 3270 Illa
1189 3208 1325 3291 ipsa
1365 3206 1690 3269 intervalla
1727 3205 1885 3269 nihil
1908 3253 1925 3284 ,
1974 3202 2276 3267 Gifanius
2306 3205 2429 3268 Nil

191 3308 359 3369 visus
384 3306 703 3369 iodervalla
717 3353 736 3384 ,
765 3302 1225 3367 Wakefieldus
1256 3304 1441 3368 Nihil
1465 3305 1603 3388 ipsa
1629 3304 1950 3367 intervalla
1977 3305 2043 3366 in
2067 3305 2152 3365 sis
2165 3350 2182 3381 ,
2221 3302 2423 3366 Eich-

190 3402 457 3468 stadius
488 3405 610 3467 Nil
630 3405 848 3466 missus
875 3404 1272 3467 intervallet'S.
1317 3403 1555 3466 horum
1587 3402 1750 3466 nihil
1779 3422 2009 3466 verum
2038 3422 2187 3464 esse
2217 3423 2424 3487 appa·

191 3509 335 3566 ret:
374 3499 924 3564 Eichstadianum
953 3501 1020 3562 in
1051 3501 1278 3586 primis
1307 3500 1602 3565 mirabile
1635 3509 1738 3565 est
1767 3550 1781 3576 ‚
1826 3523 1959 3585 quo
1989 3500 2175 3585 ipsae
2203 3498 2424 3563 radio-

191 3622 346 3664 rum
389 3599 773 3662 emissiones
815 3607 1008 3662 tanto
1053 3599 1406 3662 intervallo
1451 3599 1673 3663 factae
1714 3599 1877 3662 nihil
1906 3597 1991 3661 de
2020 3597 2424 3662 flammarum

191 3719 488 3785 corpore
520 3696 932 3761 decorticare
965 3695 1310 3760 dicuntur:
1340 3699 1653 3781 probavit
1683 3699 1853 3760 enim
1882 3698 2137 3776 abram,
2182 3720 2319 3760 non
2350 3699 2424 3762 li-

189 3803 370 3864 bant.
400 3800 561 3862 mihi
591 3798 752 3884 quid
783 3799 1134 3862 Lucretius
1166 3797 1430 3861 dederit
1459 3804 1646 3860 certo
1679 3795 1809 3859 dici
1836 3817 2041 3881 posse
2069 3817 2207 3859 non
2240 3793 2424 3858 vide-

189 3909 310 3964 tur
341 3901 372 3960 5
404 3897 525 3962 sed
567 3898 878 3982 quoniam
920 3899 1132 3982 spatiis
1170 3896 1302 3959 hoc
1346 3894 1875 3959 commodissime
1917 3892 2323 3957 adscribitur
2350 3900 2428 3957 ut

191 3997 284 4061 de
317 3998 564 4083 ignium
587 4015 873 4080 corpore
896 4002 1013 4057 aut
1042 3993 1293 4079 aliquid
1317 4001 1433 4058 aut
1461 3993 1624 4056 nihil
1644 3993 1862 4062 libent
1883 3991 2239 4056 demantve
2259 4041 2273 4068 ,
2304 4015 2426 4077 po-

193 4104 337 4160 test
377 4095 546 4158 satis
589 4103 746 4180 apt-e
785 4094 1009 4157 hiatus
1038 4095 1131 4157 ita
1162 4094 1446 4178 expleri,
1490 4094 1614 4156 Nil
1650 4114 1751 4155 EA
1800 4114 1881 4154 IN
1926 4114 2059 4155 1118
2099 4092 2430 4154 intervallis

190 4198 270 4258 de
301 4216 557 4278 corpore
586 4193 776 4255 libant
803 4192 1232 4256 Flammarum
1252 4241 1265 4254 .

367 4292 510 4354 570.
570 4290 709 4353 574.
768 4290 1299 4355 Pssnvmuuu‘r
1355 4310 1717 4353 Nosti-Ros
1775 4309 1874 4350 An
1935 4308 2237 4350 sensus
2261 4333 2276 4358 ‚
2335 4307 2427 4347 ΕΤ

191 4413 411 4455 LOCA
462 4412 870 4453 runcinum.
923 4389 1110 4453 Haec
1155 4390 1310 4474 quia
1348 4411 1484 4452 non
1533 4385 1620 4449 ad
1662 4386 1883 4450 lumen
1925 4384 2123 4456 soliS‚
2175 4381 2298 4447 sed
2341 4381 2427 4444 ad

191 4491 470 4554 calorem
512 4488 831 4573 lumenque
866 4486 1192 4574 profic-mm
1219 4493 1531 4572 spectant
1556 4533 1570 4560 ‚
1614 4507 1747 4548 non
1789 4482 2125 4548 sufficiunt
2154 4507 2170 4559 3
2210 4502 2429 4566 neque
