3042 5192
607 449 743 519 152
1666 446 1763 515 ΙΙΙ

585 634 824 699 ‘tores3
855 617 1043 707 quod
1073 627 1310 685 contra
1338 623 1453 687 eici
1483 629 1553 685 et
1579 622 1783 708 quot‘ei
1811 627 2064 686 testata
2092 628 2252 685 sunt
2269 670 2283 684 .
2312 618 2536 707 neque
2564 621 2620 685 ei
2632 669 2652 701 ‚
2679 641 2805 685 cum

605 721 789 809 prior
820 720 1080 807 syllaba
1107 718 1523 806 producitur,
1555 729 1612 784 εἴ
1641 718 1998 783 dicendum
2028 727 2136 784 est
2153 769 2168 796 ,
2201 720 2516 806 quoniam
2545 717 2807 783 admittit

606 819 943 883 elisionem
973 867 988 892 ‚
1029 826 1107 881 ut
1137 816 1398 881 dicetur
1429 816 1518 881 ad
1547 839 1816 882 versum
1844 817 1968 882 374
1998 841 2013 881 :
2057 819 2282 903 aptius
2310 817 2657 904 pingemus
2684 818 2807 880 itai

609 917 857 1005 duplici
886 966 901 992 ‚
944 920 1007 1001 ῳ·
1027 965 1045 996 ,
1087 914 1161 980 id
1202 925 1308 980 est
1346 918 1428 981 eii
1453 965 1472 995 ,
1514 937 1715 1000 quem
1745 914 2108 981 admodum
2135 916 2455 980 Italorum
2485 936 2647 1001 pars
2674 935 2806 1000 pru-

609 1014 849 1079 denter
889 1015 1195 1079 scribunt
1227 1021 1344 1100 yaj
1375 1037 1416 1079 a
1454 1015 1773 1101 singulari
1797 1016 1943 1101 yaio
1972 1064 1985 1078 .
2030 1035 2203 1100 quae
2233 1013 2468 1077 eadem
2500 1011 2809 1077 scribendi

610 1135 721 1179 ars
759 1114 830 1176 in
867 1114 1206 1178 Graiorum
1244 1114 1509 1178 nomine
1554 1114 1773 1178 locum
1814 1112 2022 1177 habet
2055 1162 2070 1189 ,
2112 1113 2208 1176 ita
2236 1160 2253 1187 ‚
2303 1112 2471 1196 Graj
2507 1120 2577 1175 et
2611 1110 2810 1194 Gravis,-

611 1232 1011 1297 quamquam
1035 1210 1473 1288 Terentiano,
1500 1210 1636 1275 hoc
1662 1219 1767 1276 est
1786 1211 2027 1275 Mauro
2056 1210 2379 1298 temporis
2400 1209 2810 1280 Diocletiani,

613 1331 806 1374 suum
843 1310 1004 1373 Gr&
1033 1308 1538 1374 concedendum
1568 1318 1674 1375 est
1702 1358 1719 1385 ‚
1750 1331 1877 1374 nec
1906 1309 2032 1373 nisi
2059 1309 2128 1372 in
2156 1309 2380 1396 poetis
2408 1307 2701 1394 antiquis
2725 1328 2811 1371 sa·

615 1408 701 1472 tis
743 1415 891 1472 tuto
934 1408 1134 1472 scribi
1163 1415 1394 1494 potest
1433 1409 1725 1494 objciebat
1749 1457 1769 1490 ,
1812 1410 2081 1492 conjcere
2105 1455 2125 1488 ,
2163 1408 2423 1493 objcibus
2449 1455 2469 1488 ,
2512 1407 2571 1470 si
2614 1413 2683 1470 et
2712 1427 2811 1468 nu-

615 1527 836 1570 meros
867 1527 1136 1570 servare
1165 1506 1471 1570 volumus
1504 1514 1574 1571 et
1602 1505 1941 1571 scribendi
1969 1504 2526 1569 consuetudinem
2543 1553 2561 1581 ‚
2592 1502 2678 1567 de
2704 1523 2812 1588 qua

617 1602 754 1667 dixi
784 1602 874 1666 ad
905 1604 1052 1668 Gai'i
1083 1626 1313 1668 comm.
1346 1627 1444 1679 111,
1462 1627 1527 1689 p.
1542 1604 1667 1670 258
1696 1654 1711 1668 .
1755 1603 1883 1668 sed
1907 1602 2038 1668 hac
2066 1604 2369 1689 longiore
2396 1604 2628 1668 littera
2654 1603 2705 1666 si
2730 1601 2811 1664 usi

616 1710 844 1766 essent
884 1700 1179 1766 editores
1210 1702 1404 1766 Gellii
1435 1725 1522 1778 1v,
1540 1704 1649 1779 17,
1693 1702 1878 1767 Festi
1908 1726 1972 1788 p.
1987 1702 2223 1779 305‚25
2242 1749 2258 1777 ‚
2292 1700 2497 1765 Nonii
2524 1724 2593 1787 p.
2618 1698 2812 1772 169‚2‚

614 1819 851 1861 versus
879 1798 1079 1862 Ennii
1105 1798 1238 1863 hoc
1266 1799 1469 1864 modo
1502 1800 2033 1886 disposuissent,
2060 1823 2184 1886 per
2211 1823 2320 1886 eqo
2347 1801 2529 1864 dmm
2552 1799 2814 1863 sublimas

613 1896 842 1980 subjces
882 1896 1133 1961 Umida-s
1158 1946 1178 1978 ,
1217 1900 1378 1962 unde
1420 1901 1619 1963 mitur
1646 1899 1840 1963 imber
1865 1901 2066 1975 sonitu
2089 1922 2271 1963 saevo
2299 1909 2358 1962 et
2378 1899 2641 1984 εμῖνίἰυς
2669 1917 2811 1981 quos

615 1994 706 2058 illi
745 1994 927 2082 turpi
971 2017 1197 2060 errore
1227 2044 1243 2073 ‚
1290 1998 1484 2081 quasi
1514 1997 1710 2061 Gellii
1751 1996 2272 2082 disputationem
2309 2018 2447 2060 non
2485 1996 2811 2081 legissent,

615 2091 921 2157 fecerunt
946 2095 1267 2159 iambicos
1296 2096 1641 2161 trimetros
1660 2144 1674 2159 .
1704 2098 1762 2161 ei
1787 2118 1953 2160 vero
1984 2117 2352 2180 pronomen
2388 2117 2527 2159 non
2556 2092 2810 2159 scaenici

618 2190 742 2254 soli
779 2189 849 2253 in
877 2213 1075 2269 unam
1104 2192 1430 2279 syllabam
1459 2202 1879 2259 contractum
1909 2195 2296 2259 extulerunt
2327 2243 2342 2270 ,
2386 2192 2513 2258 sed
2543 2191 2811 2257 Catullus

621 2308 892 2374 quoque
934 2314 998 2376 p.
1032 2290 1131 2366 69,
1164 2291 1193 2354 1
1229 2290 1498 2378 Eripere
1538 2294 1595 2357 ei
1630 2294 1760 2357 noli
1787 2341 1807 2374 ,
1849 2300 1918 2357 et
1946 2292 2260 2358 Manilius
2290 2294 2483 2357 eidem
2515 2292 2586 2355 in
2613 2290 2751 2359 111,7
2797 2338 2809 2351 .

620 2386 746 2451 sed
776 2388 1075 2453 Catullus
1116 2390 1245 2454 alio
1288 2391 1438 2455 loco
1467 2414 1533 2476 p.
1557 2392 1656 2468 20,
1687 2392 1763 2457 12
1795 2391 2058 2456 duabus
2086 2416 2102 2468 ς
2145 2391 2259 2456 ubi
2287 2390 2645 2477 legendum
2669 2396 2811 2476 puto

624 2486 851 2550 Male-st
884 2510 981 2551 me
1019 2487 1263 2552 hermale
1301 2497 1358 2552 οἳ
1395 2502 1454 2553 et
1490 2491 1789 2555 laboriose
1816 2517 1839 2554 .·
1878 2511 2029 2554 nam
2072 2490 2141 2553 in
2168 2513 2265 2554 me
2292 2489 2536 2554 hercule
2562 2488 2813 2552 haeren-

620 2581 777 2647 dum
804 2606 943 2647 non
974 2592 1079 2650 est
1097 2634 1111 2662 ,
1144 2585 1331 2671 quod
1362 2610 1763 2673 quamquam
1793 2587 2152 2652 Terentius
2193 2588 2340 2652 sine
2369 2588 2639 2652 elisione
2667 2584 2816 2648 dixit

619 2691 691 2745 et
732 2680 1013 2746 Plautus
1061 2683 1130 2747 in
1169 2684 1554 2750 Mercatore
1595 2710 1684 2766 ιν,
1710 2688 1768 2762 7,
1795 2687 1876 2751 79
1907 2735 1923 2761 ,
1960 2688 2227 2751 ‘mercule
2271 2688 2595 2773 scriptum
2631 2691 2720 2747 est
2748 2682 2813 2744 in

617 2777 926 2842 Mediceo
958 2780 1193 2845 codice
1224 2784 1659 2869 epistularum
1682 2784 2024 2850 Ciceronis
2054 2805 2335 2872 semper,
2362 2793 2441 2849 ut
2465 2784 2623 2849 dicit
2638 2782 2817 2848 Furia

623 2876 713 2941 ad
740 2876 979 2941 librum
1007 2880 1234 2956 v,10,1
1272 2930 1288 2956 ‚
1327 2882 1623 2967 itemque
1652 2883 1867 2968 prima
1892 2880 2091 2947 manu
2117 2883 2187 2946 in
2217 2881 2454 2947 codice
2484 2880 2813 2947 Frontonis

621 2999 684 3063 p.
708 2975 838 3042 104.
856 2984 927 3040 et
952 2977 1021 3040 in
1043 2976 1360 3044 Bobiensi
1391 2982 1863 3045 commentario
1889 2980 2292 3045 Plancianae
2320 3003 2384 3066 p.
2403 2981 2486 3045 54
2514 2980 2646 3045 Mai
2670 2978 2811 3062 (¹256,

620 3075 701 3138 33
727 3075 869 3160 Or.)
887 3123 902 3150 ‚
933 3083 1286 3159 praeterea
1312 3077 1669 3143 Phaedrus
1697 3078 2118 3165 trisyllabum
2146 3078 2307 3143 fecit
2333 3080 2403 3142 in
2431 3100 2628 3143 versu
2646 3126 2659 3140 .

787 3172 926 3238 232.
958 3171 1236 3239 Tenus
1265 3197 1499 3239 Eum.
1536 3175 1903 3241 Corrector
1938 3177 2213 3263 oblongi
2242 3176 2595 3242 mem.

787 3270 928 3333 234.
972 3271 1138 3336 Nnc
1171 3295 1436 3337 CALon
1464 3297 1611 3338 ns‘r
1642 3296 2057 3352 QtJlsQUAM
2083 3324 2101 3356 ,
2144 3297 2272 3339 cul
2304 3298 2461 3340 nou
2497 3299 2625 3340 su·
2652 3293 2807 3338 111-

622 3390 766 3431 ‘rus
809 3390 903 3430 nr
944 3389 1100 3431 AER
1129 3419 1142 3432 .
1189 3371 1277 3435 Ec
1304 3393 1427 3456 pro
1459 3374 1643 3435 etiam
1671 3373 1985 3457 quotiens
2013 3373 2083 3436 in
2110 3372 2246 3437 hoc
2275 3374 2569 3438 carmine
2590 3369 2806 3437 inveni·

621 3471 731 3527 tur
761 3465 1133 3548 (invenitur
1162 3476 1384 3532 autem
1411 3471 1780 3555 rarissime)
1826 3479 2213 3558 suspectum
2256 3480 2361 3536 est
2390 3470 2807 3558 corruptelae.

621 3561 731 3625 hic
770 3584 991 3647 neque
1034 3563 1125 3627 ad
1169 3568 1569 3632 sententiam
1610 3571 1966 3655 quicquam
2008 3570 2272 3634 confert
2309 3579 2377 3635 et
2404 3569 2701 3636 facillime
2725 3587 2806 3631 re·

620 3661 876 3725 moveri
902 3670 1139 3747 potest
1167 3666 1524 3730 scribendo
1557 3670 1657 3731 oui
1683 3690 1989 3733 mrx‘rus
2017 3692 2140 3734 non
2169 3691 2350 3733 SIET
2380 3680 2495 3733 aer
2524 3718 2539 3733 .
2580 3670 2646 3732 in
2670 3667 2807 3730 libro

623 3783 685 3835 v,
712 3758 829 3823 531
888 3768 1192 3847 apertum
1247 3772 1350 3828 est
1400 3771 1669 3850 poetam
1709 3764 1948 3830 fecisse
1979 3767 2050 3833 Ε
2080 3768 2296 3853 quibus
2332 3792 2461 3832 una
2500 3780 2693 3832 tomen
2726 3764 2811 3827 sid

619 3860 771 3924 haec
798 3883 1033 3947 quoque
1062 3885 1250 3926 causa
1275 3875 1595 3945 necessest,
1625 3865 1740 3930 ubi
1770 3873 1875 3929 est
1899 3867 1979 3929 sit
2005 3866 2238 3929 ethaeo
2264 3889 2502 3953 quoque
2518 3915 2533 3929 .

788 3958 1204 4024 236.A1;1us
1235 3984 1484 4026 mrsu
1510 3985 1669 4027 mm
1700 3986 1945 4027 mrsu
1972 3987 2129 4027 nun
2158 3986 2619 4029 PRIMORDIA
2648 3981 2808 4026 nut-

621 4077 782 4118 rmu
799 4078 947 4130 Qui:
964 4080 1043 4120 Μ
1066 4107 1079 4121 .
1110 4058 1428 4146 Impressi
1455 4071 1723 4126 veteres
1754 4065 1819 4126 in
1847 4085 2087 4126 cereum
2111 4111 2130 4141 ,
2170 4062 2294 4127 sed
2324 4064 2531 4128 semel
2558 4069 2806 4128 tannim.

623 4153 773 4217 Itali
802 4154 1048 4219 inter-itu
1075 4204 1095 4237 ‚
1136 4158 1465 4223 Avantius
1495 4161 1563 4224 in
1592 4173 1823 4225 coetum
1838 4208 1857 4242 ,
1888 4161 2214 4225 Marullus
2242 4163 2339 4226 ita
2363 4171 2443 4226 ut
2473 4161 2693 4227 debuit
2712 4207 2725 4221 .
2754 4156 2809 4218 in

621 4251 752 4314 fine
796 4250 1172 4336 quadratus
1222 4257 1548 4343 multc‘zqwi
1578 4307 1594 4333 ‚
1637 4258 1968 4345 oblongus
2012 4260 2489 4348 multamqnaen'
2516 4286 2537 4325 .·
2577 4250 2809 4338 oblongi

622 4358 971 4414 corrector
1015 4354 1276 4437 egregie
1303 4357 1498 4421 multa
1529 4379 1837 4423 novum
1857 4406 1874 4432 ‚
1901 4358 2130 4443 itaque
2157 4359 2495 4424 Antonius
2523 4350 2811 4424 Florenti·

621 4467 748 4510 nus
780 4454 849 4510 et
877 4448 1030 4512 olim
1059 4450 1398 4535 impressi.
