3042 5192
1331 467 1363 536 I
2369 473 2461 542 29

233 664 387 706 cum
414 642 582 706 vitio
612 642 1035 706 coniunctam
1054 692 1070 718 ‚
1091 643 1161 706 in
1189 665 1253 719 v,
1268 642 1389 707 627
1422 666 1560 707 cum
1576 644 2012 728 posterioribus
2035 646 2226 731 imis,
2262 668 2461 710 voca-

230 741 410 806 bulis
448 741 620 804 male
661 738 994 805 distinctis
1025 790 1040 817 ‚
1090 747 1159 805 et
1196 742 1264 803 in
1304 741 1572 818 v1‚1138
1614 742 1962 807 morborum
2006 753 2062 808 ct
2111 732 2464 833 mortiferae

229 861 361 925 pro
390 840 772 926 morti'ferai
788 888 802 904 .
835 839 1058 903 multis
1098 847 1320 903 tamen
1361 838 1623 904 indiciis
1663 840 1982 925 cognosci
2020 848 2251 927 potest
2285 843 2463 909 hanc

229 936 573 1001 scribendi
614 938 937 1002 rationem
978 937 1133 1002 olim
1172 937 1381 1001 multo
1422 939 1634 1024 magis
1677 938 1745 1001 in
1789 961 1918 1003 usu
1953 937 2160 1004 fuisse
2190 990 2204 1003 .
2241 963 2460 1029 neque

230 1038 375 1102 eius
404 1037 503 1100 rei
530 1036 715 1100 nulla
744 1043 901 1100 sunt
936 1036 1007 1100 in
1033 1037 1284 1100 nostris
1327 1036 1608 1101 aliorum
1635 1038 2037 1124 scriptorum
2076 1041 2462 1127 exemplari-

230 1136 362 1199 bus
402 1133 718 1220 vestigia.
763 1133 947 1220 apud
991 1133 1377 1199 Ciceronem
1422 1133 1508 1198 de
1548 1134 1793 1200 finibus
1836 1158 1907 1212 11,
1920 1135 2001 1199 24
2041 1135 2192 1202 libri
2231 1159 2461 1203 omnes
2515 1219 2520 1228 ι

226 1232 603 1297 rectissime
649 1232 719 1295 in
756 1231 990 1296 Lucilii
1042 1232 1350 1297 versibus
1388 1232 1443 1297 O
1481 1233 1726 1318 lapathe
1747 1282 1766 1315 ,
1823 1245 1893 1298 ut
1927 1236 2162 1299 iactare
2183 1283 2203 1315 ,
2247 1259 2360 1301 nec
2399 1262 2463 1302 es

222 1334 378 1396 eatis
414 1332 669 1416 coynitu'
709 1334 818 1417 qui
857 1332 980 1396 sis!
1018 1329 1203 1418 apud
1248 1329 1534 1395 eundem
1570 1331 1641 1395 in
1666 1352 1868 1396 versu
1899 1331 2098 1396 Ennii
2124 1381 2139 1409 ‚
2175 1331 2262 1397 de
2293 1333 2458 1399 divi-

224 1430 504 1494 natione
534 1428 674 1505 1,66
692 1477 708 1503 ,
728 1430 858 1493 Aut
881 1430 988 1493 ubi
1012 1431 1125 1494 illa
1140 1431 1339 1515 paulo
1368 1441 1505 1495 ante
1531 1432 1776 1515 sapiens
1792 1432 2100 1517 viryinali’
2125 1434 2461 1498 modestia?

223 1527 415 1614 apud
442 1526 718 1592 Festum
756 1552 820 1615 p.
834 1526 976 1603 290,
993 1528 1067 1592 11
1100 1526 1368 1591 Miilleri
1411 1549 1495 1592 ex
1524 1527 1779 1592 Lucilio
1816 1531 1871 1592 si
1903 1533 2159 1615 mqqeri’
2198 1555 2427 1618 swas
2441 1582 2460 1614 ,

225 1637 297 1691 et
325 1650 393 1712 p.
405 1625 548 1702 343,
564 1624 640 1689 21
676 1646 761 1689 ex
784 1625 1005 1690 Ennio
1038 1627 1298 1691 Pandite
1330 1629 1694 1713 suetiyeniae
1716 1676 1735 1708 ‚
1779 1626 1962 1715 apud
1990 1627 2269 1693 Paulum
2297 1655 2362 1718 p.
2377 1632 2458 1697 70

217 1727 610 1812 sulpiyenas,
639 1724 774 1788 hoc
804 1731 910 1788 est
935 1725 1327 1810 culti’yenaS.
1358 1731 1563 1811 atque
1595 1747 1675 1789 eo
1703 1724 1907 1790 modo
1927 1774 1944 1801 ,
1964 1727 2191 1791 ubine
2219 1749 2458 1795 versus

224 1823 508 1911 quidem
535 1844 913 1888 mensuram
938 1821 1139 1887 valde
1169 1822 1478 1900 adiuvat,
1499 1823 1762 1889 Nonius
1788 1847 1854 1910 p.
1870 1821 2010 1901 346,
2030 1825 2107 1891 18
2137 1847 2221 1889 ex
2247 1828 2456 1893 Accio

222 1926 568 2011 Aequi-omri
592 1972 612 2004 ,
646 1922 780 1986 hoc
811 1929 917 1986 est
944 1924 1271 2009 Aquiloni’,
1299 1922 1527 1987 stridor
1559 1923 1797 2007 yclidas
1821 1925 2071 1989 molitur
2096 1926 2260 1989 nives
2285 1974 2298 1988 .
2339 1947 2456 1989 ne·

222 2044 359 2108 que
398 2020 474 2085 id
515 2022 752 2084 mirum
779 2068 794 2096 ‚
829 2043 979 2085 eum
1015 2021 1085 2084 in
1123 2022 1426 2086 oratione
1465 2041 1674 2107 prosa
1712 2020 2154 2100 Quintilianus
2191 2025 2457 2090 institu-

221 2122 487 2185 tionum
515 2118 777 2195 xx‚4‚38
804 2118 1128 2183 Messalla
1145 2168 1161 2195 ‚
1183 2129 1261 2184 ut
1286 2118 1555 2183 videtur
1572 2168 1588 2195 ‚
1612 2126 1789 2183 teste
1819 2119 2068 2183 referat
2092 2118 2270 2185 idem
2300 2122 2455 2186 Ser-

218 2220 404 2283 vium
436 2217 799 2306 Sulpicium
840 2218 1223 2303 asperitatis
1262 2216 1578 2303 vitandae
1621 2237 1823 2281 causa
1862 2217 2261 2283 observasse
2289 2244 2305 2296 3
2342 2221 2458 2304 qui

216 2317 499 2402 scripsit
525 2365 539 2391 ‚
576 2315 705 2379 nisi
746 2313 942 2379 fallor
972 2364 987 2391 ,
1024 2316 1120 2379 sic
1144 2364 1161 2391 ‚
1196 2338 1355 2402 quae
1376 2315 1514 2404 fuit
1552 2339 1740 2380 causa
1779 2327 1834 2380 et
1874 2315 2089 2380 Servio
2109 2364 2127 2396 ‚
2166 2328 2237 2380 ut
2270 2319 2456 2400 dixit,

214 2414 667 2479 subtrahendae
695 2437 727 2476 ε
754 2415 986 2478 litterae
1005 2439 1027 2476 .·
1064 2435 1219 2477 nam
1252 2411 1438 2499 quod
1466 2413 1618 2478 libri
1660 2412 1917 2479 habent
1945 2463 1962 2490 ,
1994 2426 2062 2479 ut
2086 2416 2220 2479 dixi
2243 2465 2261 2495 ,
2296 2415 2455 2481 ferri

216 2534 358 2578 non
390 2532 599 2600 posse
629 2517 902 2576 constat
930 2561 943 2574 .
975 2518 1179 2596 atque
1205 2512 1276 2575 in
1302 2512 1452 2598 ipso
1483 2510 1815 2576 Varronis
1848 2510 1934 2576 de
1962 2512 2188 2600 lingua
2214 2514 2457 2580 Latina

215 2612 545 2677 librorum
571 2608 703 2673 fine
733 2608 1160 2674 Florentinus
1190 2607 1411 2674 codex
1437 2633 1563 2675 non
1590 2612 1752 2674 enim
1780 2612 2021 2700 opufiait
2042 2625 2114 2678 uc
2135 2616 2204 2677 in
2229 2618 2417 2680 servis
2436 2665 2454 2695 ‚

213 2718 283 2773 et
312 2731 403 2772 ex
432 2706 732 2772 eiusdem
759 2706 1176 2771 Parmenone
1205 2707 1467 2773 Nonius
1494 2709 1675 2794 p.86‚
1699 2709 1773 2772 16
1802 2711 1962 2774 alius
2000 2712 2307 2777 caballum
2346 2739 2453 2779 ar-

214 2809 574 2872 bor-i'ramo
611 2807 679 2869 in
706 2805 922 2870 bannili
955 2806 1295 2891 adliqatwm
1319 2808 1646 2894 relinquit.
1696 2806 1932 2871 eodem
1971 2811 2309 2895 pertinent
2336 2815 2457 2877 tale

213 2907 456 2993 quale-st
492 2906 746 2969 similast
778 2905 1019 2968 similes
1040 2953 1059 2985 ,
1090 2925 1216 2991 pro
1264 2907 1405 2969 talis
1424 2953 1444 2987 ‚
1475 2906 1677 2992 qualis
1719 2917 1804 2969 est
1822 2954 1841 2986 ‚
1869 2908 2086 2970 similis
2126 2919 2214 2972 est
2253 2917 2321 2973 et
2359 2935 2420 2974 es
2435 2960 2453 2989 ,

212 3025 257 3067 a
299 3003 532 3067 Nonio
587 3024 622 3066 e
679 3003 947 3067 comicis
998 3003 1340 3068 veteribus
1401 3003 1794 3088 consignata
1841 3027 1905 3089 p.
1924 3002 2162 3078 227,14
2220 3005 2449 3080 198,31

212 3101 456 3179 224,23
475 3151 492 3166 .
524 3100 649 3166 sed
674 3102 745 3166 in
764 3102 1070 3167 versibus
1095 3123 1299 3188 saepe
1325 3100 1740 3166 utilissimum
1773 3108 1880 3164 est
1898 3120 2126 3164 veram
2153 3123 2453 3185 pronun-

210 3199 429 3266 tiandi
454 3201 786 3266 rationem
817 3199 1173 3265 scribendo
1207 3200 1578 3286 exprimere
1608 3248 1621 3262 .
1653 3199 1885 3284 itaque
1927 3199 2041 3283 qui
2082 3199 2250 3263 sciet
2277 3199 2453 3265 Var-

208 3322 451 3364 ronem
490 3300 561 3364 in
616 3299 1006 3365 choliambis
1062 3320 1368 3363 severam
1426 3297 1837 3361 Graecorum
1886 3298 2102 3383 legem
2151 3307 2452 3364 secutum

210 3420 368 3464 esse
398 3449 415 3476 ‚
454 3420 607 3463 eum
643 3419 914 3464 versum
960 3419 1156 3484 quem
1198 3397 1461 3462 Nonius
1500 3397 1601 3473 86,
1611 3395 1693 3460 24
1736 3418 1772 3460 e
1815 3396 2206 3483 Sexagessis
2247 3398 2454 3463 satira

208 3498 502 3584 protulit
528 3496 662 3561 hoc
689 3495 893 3561 modo
924 3494 1347 3561 scribendum
1378 3494 1614 3572 ducet,
1638 3496 1928 3561 Sensibus
1956 3495 2139 3581 (libri
2169 3496 2454 3582 Senibus)

206 3598 438 3660 crassis
464 3595 722 3660 homulli
745 3618 871 3659 non
897 3596 1464 3684 videmu'quidfiat
1486 3644 1500 3658 .
1537 3616 1759 3680 neque
1800 3595 1858 3658 is
1902 3594 2015 3679 qui
2046 3592 2130 3657 de
2162 3593 2453 3680 discipli-

202 3695 319 3758 nis
348 3715 429 3759 ea
457 3694 736 3781 scripsit
764 3715 935 3779 quae
959 3692 1309 3758 Censorini
1336 3693 1561 3758 libello
1591 3691 1965 3758 adhaerent
1991 3692 2217 3778 p.96‚1
2253 3693 2452 3757 Sota-

204 3791 415 3856 deum
432 3843 449 3870 ‚
475 3794 591 3878 qui
618 3798 855 3878 potest
880 3791 1082 3856 Ennii
1111 3813 1262 3856 esse
1285 3841 1300 3868 ‚
1322 3792 1554 3856 vitium
1580 3792 1652 3855 in
1679 3791 1881 3854 tertia
1911 3790 2171 3876 syllaba
2196 3792 2449 3857 habere

202 3889 502 3956 dixisset
527 3939 543 3966 ,
576 3891 633 3954 si
659 3914 692 3954 s
717 3888 1091 3955 tollendum
1116 3889 1400 3954 vidisset
1424 3938 1439 3966 ‚
1469 3891 1586 3954 Ille
1611 3892 1940 3954 ictu’retro
1968 3892 2222 3956 reccidit
2244 3894 2311 3955 in
2336 3917 2452 3956 na·

198 4001 332 4053 tem
356 3991 612 4075 capim-s
627 4038 641 4052 .
671 3988 966 4053 Lucilius
994 3987 1285 4053 fortasse
1316 3989 1503 4052 solus
1523 3987 1785 4052 Graeca
1812 3989 2143 4053 vocabula
2170 4015 2200 4054 s
2227 3990 2455 4055 littera

200 4098 529 4152 truncare
559 4109 766 4153 ausus
796 4095 903 4153 est
932 4137 946 4151 .
989 4088 1273 4152 &assum
1299 4087 1488 4151 habeo
1523 4109 1821 4171 ymerum
1838 4135 1857 4167 ,
1891 4110 1971 4150 ne
1996 4088 2453 4153 rhetoricoterc'

193 4197 271 4248 tu
300 4188 391 4248 sis
412 4233 431 4264 ‚
462 4186 532 4249 in
564 4184 907 4250 Ciceronis
938 4184 1024 4248 de
1063 4193 1334 4250 oratore
1364 4208 1465 4262 111,
1485 4186 1595 4248 171
1628 4234 1641 4247 .
1678 4184 1802 4249 Hic
1829 4196 1896 4248 ut
1919 4188 2298 4271 muscipulae
2326 4199 2452 4250 ten-

191 4296 307 4348 tae
340 4295 518 4370 atque
538 4295 607 4348 ut
622 4286 890 4369 scorpio’
905 4285 1109 4348 cauda
1131 4284 1414 4365 Sublata,
1438 4281 1622 4370 apud
1639 4282 1928 4348 Nonium
1949 4306 2012 4368 p.
2034 4284 2145 4347 181
2168 4284 2289 4346 266
2309 4283 2449 4346 385.

390 4381 521 4446 188.
547 4404 811 4445 omma
844 4403 1179 4458 QuAnno
1209 4381 1652 4447 PAULArnu
1683 4403 2135 4456 massonum,
2170 4403 2269 4444 ur
2299 4402 2452 4443 PAR

188 4502 389 4553 EST,
412 4501 704 4544 snmus
737 4503 1015 4571 cna-rc,
1049 4480 1738 4556 Cnsscx-:Nrssous
1770 4501 2026 4543 ossus
2057 4501 2447 4542 salumn-r.
