3042 5192
1274 473 1375 541 VI
2292 481 2427 550 241

224 647 507 737 pondere
539 649 712 711 enim
738 645 953 711 fretae
981 648 1229 733 partim
1256 653 1473 724 θωπί-,ς
1496 646 1686 732 quod
1714 668 1927 735 genus
1956 671 2218 717 aurum:

225 773 284 830 et
307 763 543 850 partim
574 783 727 827 raro
759 762 918 847 quia
944 768 1105 826 sunt
1135 781 1285 825 cum
1313 783 1601 848 corpore
1618 809 1634 839 ‚
1655 769 1733 827 ut
1759 772 1985 829 aestus

93 896 190 943 1060
223 878 511 966 pervolet
536 879 831 943 intactus
848 925 865 953 ,
886 883 1231 962 nequeunt
1255 876 1559 963 inpellier
1584 899 1903 964 usquam3

222 994 420 1080 lignea
445 992 757 1057 materies
784 992 854 1055 in
885 1013 1020 1077 quo
1050 1011 1295 1077 genere
1326 1012 1474 1057 esse
1502 991 1774 1058 videtur
1791 1044 1805 1058 .

222 1109 663 1194 interutraque
688 1107 890 1194 igitur
917 1105 1077 1170 ferri
1102 1113 1347 1171 natura
1374 1106 1600 1172 locata

224 1224 376 1288 aeris
404 1223 515 1288 ubi
547 1223 808 1309 accepit
838 1220 1169 1307 quaedam
1197 1222 1633 1308 corpuscula,
1653 1233 1797 1288 tum
1823 1224 1901 1289 fit
1917 1273 1934 1301 ,

221 1337 525 1426 inpellant
553 1345 632 1403 ut
660 1358 805 1401 eam
831 1335 1181 1423 Magnesia
1206 1335 1475 1401 flumine
1502 1357 1671 1402 saxa
1687 1386 1702 1402 .

96 1468 191 1514 1065
226 1474 334 1516 nec
357 1460 582 1517 tamen
609 1452 780 1517 haec
805 1451 902 1516 ita
929 1460 1088 1517 sunt
1113 1451 1389 1517 aliarum
1415 1472 1641 1517 rerum
1668 1451 1883 1517 aliena
1900 1501 1917 1528 ‚

224 1577 291 1633 ut
313 1567 461 1632 mihi
488 1567 702 1632 multa
727 1587 962 1653 parum
990 1587 1236 1654 genere
1266 1587 1352 1630 ex
1377 1566 1513 1631 hoc
1543 1566 2059 1653 suppeditentur
2077 1618 2092 1644 ‚

226 1703 379 1768 quae
404 1702 775 1747 memorare
805 1701 1041 1767 queam
1066 1681 1243 1747 inter
1270 1682 1693 1768 singillariter
1721 1690 1884 1770 apta
1899 1733 1912 1747 .

226 1816 371 1860 saxa
395 1796 588 1862 vides
617 1798 898 1884 primum
927 1795 1075 1861 sola
1101 1795 1439 1862 colescere
1469 1798 1655 1863 calce
1672 1847 1686 1862 .

225 1911 455 1997 glutine
483 1912 795 1977 materies
825 1911 1090 1978 taurino
1116 1912 1411 1998 iungitur
1438 1934 1576 1977 uno
1595 1961 1612 1988 ‚

95 2041 192 2088 1070
225 2033 293 2090 ut
314 2026 470 2092 vitio
497 2047 714 2092 venae
742 2027 1120 2092 tabularum
1149 2027 1418 2115 saepius
1446 2027 1713 2093 hiscant

224 2162 403 2226 quam
427 2141 659 2207 laxare
690 2148 941 2228 queant
969 2162 1326 2228 compages
1354 2150 1594 2208 taurea
1619 2143 1840 2208 vincla
1856 2193 1870 2206 .

222 2256 472 2342 vitigeni
500 2256 739 2321 latices
769 2257 967 2342 aqiiai
997 2256 1297 2323 fontibus
1327 2255 1584 2322 audent

222 2371 461 2436 misceri
477 2421 493 2449 ‚
517 2394 671 2435 cum
697 2372 816 2459 pix
842 2380 1134 2457 nequeat
1161 2371 1387 2456 gravis
1417 2378 1486 2434 et
1512 2371 1662 2435 leve
1681 2371 1936 2436 'olivom
1954 2421 1967 2435 .

222 2506 718 2574 purpureusque
748 2486 936 2551 colos
965 2483 1277 2572 conchyli
1303 2483 1599 2570 iungitur
1625 2507 1763 2550 uno

96 2614 190 2660 1075
226 2620 486 2688 corpore
516 2622 671 2665 cum
696 2600 891 2665 lanae
907 2649 924 2677 ,
948 2598 1162 2664 dirimi
1192 2600 1307 2686 qui
1334 2620 1473 2664 non
1502 2606 1708 2685 queat
1733 2622 2048 2687 usquam3

222 2736 344 2779 non
371 2716 427 2780 si
452 2715 756 2802 Neptuni
781 2714 986 2780 fluctu
1017 2735 1347 2782 renovare
1378 2733 1653 2800 operam
1682 2713 1836 2793 des3

222 2850 377 2905 non,
397 2851 576 2895 mare
607 2831 665 2895 si
691 2837 910 2895 totum
936 2830 1099 2894 velit
1127 2829 1349 2894 eluere
1379 2829 1687 2895 omnibus
1713 2829 1916 2895 undis
1934 2880 1947 2894 .

225 2941 494 3031 denique
523 2967 666 3010 non
692 2967 857 3010 auro
885 2966 998 3011 res
1028 2965 1261 3009 aurum
1288 2945 1566 3032 copulat
1591 2966 1756 3021 una,

222 3060 470 3145 aerique
499 3081 621 3125 aes
647 3060 921 3147 plumbo
950 3059 1027 3124 fit
1053 3059 1153 3124 uti
1178 3059 1495 3145 iungatur
1523 3059 1610 3123 ab
1641 3058 1795 3124 albo
1812 3058 1846 3120 P

95 3187 188 3234 10⁸0
225 3181 433 3239 cetera
458 3176 593 3239 iam
623 3196 823 3261 quam
850 3175 1056 3242 multa
1081 3174 1239 3239 licet
1264 3174 1592 3261 reperire!
1625 3171 1788 3258 quid
1818 3193 1979 3258 ergo
1997 3172 2029 3235 P

222 3309 334 3353 nec
362 3291 477 3356 tibi
506 3297 646 3355 tam
674 3290 894 3376 longis
923 3311 1098 3376 opus
1129 3299 1236 3354 est
1262 3288 1654 3375 ambagibus
1684 3308 1967 3374 usquam
1984 3336 2001 3364 ,

226 3425 340 3469 nec
364 3427 467 3470 me
496 3413 635 3470 tam
663 3405 935 3471 multam
960 3405 1071 3470 hic
1101 3425 1373 3491 operam
1405 3424 1796 3469 consumere
1824 3424 1950 3488 par
1980 3411 2118 3478 est,

226 3518 338 3583 sed
362 3520 661 3586 breviter
686 3520 917 3606 paucis
945 3527 1250 3606 praestat
1277 3518 1760 3605 comprendere
1787 3518 1994 3584 multa
2011 3568 2027 3583 .

226 3655 492 3720 quorum
521 3636 618 3701 ita
645 3642 954 3701 texturae
984 3634 1374 3701 ceciderunt
1400 3642 1630 3699 mutua
1659 3641 1896 3699 contra
1913 3682 1929 3708 ‚

94 3759 187 3808 1085
222 3757 290 3813 ut
314 3773 474 3817 cava
505 3751 910 3817 conveniant
934 3751 1153 3837 plenis
1181 3750 1351 3815 haec
1378 3750 1553 3816 illius
1567 3748 1691 3816 illa

226 3861 541 3952 huiusque
570 3867 745 3932 inter
775 3888 849 3931 se
866 3914 884 3942 ‚
905 3866 1216 3931 iunctura
1242 3865 1411 3930 haec
1441 3865 1693 3951 optima
1723 3870 1994 3939 constat
2012 3914 2026 3927 .

226 3987 318 4045 est
344 3984 544 4048 etiam
561 4031 577 4058 ‚
604 3983 795 4067 quasi
824 3987 900 4044 ut
928 3980 1162 4045 anellis
1190 3980 1540 4066 hamisque
1568 3979 1817 4064 plicata

234 4294 349 4342 1059
385 4293 465 4344 At
500 4293 521 4361 ΙΙ
562 4297 692 4345 1062
731 4292 877 4346 Inter
913 4302 1164 4363 utrasque
1199 4294 1219 4361 ΙΙ
1257 4290 1424 4344 loeta.
1464 4290 1485 4358 ΙΙ
1529 4295 1655 4343 1064
1695 4306 1812 4342 eum
1852 4288 1874 4359 ΙΙ
1909 4288 2122 4341 flumina
2160 4287 2180 4354 ΙΙ
2223 4288 2350 4335 1067
2389 4301 2449 4336 se

230 4371 559 4443 singulariter
584 4383 787 4446 aptam.
826 4378 847 4446 ΙΙ
886 4382 1018 4430 1068
1045 4375 1164 4431 vide
1190 4379 1210 4448 ΙΙ
1236 4373 1541 4429 coolescere
1578 4373 1597 4442 ΙΙ
1643 4379 1772 4426 1069
1802 4390 1933 4426 una.
1972 4371 1993 4443 ΙΙ
2036 4375 2160 4422 1071
2193 4366 2387 4419 vincia.
2426 4365 2446 4434 ΙΙ

236 4459 354 4508 1076
388 4471 657 4512 nenovara
693 4458 713 4528 ΙΙ
755 4466 884 4513 1077
923 4461 1105 4513 eiucre
1141 4459 1163 4533 ΙΙ
1206 4465 1335 4518 1078
1372 4476 1458 4512 res
1496 4475 1626 4511 auro
1665 4455 1685 4524 ΙΙ
1727 4463 1856 4509 1079
1894 4457 2142 4522 Aeraque
2165 4448 2383 4521 plumbo

1973 4553 2049 4617 16
