3042 5192
1299 454 1367 518 V
2315 461 2446 530 181

199 637 401 714 atque
431 627 567 693 alia
594 627 769 692 illius
797 626 1099 712 reparari
1122 626 1193 689 in
1220 634 1413 712 parte
1441 626 1732 714 locoque
1748 678 1764 704 ‚

88 761 156 806 ηε
200 742 541 807 difficilest
567 742 832 806 ratione
866 740 1116 805 docere
1146 749 1214 806 et
1243 741 1508 807 vincere
1538 744 1763 808 verbis
1781 795 1798 821 ‚

198 856 433 923 ordine
466 879 624 922 cum
650 856 918 944 possint
942 863 1083 920 tam
1113 862 1298 921 certo
1328 857 1538 922 multa
1566 861 1812 923 creari.

195 973 245 1037 it
269 995 393 1039 ver
427 980 499 1037 et
525 970 764 1036 Venus
782 1020 798 1048 ,
822 979 892 1037 et
918 972 1096 1037 veris
1124 973 1563 1058 praenuntius
1593 981 1750 1038 ante

196 1096 534 1174 pennatus
563 1085 870 1173 graditur
898 1086 1238 1174 zephyrus
1256 1136 1273 1162 ‚
1294 1087 1579 1174 vestigia
1605 1095 1889 1175 propter

197 1201 397 1267 flora
427 1202 675 1289 quibus
702 1208 918 1265 mater
942 1222 1440 1288 praespargens
1471 1208 1628 1266 ante
1656 1202 1788 1267 viai

83 1333 153 1380 740
196 1325 439 1381 cuncta
469 1315 813 1381 coloribus
844 1316 1125 1402 egregiis
1157 1323 1226 1381 et
1255 1315 1579 1381 odoribus
1609 1317 1844 1404 opplet
1861 1369 1874 1382 .

193 1431 344 1496 inde
372 1432 509 1496 loci
538 1431 841 1516 sequitur
870 1430 1052 1496 calor
1081 1430 1309 1495 aridus
1340 1438 1409 1496 et
1438 1452 1662 1498 comes
1690 1453 1826 1497 una

194 1546 662 1633 pulverulenta
692 1544 897 1610 Ceres
927 1554 996 1611 et
1024 1547 1233 1611 etesia
1260 1546 1471 1612 flabra
1500 1546 1886 1632 aquilonum
1906 1597 1919 1610 .

192 1660 341 1725 inde
373 1669 737 1725 autumnus
765 1659 909 1725 adit
926 1709 942 1736 ‚
962 1660 1268 1747 graditur
1296 1661 1489 1727 simul
1515 1661 1777 1727 Euhius
1803 1662 1997 1727 Euan
2016 1712 2030 1725 .

196 1775 351 1839 inde
383 1776 551 1840 aliae
579 1783 1020 1863 tempestates
1047 1777 1367 1866 ventique
1398 1784 1719 1841 secuntur
1735 1826 1751 1852 ‚

73 1904 147 1951 τις)
191 1890 549 1956 altitonans
576 1889 953 1956 Volturnus
983 1898 1053 1956 et
1081 1899 1310 1957 auster
1336 1891 1609 1956 fulmine
1637 1892 1899 1978 pollens
1918 1941 1932 1954 .

192 2004 463 2069 tandem
490 2006 728 2071 bruma
755 2007 946 2073 nives
975 2005 1200 2071 adfert
1227 2007 1623 2092 pigrumque
1650 2008 1941 2093 rigorem
1958 2055 1974 2081 ‚

190 2118 419 2204 prodit
444 2120 702 2206 hiemps
722 2169 739 2195 ‚
761 2122 1066 2207 sequitur
1095 2121 1430 2207 crepitans
1458 2120 1636 2184 hanc
1667 2119 1979 2186 dentibus
2010 2122 2198 2207 algor
2217 2172 2231 2185 .

195 2256 324 2320 quo
354 2236 574 2300 minus
605 2244 712 2300 est
738 2236 973 2300 mirum
990 2286 1006 2313 ‚
1029 2237 1086 2300 si
1114 2243 1301 2301 certo
1329 2243 1634 2323 tempore
1660 2236 1819 2300 luna

190 2350 476 2436 gignitur
508 2359 577 2415 et
605 2358 792 2416 certo
823 2350 1087 2416 deletur
1114 2358 1418 2438 tempore
1446 2372 1644 2415 rusus
1662 2400 1678 2425 ,

66 2477 144 2524 750
189 2485 331 2528 cum
357 2466 501 2531 fieri
528 2466 799 2553 possint
825 2476 961 2531 tam
993 2473 1179 2531 certo
1207 2473 1511 2552 tempore
1538 2465 1779 2529 multa.

266 2581 440 2646 Solis
469 2582 632 2645 item
662 2602 935 2667 quoque
964 2580 1271 2645 defectus
1298 2580 1631 2666 lunaeque
1661 2579 1953 2644 latebras

186 2694 479 2779 pluribus
509 2717 546 2760 e
578 2696 800 2761 causis
826 2696 970 2761 fieri
996 2695 1118 2760 tibi
1144 2716 1351 2783 posse
1378 2695 1823 2782 putandumst
1841 2745 1854 2758 .

186 2830 333 2873 nam
361 2834 481 2876 cur
507 2812 670 2876 luna
698 2818 902 2896 queat
927 2818 1177 2875 terram
1206 2810 1555 2875 secludere
1586 2811 1748 2876 solis

184 2922 416 2990 lumine
449 2934 521 2991 et
550 2948 592 2990 a
618 2927 817 2991 terris
848 2926 1054 2991 altum
1084 2934 1289 3011 caput
1317 2927 1669 2991 obstruere
1700 2926 1758 2989 ei
1778 2975 1793 3000 ‚

58 3049 137 3096 755
185 3040 470 3106 obiciens
503 3062 777 3106 caecum
802 3039 1010 3106 radiis
1040 3040 1432 3107 ardentibus
1462 3042 1729 3119 orbem3

183 3161 477 3243 tempore
510 3154 751 3221 eodem
778 3157 941 3222 aliut
966 3156 1190 3222 facere
1216 3155 1292 3220 id
1314 3178 1454 3222 non
1482 3178 1689 3243 posse
1716 3162 1989 3244 putetur

185 3289 423 3357 corpus
439 3322 456 3350 ‚
480 3270 673 3358 quod
702 3293 968 3336 cassum
994 3272 1258 3337 labatur
1284 3272 1530 3336 lumine
1559 3293 1824 3358 semper
1840 3270 1873 3333 Ρ

182 3383 407 3471 solque
436 3409 601 3453 suos
632 3387 831 3452 etiam
859 3386 1191 3452 dimittere
1217 3386 1574 3474 languidus
1601 3387 1773 3473 ignis

181 3507 471 3588 tempore
503 3524 626 3566 cur
657 3509 845 3567 certo
875 3511 1201 3589 nequeat,
1223 3523 1665 3587 recreareque
1693 3503 1914 3566 lumen
1932 3551 1947 3576 ,

52 3624 132 3673 7⁶0
179 3635 321 3678 cum
346 3618 496 3682 loca
523 3617 875 3703 praeteriit
899 3617 1175 3682 flammis
1203 3617 1450 3683 infesta
1476 3639 1600 3705 per
1630 3638 1828 3681 auras
1846 3666 1863 3694 ‚

179 3751 345 3814 quae
368 3732 625 3797 faciunt
651 3731 822 3818 ignis
848 3733 1273 3819 interstingui
1299 3740 1503 3819 atque
1530 3733 1750 3819 perire
1767 3732 1800 3794 Ρ

178 3853 244 3909 et
270 3867 384 3911 cur
408 3855 599 3912 terra
628 3856 835 3933 queat
858 3848 1081 3913 lunam
1114 3848 1403 3934 spoliare
1429 3847 1718 3912 vicissim

176 3959 407 4027 lumine
437 3971 508 4028 et
537 3984 942 4049 oppressum
971 3965 1180 4030 solem
1212 3985 1418 4049 super
1444 3963 1594 4049 ipsa
1621 3969 1887 4035 tenere,

186 4271 279 4318 736
310 4272 516 4339 possint
549 4280 824 4327 omissum.
871 4271 891 4345 ΙΙ
942 4280 1041 4327 737
1080 4275 1289 4328 veneris
1334 4273 1354 4345 ΙΙ
1404 4280 1503 4328 738
1542 4274 1761 4345 zephyri
1810 4272 1832 4346 ΙΙ
1880 4278 1978 4325 742
2015 4271 2344 4325 Pulverunta
2378 4266 2400 4337 11

187 4361 239 4402 2²
270 4359 525 4408 omium.
575 4354 596 4425 ΙΙ
648 4362 747 4409 747
788 4350 953 4410 Redit
990 4360 1011 4429 ΙΙ
1046 4358 1314 4412 creditans
1362 4360 1382 4427 ΙΙ
1418 4358 1551 4429 algi.
1593 4359 1613 4429 ΙΙ
1649 4364 1748 4412 750
1785 4356 1900 4410 fleri
1938 4354 1959 4427 ΙΙ
1997 4360 2094 4408 753
2130 4352 2341 4424 possis.
2381 4354 2400 4422 Η

187 4439 284 4486 756
316 4435 488 4492 eedem
524 4439 546 4512 fl
587 4445 685 4493 761
726 4433 918 4511 periri.
