3042 5192
1224 471 1320 538 IV
2253 472 2394 541 255

207 652 387 719 tando
416 646 794 714 addendum
826 654 1091 710 censet.
1136 667 1262 709 nos
1304 652 1612 708 neutrum
1645 665 2029 730 sequemur,
2076 645 2199 710 sed
2239 650 2400 712 scri-

208 755 405 816 bemus
435 746 612 833 quod
641 746 835 809 unice
866 744 956 808 ad
984 766 1122 808 rem
1151 743 1345 816 facit,
1358 743 1530 828 sorte
1560 765 1650 805 LE
1668 763 1885 805 cunm
1905 792 1918 805 .

345 847 475 910 754.
507 867 840 909 nnn-rna
888 865 1147 908 snum
1191 862 1547 905 annom-2
1604 863 1909 904 Movmu
1953 842 2120 906 Pnn
2167 866 2398 909 suw-

209 968 438 1010 LACRA
467 965 828 1016 Leonum,
874 962 1218 1014 σενι-ΕΒΑ,
1263 961 1417 1014 Qun
1447 959 1699 1000 vlnnr
1731 960 2031 1015 Ancon,
2070 941 2225 1006 Nnc
2272 967 2397 1007 m1-

205 1066 328 1107 uus
358 1092 372 1116 ‚
423 1064 660 1105 ocum
716 1061 1015 1114 ,vr-Qun.
1075 1038 1178 1102 Ita
1219 1037 1388 1101 haec
1430 1036 1754 1122 Forbiger
1794 1036 2136 1119 distinxit,
2178 1051 2399 1106 mente

204 1149 388 1214 mota,
417 1147 487 1202 ut
518 1138 825 1225 suspicor
844 1187 858 1212 ‚
881 1159 1005 1223 per
1026 1137 1291 1200 leonum
1321 1135 1673 1199 simulacra
1692 1184 1705 1197 .
1729 1158 1995 1199 versum
2024 1148 2247 1202 autem
2276 1163 2400 1204 suo

207 1240 331 1303 loco
359 1237 632 1301 incisum
659 1257 798 1299 non
829 1256 979 1299 esse
1008 1233 1186 1297 idem
1226 1254 1312 1296 ne
1352 1231 1829 1297 animadvertit
1871 1234 2139 1319 quidem
2170 1285 2186 1312 ‚
2225 1239 2399 1302 miri-

203 1338 343 1400 ficus
370 1336 679 1421 magister
697 1383 713 1408 ‚
745 1334 875 1412 Qui
905 1333 1090 1397 solus
1119 1333 1282 1417 legit
1311 1353 1389 1395 ac
1417 1331 1581 1395 facit
1608 1339 1877 1417 poetas,
1903 1335 2018 1418 qui
2045 1334 2136 1399 ad
2164 1337 2402 1402 librum

205 1434 318 1504 1‚54
356 1434 474 1497 sibi
506 1428 834 1496 ‘breviter
883 1429 1547 1494 commemorandum’
1589 1428 1782 1494 duxit
1816 1425 1902 1493 ‘in
1932 1432 2246 1500 Lucretio
2271 1486 2287 1512 ‚
2326 1445 2402 1501 ut

203 1532 437 1594 omnino
467 1530 790 1619 plurimos
812 1549 1052 1593 versus
1081 1528 1250 1591 male
1275 1529 1691 1615 compositos
1710 1576 1725 1602 ‚
1756 1530 1852 1593 sic
1884 1532 2081 1595 etiam
2109 1536 2397 1619 permul-

202 1641 291 1695 tos
309 1631 612 1706 inveniri,
642 1651 767 1693 nec
791 1629 991 1692 tertio
1008 1676 1027 1708 ,
1057 1650 1182 1691 nec
1206 1635 1448 1713 quarto
1479 1626 1656 1713 pede
1678 1628 2034 1713 legitimam
2057 1652 2399 1696 caesuram

203 1730 539 1794 referentes
557 1727 710 1805 ‚stad
740 1728 873 1792 hoc
904 1727 1224 1812 exemplis
1252 1748 1417 1790 usus
1457 1726 1657 1790 huius
1697 1726 1882 1790 modi
1901 1776 1917 1802 ‚
1958 1729 2310 1795 Reddunda
2335 1733 2402 1795 in

203 1830 411 1892 ratione
445 1836 454 1905 Ι
489 1850 708 1892 vocare
745 1833 754 1902 Ι
819 1836 876 1890 et
912 1827 1146 1889 semina
1184 1849 1396 1889 rerum
1422 1873 1441 1905 ,
1492 1826 1660 1906 Quid
1696 1838 1957 1913 nequeat
1979 1827 2170 1916 finita
2220 1836 2229 1905 Ι
2281 1852 2399 1915 po-

203 1936 353 1989 testas
389 1928 649 2013 datique
691 1925 909 2010 cuique
935 1972 953 2003 ,
997 1945 1146 1986 cum
1184 1931 1420 2010 posset
1459 1925 1661 2012 paulo
1703 1925 1953 1988 maiore
1998 1946 2145 1989 cum
2177 1929 2401 2011 specie

199 2033 296 2087 aut
319 2024 460 2087 libri
489 2046 538 2086 11
569 2044 842 2086 versum
877 2021 1036 2085 1059
1065 2020 1334 2085 adferre
1364 2030 1481 2086 aut
1510 2044 1591 2086 ea
1637 2022 1721 2086 de
1767 2023 2008 2109 quibus
2053 2023 2267 2087 dicam
2312 2026 2400 2090 ad

197 2121 463 2194 v1‚1067.
509 2120 780 2184 saniore
824 2119 1069 2183 iudicio
1111 2119 1436 2184 Marullus
1480 2121 1750 2206 scripsit
1796 2144 1888 2183 ΕΤ
1930 2132 2127 2184 cetera
2149 2170 2167 2201 ,
2213 2124 2400 2207 quod

199 2216 521 2282 Lambinus
548 2227 623 2282 et
641 2216 1107 2281 Wakefieldus
1126 2267 1141 2291 ‚
1166 2218 1385 2282 omnia
1413 2239 1732 2304 perverse
1755 2219 2179 2303 interpretati
2195 2267 2211 2296 ‚
2233 2222 2399 2284 reie-

200 2325 438 2381 cerunt.
481 2339 626 2380 non
653 2317 816 2380 libet
846 2337 1075 2380 eorum
1106 2325 1480 2380 commenta
1511 2323 1826 2381 excutere
1852 2364 1867 2390 ‚
1916 2337 2065 2380 cum
2093 2339 2179 2380 ne
2210 2316 2400 2384 dubi-

194 2413 438 2477 tandum
470 2413 744 2500 quidem
774 2414 862 2478 sit
892 2415 1054 2499 quin
1092 2413 1261 2476 haec
1301 2415 1396 2478 ita
1427 2414 1870 2501 concipienda
1898 2415 2063 2479 sint.
2108 2415 2287 2480 Scire
2325 2419 2400 2481 li-

193 2524 268 2575 cet
299 2526 544 2579 men-tem
586 2515 780 2578 simili
824 2515 1062 2578 ratione
1102 2515 1331 2578 moveri
1356 2563 1374 2594 ,
1442 2515 1568 2578 Per
1608 2515 1945 2578 simulacra
1982 2535 2306 2579 meon-mr
2348 2529 2404 2582 et

192 2624 360 2676 cetera
387 2637 544 2700 quae
570 2614 738 2677 videt
761 2636 952 2699 aeque
983 2614 1120 2676 Nec
1151 2615 1351 2676 minus
1379 2635 1645 2688 Arous
1677 2634 1915 2676 ocum
1947 2659 1962 2673 .
2007 2633 2161 2676 nam
2189 2616 2401 2681 verba

191 2719 502 2795 postrema
530 2712 670 2775 hoc
700 2709 937 2775 ordine
967 2710 1325 2774 scribenda
1354 2733 1501 2775 esse
1531 2711 1683 2774 Itali
1709 2711 1840 2774 iam
1869 2710 2216 2776 viderunt.

330 2811 465 2875 760.
526 2833 632 2875 υτ
687 2831 1112 2873 νιυΕΑΜυῐι
1170 2831 1538 2873 cnam-:nn
1597 2832 1755 2873 mm
1813 2831 1958 2885 om:
2014 2809 2399 2876 Renum-A

191 2926 362 2971 er
406 2931 555 2972 1Am
600 2929 807 2972 mons
853 2930 947 2970 nr
991 2929 1256 2970 ‘rmum
1301 2929 1740 2971 eorm-Asr.
1788 2906 1935 2970 Itali
1969 2916 2038 2972 et
2074 2908 2400 2975 Marullus

188 3026 305 3067 eum
332 3029 541 3081 Qunu
559 3055 575 3070 .
607 3005 811 3069 iidem
839 3005 1009 3069 male
1037 3007 1217 3068 vitai.
1249 3004 1785 3092 Havercampum
1818 3013 1886 3069 et
1914 3005 2399 3072 Wakefieldum

188 3122 316 3166 cum
344 3106 482 3169 suis
511 3127 658 3170 non
687 3103 928 3190 puduit
958 3125 1041 3167 ex
1069 3103 1318 3167 reddibo
1346 3103 1655 3167 Plautino
1686 3151 1702 3176 ‚
1752 3102 1939 3188 quod
1966 3104 2186 3169 media
2212 3108 2399 3170 brevi

189 3209 309 3276 est,
337 3213 730 3289 portentum
755 3203 948 3267 verbi
977 3203 1227 3288 fingere
1244 3250 1261 3277 ,
1303 3202 1483 3266 unde
1510 3203 1704 3266 fieret
1732 3202 1971 3265 reddita
1997 3203 2216 3267 media
2244 3227 2400 3292 pro-

185 3296 397 3365 ducta.
432 3302 821 3367 Gronovius
853 3299 942 3365 ad
972 3301 1267 3364 Senecae
1293 3300 1623 3386 Oedipum
1656 3301 1773 3363 271
1810 3301 2077 3365 Reddita
2102 3304 2248 3366 vitai
2274 3306 2403 3367 iam

180 3421 294 3462 sors
309 3405 506 3486 potita
537 3415 658 3482 est,
691 3410 1002 3467 contorte
1035 3409 1100 3465 et
1128 3401 1507 3487 inproprie.
1541 3397 1967 3464 scribendum
2000 3408 2105 3464 est
2134 3402 2402 3466 Reddita

183 3516 313 3561 rao
340 3502 626 3565 vicetiam
655 3524 853 3564 mors,

323 3598 464 3662 765.
497 3599 994 3663 PnAn‘rnnEA
1016 3647 1030 3661 .
1064 3597 1452 3677 Quadratus
1482 3598 1849 3682 Propterea.

325 3695 466 3759 766.
512 3718 820 3760 mouns
872 3717 1214 3771 LlrIQUE
1268 3717 1659 3760 norm-nm.
1734 3694 2100 3770 Lim-mun
2140 3696 2291 3761 Itali
2333 3707 2401 3762 et

175 3789 499 3876 impressi.

323 3891 678 3956 777—817.
711 3891 1168 3966 Mun-rmus:
1212 3914 1294 3954 m
1338 3914 1473 3957 1118
1520 3913 1773 3954 annus
1817 3913 2397 3966 QUABRUNTUR.

175 3982 343 4049 Haec
385 4010 664 4075 quoque
686 4039 701 4064 ‚
743 3997 822 4053 ut
862 4010 941 4052 ea
984 4010 1155 4074 quae
1199 3990 1402 4074 paulo
1446 3998 1603 4054 ante
1644 3988 2211 4055 consideravimus
2242 3992 2398 4067 706,

171 4079 474 4151 Lucretio
531 4087 923 4174 dignissima
972 4096 1130 4152 sunt
1147 4136 1162 4162 ‚
1225 4109 1362 4152 nou
1413 4088 1903 4175 interpolatore
1960 4109 2157 4172 quem
2209 4089 2401 4175 fingit

170 4177 518 4272 Forbiger:
570 4186 694 4250 sed
726 4187 957 4250 eadem
987 4208 1206 4273 neque
1237 4208 1316 4251 eo
1348 4187 1628 4250 consilio
1661 4187 1913 4272 scripta
1954 4195 2143 4261 sunt,
2184 4194 2261 4250 ut
2291 4210 2397 4250 ce-

170 4283 318 4348 teris
359 4287 458 4350 ita
499 4298 584 4349 ut
620 4284 872 4351 factum
916 4295 1020 4350 est
1056 4286 1550 4363 insererentur,
1600 4306 1821 4370 neque
1858 4284 1995 4347 ullo
2041 4284 2169 4348 alio
2200 4284 2396 4348 huius

168 4386 489 4460 poematis
521 4383 678 4448 loco
709 4385 945 4471 reponi
975 4393 1265 4470 possunt
1296 4434 1309 4448 .
1353 4406 1503 4448 nam
1549 4384 1830 4470 primum
1870 4382 2040 4445 haec
2089 4390 2397 4468 coeptam

170 4472 686 4562 disputationem
724 4483 1218 4568 interrumpunt
1245 4533 1261 4559 ‚
1300 4491 1378 4547 ut
1421 4483 1636 4546 lector
1678 4503 1718 4544 a
1760 4503 1961 4546 versu
1992 4480 2113 4543 776
2154 4478 2242 4543 ad
2273 4480 2397 4545 818
