3042 5192
86 652 172 697 925

90 1224 175 1270 930

92 1799 181 1844 935

92 2376 179 2422 940

92 2952 179 2996 945

94 3524 185 3570 950

1352 462 1382 530 Ι

218 654 567 698 musarum
588 683 605 709 ‚
632 655 771 719 quo
800 655 976 698 nune
1006 635 1363 700 instinctus
1392 642 1616 701 mente
1641 638 1892 723 vigenti

220 750 365 813 avia
392 748 750 813 Pieridum
778 770 1071 836 peragro
1103 751 1252 815 loea
1277 752 1521 816 nullius
1552 763 1707 817 ante

223 865 377 929 trita
409 865 570 929 solo
590 865 819 929 ‚iuvat
844 866 1144 951 integros
1173 864 1494 930 accedere
1524 866 1733 931 fontis

223 990 427 1065 atque
460 980 741 1044 haurire
761 1029 777 1055 ‚
803 981 1123 1066 iuvatque
1150 1002 1369 1045 novos
1401 980 1765 1067 decerpere
1791 981 1991 1046 flores

223 1096 699 1182 insignemque
726 1117 874 1159 meo
907 1097 1108 1182 capiti
1135 1104 1367 1182 petere
1394 1094 1552 1159 inde
1584 1117 1898 1160 eoronam
1919 1147 1934 1172 ‚

223 1208 399 1273 unde
428 1212 631 1296 prius
659 1210 825 1274 nulli
851 1211 1137 1275 velarint
1166 1218 1477 1296 tempora
1503 1231 1767 1285 musae3

224 1325 510 1410 primum
544 1323 742 1410 quod
767 1325 1024 1411 magnis
1054 1325 1268 1390 doceo
1301 1324 1386 1388 de
1415 1326 1622 1390 rebus
1653 1333 1721 1389 et
1747 1327 1914 1389 artis

223 1439 625 1526 religionum
654 1441 942 1505 animum
969 1440 1167 1505 nodis
1197 1441 1546 1504 exsolvere
1573 1460 1786 1526 pergo
1804 1489 1820 1514 ‚

226 1554 469 1619 deinde
500 1554 700 1641 quod
730 1556 1020 1620 obseura
1050 1554 1135 1619 de
1165 1577 1238 1619 re
1272 1564 1409 1620 tam
1434 1555 1658 1619 lueida
1685 1576 1909 1641 pango

232 1671 528 1734 carmina
544 1718 563 1745 ,
588 1692 864 1735 musaeo
896 1671 1292 1757 contingens
1323 1679 1567 1736 cuneta
1592 1671 1826 1757 lepore
1845 1719 1859 1733 .

227 1784 294 1846 id
322 1807 607 1872 quoque
638 1788 809 1850 enim
839 1785 973 1849 non
1003 1786 1088 1851 ab
1117 1786 1301 1850 nulla
1328 1788 1588 1850 ratione
1616 1785 1918 1851 videtur:

233 1898 350 1963 sed
377 1901 492 1964 vel
520 1901 627 1964 uti
655 1901 881 1986 pueris
913 1899 1247 1965 absinthia
1274 1910 1495 1965 taetra
1522 1900 1869 1967 medentes

233 2036 374 2078 eum
405 2015 578 2079 dare
611 2023 937 2079 conantur
954 2064 971 2091 ‚
993 2016 1181 2101 prius
1212 2037 1368 2080 oras
1387 2065 1402 2090 ‚
1424 2016 1672 2102 poeula
1698 2018 1944 2081 circum
1964 2068 1979 2089 ,

236 2131 640 2215 contingunt
666 2129 876 2193 mellis
907 2129 1083 2194 dulei
1110 2129 1425 2217 flavoque
1452 2128 1712 2216 liquore
1731 2180 1747 2207 ‚

233 2256 307 2309 ut
332 2251 918 2331 puerorumaetas
946 2245 1303 2332 inprovida
1330 2245 1704 2311 ludificetur

232 2361 573 2425 labrorum
602 2368 801 2424 tenus
818 2409 833 2434 ‚
855 2360 1110 2424 interea
1136 2370 1453 2447 perpotet
1483 2358 1778 2426 amarum

232 2475 529 2541 absinthi
557 2475 821 2539 laticem
839 2523 854 2549 ‚
878 2474 1296 2561 deceptaque
1325 2498 1463 2540 non
1493 2477 1797 2563 capiatur
1816 2525 1830 2551 ‚

234 2590 352 2655 sed
382 2591 616 2677 potius
644 2590 761 2655 tali
777 2598 990 2677 paeto
1019 2598 1323 2655 recreata
1350 2588 1681 2665 valescat,

235 2707 327 2769 sie
356 2727 484 2791 ego
515 2727 695 2769 nune
713 2755 729 2781 ‚
756 2705 1068 2791 quoniam
1096 2705 1265 2769 haee
1292 2704 1466 2769 ratio
1496 2706 1891 2792 plerumque
1922 2708 2186 2773 videtur

235 2822 491 2885 tristior
526 2842 677 2885 esse
710 2821 950 2906 quibus
979 2841 1119 2884 non
1149 2828 1256 2884 est
1282 2827 1573 2885 tractata
1594 2870 1610 2896 ‚
1633 2830 1954 2908 retroque

231 2936 480 3020 volgus
508 2935 829 3001 abhorret
857 2936 944 2999 ab
972 2935 1101 2999 hae
1119 2984 1134 3009 ‚
1156 2936 1337 2999 volui
1369 2935 1487 3000 tibi
1516 2937 2006 3022 suaviloquenti

236 3050 527 3114 carmine
556 3049 773 3116 Pierio
804 3051 1132 3115 rationem
1163 3071 1501 3136 exponere
1531 3062 1833 3115 nostram

237 3174 307 3228 et
337 3166 529 3251 quasi
558 3187 830 3230 musaeo
864 3165 1041 3229 dulei
1071 3166 1460 3251 contingere
1486 3166 1713 3242 melle3

235 3281 291 3343 si
322 3282 439 3344 tibi
467 3281 645 3345 forte
675 3282 961 3345 animum
987 3279 1105 3344 tali
1133 3280 1393 3344 ratione
1423 3289 1653 3345 tenere

236 3396 540 3460 versibus
570 3396 640 3460 in
667 3396 920 3460 nostris
948 3416 1218 3481 possem
1238 3444 1254 3471 ‚
1278 3394 1436 3459 dum
1466 3397 1794 3483 perspicis
1824 3418 2083 3461 omnem

236 3521 542 3576 naturam
573 3532 795 3575 rerum
813 3559 829 3585 ,
853 3514 987 3595 q'ua
1017 3519 1287 3575 constet
1316 3519 1586 3598 compta
1611 3511 1855 3597 figura.

319 3624 456 3689 Sed
489 3626 805 3711 quoniam
836 3623 1034 3688 docui
1065 3623 1464 3688 solidissima
1490 3624 1790 3690 materiai

238 3761 528 3827 corpora
554 3748 886 3827 perpetuo
915 3740 1197 3804 volitare
1224 3740 1473 3804 invicta
1501 3762 1625 3828 per
1654 3761 1888 3804 aevom
1909 3790 1924 3812 ,

234 3875 411 3918 nune
442 3876 569 3941 age
586 3903 603 3930 ‚
626 3855 900 3919 summai
930 3853 1261 3940 quaedam
1291 3855 1380 3919 sit
1405 3855 1555 3919 finis
1587 3876 1813 3919 eorum
1832 3903 1848 3929 ‚

238 3989 447 4034 necne
476 3971 599 4045 sit,
624 3971 1042 4035 evolvamus:
1064 3970 1221 4034 item
1251 3968 1438 4054 quod
1464 3970 1661 4033 inane
1689 3977 2098 4057 repertumst

96 4096 185 4141 955
236 4104 356 4147 seu
381 4086 573 4149 locus
603 4106 683 4149 ac
713 4086 1000 4172 spatium
1018 4134 1033 4159 ‚
1055 4107 1166 4149 res
1192 4087 1262 4149 in
1291 4106 1427 4170 quo
1459 4105 1763 4170 quaeque
1792 4092 2111 4170 gerantur
2128 4132 2142 4157 ‚

240 4200 705 4283 pervideamus
734 4209 956 4265 utrum
985 4200 1241 4265 finitum
1268 4199 1568 4263 funditus
1599 4220 1791 4263 omne

249 4448 341 4494 931
369 4445 540 4514 magis
577 4447 598 4513 Ιξ
636 4450 734 4497 932
761 4463 963 4517 porgo.
1003 4448 1024 4515 ΙΙ
1061 4451 1158 4498 942
1188 4445 1330 4497 facto
1369 4446 1389 4513 ΙΙ
1425 4451 1522 4497 943
1555 4444 1728 4497 videt.
1767 4442 1787 4511 ΙΙ
1824 4448 1923 4494 954
1951 4441 2067 4493 Nec
2093 4443 2162 4494 sit

2384 468 2476 535 33
