3042 5192
1293 461 1421 530 1111
2334 465 2468 534 133

92 656 169 702 545
227 645 292 701 et
318 636 518 724 cycni
548 635 754 701 tortis
786 633 1202 698 convalfibus
1234 655 1317 697 ex
1346 633 1692 700 Heliconis

224 773 367 816 cum
395 749 725 837 liquidam
753 749 1003 814 tollunt
1030 748 1298 835 lugubri
1326 770 1496 814 voce
1529 750 1922 836 querellam.

300 867 536 931 Hasce
565 867 772 952 igitur
798 866 1071 951 penitus
1099 886 1307 929 voces
1337 886 1488 929 cum
1517 888 1803 952 corpore
1832 874 2070 932 nostro

224 983 654 1067 exprimimus
683 987 1009 1065 rectoque
1037 979 1224 1044 foras
1254 981 1612 1045 emittimus
1644 1003 1762 1045 ore
1779 1031 1796 1058 ‚

220 1097 481 1162 mobilis
512 1095 830 1161 articulat
855 1095 1213 1160 verborum
1244 1095 1528 1160 daedala
1554 1096 1780 1182 lingua
1800 1146 1816 1173 ‚

93 1232 175 1276 550
222 1212 739 1297 formaturaque
767 1210 1107 1275 labrorum
1136 1232 1265 1298 pro
1293 1218 1489 1297 parte
1518 1211 1764 1297 figurat
1782 1262 1796 1275 .

90 1345 166 1391 555
216 1328 349 1392 hoc
378 1328 499 1392 ubi
528 1349 670 1391 non
698 1325 970 1412 longum
999 1326 1360 1413 spatiumst
1385 1324 1569 1389 unde
1596 1348 1732 1390 una
1758 1325 2066 1411 profecta
2171 1353 2176 1360 ·

216 1443 573 1529 perveniat
600 1463 739 1506 vox
770 1460 1076 1526 quaeque
1094 1489 1111 1516 ‚
1131 1448 1480 1505 necessest
1505 1441 1718 1506 verba
1746 1463 2017 1528 quoque
2044 1443 2196 1529 ipsa

90 1577 167 1620 555
216 1560 419 1645 plane
453 1554 760 1620 exaudiri
792 1553 1218 1640 discernique
1248 1556 1678 1621 articulatim:

221 1680 451 1738 servat
483 1672 656 1736 enim
683 1669 1117 1735 formaturam
1148 1677 1509 1756 servatque
1536 1671 1815 1757 figuram
1835 1723 1848 1736 .

221 1799 289 1852 at
317 1788 375 1851 si
400 1787 582 1851 inter
607 1786 903 1872 positum
933 1786 1220 1870 spatium
1251 1785 1342 1850 sit
1366 1784 1631 1871 longius
1661 1807 1876 1873 aequo
1896 1837 1911 1862 ‚

222 1911 377 1967 aera
403 1924 528 1987 per
554 1901 836 1965 multum
867 1900 1185 1965 confundi
1211 1900 1422 1966 verba
1448 1910 1799 1966 necessest

222 2026 289 2082 et
318 2016 711 2082 conturbari
740 2036 974 2080 vocem
992 2064 1008 2092 ‚
1032 2014 1191 2080 dum
1220 2017 1597 2082 transvolat
1625 2039 1823 2082 auras
1842 2067 1855 2081 .

93 2149 174 2197 560
223 2154 385 2219 ergo
414 2132 491 2197 fit
508 2181 524 2208 ‚
547 2132 839 2196 sonitum
867 2138 946 2195 ut
972 2131 1201 2217 possis
1233 2132 1481 2196 sentire
1499 2182 1516 2209 ‚
1539 2153 1759 2217 neque
1785 2132 1964 2197 illam

220 2249 679 2312 internoscere
699 2294 714 2322 ‚
736 2246 1099 2311 verborum
1129 2249 1463 2311 sententia
1493 2267 1668 2332 quae
1698 2247 1819 2311 sit:

216 2383 431 2448 usque
463 2360 640 2426 adeo
672 2359 953 2425 confusa
975 2360 1161 2425 venit
1186 2383 1326 2425 vox
1351 2362 1556 2447 inque
1583 2361 1816 2449 pedita
1834 2413 1847 2428 .

219 2485 573 2564 praeterea
600 2475 881 2539 verbum
909 2496 1112 2562 saepe
1138 2497 1345 2540 unum
1372 2477 1629 2561 perciet
1658 2478 1835 2542 auris

219 2593 523 2658 omnibus
551 2591 624 2655 in
650 2589 903 2677 populo
922 2638 938 2666 ‚
959 2590 1234 2654 missum
1261 2592 1617 2676 praeconis
1649 2594 1734 2656 ab
1766 2614 1915 2657 ore.

94 2722 173 2768 555
218 2710 283 2771 in
309 2707 556 2772 multas
583 2706 788 2792 igitur
813 2725 1019 2769 voces
1046 2726 1186 2769 vox
1212 2727 1348 2770 una
1373 2715 1654 2794 repente

224 2821 517 2908 diffugit,
535 2821 609 2884 in
633 2821 864 2907 privas
896 2821 1207 2906 quoniam
1238 2842 1313 2886 se
1343 2820 1585 2887 dividit
1612 2823 1792 2887 auris
1812 2872 1827 2897 ‚

220 2938 584 3023 obsignans
609 2934 889 2999 formam
916 2936 1107 3000 verbi
1137 2935 1519 3022 clarumque
1549 2959 1862 3002 sonorem
1882 2988 1896 3001 .

219 3060 285 3115 at
313 3072 491 3137 quae
518 3072 682 3138 pars
708 3071 951 3115 vocum
978 3072 1119 3115 non
1147 3052 1327 3115 auris
1353 3050 1590 3116 incidit
1612 3052 1799 3137 ipsas
1818 3102 1833 3129 ‚

220 3175 489 3254 praeter
516 3166 656 3234 lata
681 3166 860 3251 perit
884 3164 1139 3230 frustra
1167 3165 1409 3230 diffusa
1436 3187 1562 3254 per
1591 3187 1822 3231 auras:

92 3296 174 3343 570
220 3303 406 3369 pars,
432 3279 671 3346 solidis
700 3279 916 3345 adlisa
934 3330 949 3357 ‚
972 3280 1139 3345 locis
1167 3281 1417 3345 reiecta
1446 3302 1764 3346 sonorem

224 3395 443 3461 reddit
474 3404 544 3460 et
571 3396 745 3460 inter
774 3394 931 3459 dum
957 3394 1325 3460 frustratur
1351 3396 1633 3482 imagine
1662 3396 1884 3461 verbi.

226 3533 388 3597 quae
417 3512 596 3578 bene
626 3532 777 3575 cum
804 3509 1038 3574 videas
1058 3559 1073 3587 ,
1095 3512 1425 3575 rationem
1452 3510 1740 3575 reddere
1768 3511 1992 3598 possis

224 3635 354 3690 tute
382 3627 507 3691 tibi
537 3634 742 3710 atque
771 3625 914 3689 aliis
934 3673 951 3699 ‚
974 3646 1110 3710 quo
1140 3633 1342 3710 pacto
1372 3648 1497 3711 per
1526 3626 1678 3690 loca
1705 3626 1852 3690 sola

224 3762 380 3805 saxa
409 3741 598 3828 paris
626 3739 875 3804 formas
901 3740 1266 3804 verborum
1295 3761 1379 3804 ex
1409 3739 1646 3804 ordine
1674 3739 1967 3805 reddant
1984 3791 1997 3816 ‚

93 3869 171 3915 575
220 3856 503 3941 palantis
533 3856 810 3919 comites
841 3876 989 3918 com
1016 3855 1263 3919 montis
1288 3855 1463 3920 inter
1492 3876 1745 3940 opacos

224 3971 595 4055 quaerimus
626 3977 696 4035 et
721 3990 961 4056 magna
989 3969 1337 4055 dispersos
1365 3990 1534 4033 voce
1565 3969 1812 4033 ciemus
1832 4019 1845 4032 .

225 4106 338 4150 sex
366 4086 564 4151 etiam
598 4093 716 4149 aut
742 4092 1001 4171 septem
1028 4085 1182 4151 loca
1208 4083 1345 4149 vidi
1373 4082 1662 4149 reddere
1689 4104 1897 4149 voces
1920 4133 1935 4158 ‚

232 4364 322 4409 545
356 4357 427 4411 Et
461 4357 652 4413 validis
685 4359 827 4412 necti
850 4360 1010 4413 tortis
1045 4377 1111 4413 ex
1158 4362 1178 4432 ΙΙ
1226 4367 1325 4413 548
1359 4363 1615 4415 mittimus
1666 4361 1686 4431 ΙΙ
1731 4367 1830 4412 549
1854 4376 2136 4412 nervorum
2173 4358 2192 4428 ΙΙ
2243 4365 2338 4411 553
2359 4358 2450 4410 ina

136 4461 153 4484 a
232 4445 323 4492 567
358 4442 532 4494 verbis
567 4438 589 4508 ΙΙ
629 4448 728 4494 570
762 4441 903 4512 Iopis
942 4443 963 4512 Η
999 4449 1098 4495 576
1123 4460 1341 4515 magnas
1380 4445 1400 4515 ΙΙ
1438 4452 1535 4499 577
1563 4444 1745 4498 videre
1781 4442 1948 4497 odore
1985 4442 2157 4495 vocis.
