3042 5192
686 457 826 524 224
1749 453 1847 521 VI

680 631 876 717 gleba
903 636 1241 693 vetustate
1274 649 1309 689 e
1341 634 1526 691 terra
1553 626 1978 714 provolvitur
2005 628 2242 713 ingens
2263 677 2278 704 ‚

679 754 756 810 ut
783 747 1066 809 iactetur
1095 763 1311 829 aquae
1339 742 1546 806 fluctu
1576 763 1848 827 quoque
1878 751 2061 806 terra
2086 742 2444 820 vacillans3

531 881 625 925 555
680 869 758 926 ut
784 881 907 925 vas
933 859 1108 921 inter
1140 855 1297 920 dum
1326 878 1463 920 non
1496 856 1642 941 quit
1672 864 2019 933 constare,
2039 858 2168 921 nisi
2195 879 2388 921 umor

684 974 943 1038 destitit
970 974 1036 1037 in
1068 971 1274 1036 dubio
1304 971 1511 1035 fluctu
1537 971 1847 1036 iactarier
1874 972 2056 1037 intus
2076 1022 2089 1035 .

762 1090 1121 1155 Praeterea
1148 1095 1392 1151 ventus
1423 1108 1572 1150 cum
1603 1107 1725 1170 per
1752 1086 1906 1150 loca
1932 1088 2229 1152 subcava
2255 1096 2474 1154 terrae

682 1205 1002 1269 collectus
1033 1210 1224 1290 parte
1257 1224 1340 1265 ex
1370 1223 1503 1265 una
1533 1201 1913 1287 procumbit
1942 1209 2010 1266 et
2037 1211 2234 1289 urget

683 1321 970 1385 obnixus
1002 1317 1258 1402 magnis
1290 1316 1647 1402 speluncas
1676 1315 1928 1381 viribus
1957 1316 2129 1381 altas
2148 1367 2164 1393 ‚

527 1454 627 1500 500
680 1432 999 1499 incumbit
1028 1431 1224 1495 tellus
1256 1452 1390 1515 quo
1420 1431 1607 1494 venti
1635 1451 1853 1517 prona
1879 1432 2124 1517 premit
2150 1433 2290 1496 vis:

684 1558 824 1613 tum
856 1567 1105 1631 supera
1131 1553 1376 1610 terram
1408 1567 1581 1630 quae
1612 1553 1770 1609 sunt
1799 1553 2109 1609 extructa
2139 1545 2488 1610 domorum
2506 1599 2520 1624 ‚

682 1662 771 1729 ad
802 1662 1190 1746 caelumque
1217 1660 1427 1745 magis
1462 1668 1714 1745 quanto
1747 1669 1907 1724 sunt
1936 1659 2116 1725 edita
2147 1683 2450 1747 quaeque
2469 1712 2484 1736 ‚

680 1778 996 1843 inclinata
1023 1784 1247 1840 meant
1274 1775 1341 1838 in
1374 1774 1654 1838 eandem
1684 1774 1956 1860 prodita
1983 1784 2245 1863 partem
2262 1826 2278 1852 ,

680 1899 1201 1980 protractaeque
1231 1891 1461 1954 trabes
1488 1888 1861 1975 inpendent
1887 1891 1984 1953 ire
2013 1885 2290 1976 paratae
2311 1941 2324 1954 .

529 2026 625 2072 565
682 2016 751 2072 et
775 2014 1080 2071 metuunt
1106 2006 1328 2091 magni
1355 2011 1662 2068 naturam
1693 2003 1970 2068 credere
1999 2005 2230 2072 mundi

685 2122 951 2187 exitiale
982 2119 1257 2206 aliquod
1289 2128 1552 2207 tempus
1585 2118 1974 2205 clademque
2002 2142 2271 2185 manere
2292 2171 2305 2198 ,

685 2259 832 2302 cum
861 2234 1136 2300 videant
1165 2242 1421 2299 tantam
1451 2242 1781 2299 terrarum
1808 2235 2191 2301 incumbere
2219 2236 2492 2300 molem!

682 2350 868 2437 quod
895 2350 1023 2413 nisi
1049 2349 1384 2436 respirent
1410 2349 1596 2414 venti
1613 2399 1627 2424 ‚
1648 2351 1752 2414 vis
1780 2350 1964 2414 nulla
1989 2349 2284 2415 refrenet

681 2487 790 2529 res
820 2486 1039 2550 neque
1070 2465 1155 2527 ab
1189 2464 1390 2528 exitio
1421 2466 1643 2550 possit
1669 2464 2166 2551 reprehendere
2198 2448 2447 2529 euntis:

528 2598 627 2643 570
682 2601 861 2642 nunc
893 2581 1048 2663 quia
1076 2580 1412 2666 respirant
1442 2580 1717 2644 alternis
1746 2580 1947 2664 inque
1978 2587 2386 2664 gravescunt

682 2702 749 2758 et
778 2695 968 2779 quasi
1000 2694 1266 2757 collecti
1294 2692 1582 2757 redeunt
1611 2692 1994 2778 ceduntque
2024 2694 2308 2778 repulsi,

681 2809 947 2896 saepius
978 2809 1153 2872 hanc
1184 2809 1271 2873 ob
1303 2831 1442 2872 rem
1469 2809 1812 2873 minitatur
1842 2808 2279 2872 terraruinas

683 2946 882 3010 quam
910 2922 1104 2988 facit:
1126 2924 1484 2988 inclinatur
1516 2925 1689 2987 enim
1718 2930 2041 3008 retroque
2069 2922 2324 2987 recellit
2341 2972 2356 2998 ‚

682 3048 751 3104 et
778 3039 1018 3127 recipit
1044 3039 1364 3126 prolapsa
1393 3059 1552 3101 suas
1580 3037 1649 3100 in
1679 3036 1986 3123 pondera
2014 3037 2212 3102 sedes
2231 3087 2244 3100 .

526 3172 622 3217 575
676 3154 805 3218 hac
833 3154 1032 3240 igitur
1060 3154 1322 3217 ratione
1349 3153 1668 3217 vacillant
1699 3153 1920 3217 omnia
1948 3161 2132 3217 tecta

682 3267 937 3333 summa
962 3269 1171 3354 magis
1200 3266 1434 3331 mediis
1453 3317 1469 3343 ‚
1489 3266 1709 3331 media
1734 3268 1881 3332 imis
1901 3317 1915 3342 ‚
1936 3268 2069 3331 ima
2095 3266 2422 3354 perhilum
2441 3317 2454 3330 .

761 3383 890 3447 Est
916 3383 1085 3448 haec
1117 3381 1414 3446 eiusdem
1445 3404 1716 3467 quoque
1743 3384 1965 3468 magni
1996 3403 2197 3447 causa
2229 3383 2569 3456 tremori8‚

676 3507 918 3563 ventus
947 3497 1061 3560 ubi
1093 3505 1296 3582 atque
1326 3498 1581 3561 animae
1615 3498 1838 3562 subito
1867 3499 1970 3562 vis
1999 3498 2283 3562 maxima
2313 3496 2636 3582 quaedam

678 3620 796 3676 aut
824 3613 1240 3676 extrinsecus
1271 3620 1389 3676 aut
1414 3613 1563 3697 ipsa
1594 3612 1828 3677 tellure
1859 3620 2093 3677 coorta

524 3745 621 3790 580
674 3729 744 3791 in
771 3729 922 3792 loca
951 3749 1023 3792 se
1055 3749 1221 3791 cava
1248 3728 1456 3791 terrai
1486 3728 1806 3803 coniecit,
1827 3727 2051 3813 ibique

677 3842 1031 3928 speluncas
1051 3844 1234 3907 -inter
1265 3863 1541 3927 magnas
1571 3840 1797 3907 fremit
1825 3848 1980 3905 ante
2011 3840 2296 3905 tumultu

677 3956 1239 4042 versabundaque
1268 3964 1585 4042 portatur
1603 4006 1618 4032 ,
1642 3963 1804 4043 post
1830 3957 2033 4020 incita
2063 3977 2211 4019 cum
2239 3956 2341 4019 vis

680 4074 1015 4156 exagitata
1043 4072 1227 4136 foras
1261 4072 1628 4158 erumpitur
1659 4079 1727 4135 et
1757 4070 1950 4134 simul
1979 4071 2179 4135 altam

683 4354 780 4400 554
819 4346 1059 4400 vacillas.
1099 4348 1119 4417 ΙΙ
1157 4354 1254 4399 555
1293 4346 1417 4401 dum
1442 4356 1714 4402 omissum.
1754 4346 1773 4416 ΙΙ
1813 4355 1911 4400 558
1947 4363 2135 4417 urges.
2176 4346 2196 4417 ΙΙ
2234 4350 2330 4397 563
2369 4346 2570 4397 minent
2593 4345 2642 4396 in
2667 4331 2860 4398 elidem}

682 4448 979 4502 .a.a.q.q.
1019 4430 1039 4501 ΙΙ
1078 4436 1177 4482 568
1215 4431 1386 4484 ventis
1422 4431 1564 4484 nulla
1600 4431 1882 4484 refremet.
1924 4432 1943 4500 ΙΙ
1982 4436 2078 4481 582
2117 4426 2475 4482 versabunda
