3042 5192
1312 478 1376 548 II
2371 488 2454 556 31

218 653 732 741 hypermetrum
763 700 778 728 ,
819 653 1083 738 qualem
1130 651 1241 716 hic
1271 653 1598 738 Marullus
1642 654 1908 721 efficere
1951 658 2164 724 voluit
2190 710 2206 737 ‚
2262 683 2464 727 unum

216 760 481 816 tantum
523 752 592 815 in
635 757 785 815 toto
827 771 1033 837 opere
1076 751 1431 826 Lucretius
1452 753 1701 839 *posuit
1739 754 1808 818 in
1852 755 2023 820 libro
2064 759 2304 837 v,849;
2349 763 2464 825 ubi

220 847 688 914 Wakefieldus
719 847 913 914 dedit
939 850 1143 915 Multa
1162 900 1181 932 ‚
1219 851 1491 914 videmus
1514 899 1534 931 ‚
1575 854 1736 915 enim
1764 853 1944 918 rebus
1970 877 2332 923 concurrere
2360 861 2463 924 de·

214 949 387 1028 benc,
435 947 506 1010 in
537 968 675 1032 quo
706 954 812 1012 est
840 943 997 1011 ἦθος
1025 947 1505 1036 ineptissimum
1526 998 1540 1012 .
1579 970 1666 1014 ex
1693 949 2045 1037 tragoedia
2071 975 2274 1018 unum
2305 977 2462 1043 cog-

213 1046 379 1109 novi
407 1044 610 1109 huius
648 1045 914 1131 generis
942 1066 1210 1110 versum
1240 1094 1256 1121 ‚
1302 1068 1498 1131 quem
1531 1070 1616 1113 ex
1643 1049 1851 1114 Medo
1881 1049 2154 1115 Pacuvii
2181 1056 2464 1139 petitum

216 1142 462 1207 Cicero
506 1143 766 1207 rettulit
805 1143 875 1205 in
913 1143 1154 1207 librum
1184 1142 1718 1212 Tusculanarum
1762 1171 1863 1225 111,
1878 1148 2005 1225 26⁴,
2062 1150 2264 1215 Situm
2306 1154 2465 1217 inter

213 1244 343 1307 orie
372 1242 544 1327 (sic,
586 1249 791 1328 puto:
833 1240 983 1306 libri
1014 1240 1154 1306 Sim
1178 1243 1427 1329 nitoris)
1468 1246 1662 1310 barba
1696 1245 1974 1332 paedore
2000 1247 2257 1313 horrida
2285 1261 2464 1337 atque

212 1342 459 1405 §sudu-m
504 1340 773 1428 infiascat
807 1350 1021 1425 peetus
1068 1340 1295 1404 inluvie
1342 1342 1627 1407 scabrum
1654 1393 1667 1407 .
1737 1344 2020 1431 primum
2067 1353 2286 1410 autem
2332 1347 2462 1412 hac

215 1436 507 1503 duorum
553 1458 867 1502 versuum
919 1437 992 1501 in
1040 1459 1246 1502 unum
1302 1441 1918 1527 coniungendorum
1978 1450 2124 1508 arte
2171 1443 2462 1510 Ennium

212 1558 410 1601 usum
452 1557 605 1601 esse
635 1536 987 1624 Philippus
1018 1535 1399 1623 Wagnerus
1444 1537 1534 1602 ad
1562 1538 1842 1626 Vergilii
1887 1543 2252 1628 georgicon
2297 1565 2366 1619 11,
2379 1543 2462 1607 69

212 1656 353 1699 non
407 1633 901 1699 demonstravit
936 1658 952 1698 ε
1018 1655 1171 1698 nam
1217 1655 1390 1721 quos
1435 1658 1673 1702 versus
1716 1637 2040 1703 Columna
2077 1639 2297 1704 Ennio
2339 1639 2458 1705 ad-

213 1733 494 1820 scripsit
510 1781 526 1808 ,
553 1755 783 1818 mayna
811 1756 947 1797 ossa
976 1734 1310 1820 lacer-tique
1331 1740 1640 1821 dpparent
1661 1736 1926 1802 hominis
1940 1786 1959 1818 ,
1993 1758 2111 1802 eos
2131 1736 2461 1803 Macrobii

214 1831 628 1918 exemplaria
663 1831 731 1894 in
762 1829 1181 1907 Saturn.w,l
1230 1833 1474 1916 partim
1500 1833 1797 1898 Lucretii
1841 1834 1970 1898 alia
2009 1833 2242 1899 Lucilii
2285 1836 2456 1901 libro

212 1952 367 1993 xvu
408 1929 756 1994 tribuunt:
802 1927 928 1992 sed
971 1929 1370 2016 quicumque
1409 1930 1545 1995 hoc
1581 1932 1836 2017 primus
1867 1952 2072 1996 ausus
2104 1942 2210 1998 est
2234 1982 2249 2010 ‚
2290 1956 2457 2020 quo-

212 2049 371 2091 nam
413 2027 557 2091 iure
595 2026 667 2091 id
705 2027 945 2091 fecerit
986 2026 1209 2091 dicere
1247 2050 1385 2092 non
1427 2049 1704 2115 possum
1730 2078 1744 2092 .
1774 2050 1927 2092 nam
1956 2029 2121 2093 illud
2148 2031 2218 2093 in
2246 2030 2457 2095 Iliade

215 2137 321 2190 ter
358 2174 376 2198 ‚
419 2125 624 2190 semel
650 2126 718 2189 in
748 2125 1115 2211 theogonia
1140 2124 1427 2190 Hesiodi
1456 2126 1751 2210 positum
1781 2175 1797 2201 ‚
1845 2126 2032 2211 quod
2062 2150 2210 2191 cum
2239 2150 2455 2213 gram-

210 2226 439 2290 matici
459 2233 726 2289 veteres
749 2224 1079 2288 vocabulo
1107 2225 1282 2287 inter
1313 2220 1449 2285 duo
1479 2244 1718 2286 versus
1748 2220 1964 2287 diviso
1998 2226 2455 2310 scripsissent,

212 2323 567 2387 Bekkerus
596 2344 775 2386 nunc
802 2330 987 2385 recte
1027 2321 1189 2383 fecit
1229 2317 1500 2404 εῩΡῨοπΔ
1535 2318 1666 2383 Zau
1688 2368 1702 2394 ‚
1744 2321 1969 2385 nullus
2009 2328 2216 2407 poeta
2246 2323 2456 2387 Grae-

212 2443 335 2485 cus
378 2422 677 2485 imitatus
718 2428 866 2483 est:
906 2439 1130 2504 neque
1177 2416 1521 2481 dramatici
1572 2417 1812 2482 Graeci
1852 2419 2103 2508 ἱψισω
2146 2421 2294 2485 loci-s·
2316 2470 2334 2501 ‚
2379 2429 2459 2486 ut

216 2519 602 2606 Wagnerus
635 2517 799 2581 dicit
828 2565 843 2592 ‚
889 2526 1008 2582 aut
1032 2516 1413 2603 promiscue
1441 2514 1576 2580 hoc
1606 2516 1884 2581 artificio
1917 2515 2233 2584 delectati
2263 2528 2455 2597 sunt,

212 2617 337 2682 sed
368 2615 749 2702 Sophocles
781 2622 970 2679 certo
1002 2613 1297 2700 quodam
1337 2622 1643 2701 tempore
1674 2665 1691 2692 ‚
1735 2614 2111 2703 eodemque
2152 2625 2457 2705 tempore

212 2713 580 2803 Euripides
611 2763 627 2790 ‚
674 2712 798 2778 sed
838 2713 949 2777 hic
990 2714 1381 2801 parcissime
1424 2735 1590 2778 usus
1620 2738 1635 2778 ι
1681 2736 1901 2800 neque
1943 2723 2061 2779 aut
2090 2717 2175 2781 ab
2203 2715 2310 2781 his
2339 2727 2457 2781 aut

211 2814 296 2878 ab
327 2811 741 2899 asynartctis
771 2811 1007 2875 Ionum
1040 2818 1109 2875 et
1135 2810 1437 2875 Aeoleon
1466 2812 1673 2876 ullum
1704 2821 1810 2877 est
1839 2820 1956 2877 aut
1982 2812 2272 2878 heroicis
2301 2835 2453 2878 ver-

209 2912 401 2977 sibus
429 2918 549 2974 aut
574 2909 873 2975 iambicis
909 2909 1310 2976 comicorum
1350 2908 1761 2996 praesidium
1790 2958 1804 2973 .
1847 2909 1972 2974 sed
2015 2909 2202 2995 quod
2242 2909 2454 2975 homi-

209 3032 334 3075 nes
364 3008 556 3074 docti
576 3008 1050 3095 hypermetros
1073 3007 1399 3095 syllabam
1420 3006 1689 3092 longam
1710 3008 2053 3092 requirere
2077 3006 2453 3086 adfirmant,

208 3108 279 3173 id
308 3110 382 3171 in
413 3105 893 3170 dodecametro
926 3105 1264 3193 dactylico
1311 3112 1380 3169 et
1417 3105 1703 3168 ’iambico
1740 3103 2156 3169 duodenario
2186 3105 2453 3168 verissi-

208 3229 391 3271 mum
421 3213 530 3271 est
556 3254 571 3282 ‚
613 3227 750 3270 non
779 3205 938 3269 item
966 3205 1034 3269 in
1064 3205 1143 3269 iis
1170 3204 1480 3269 versibus
1519 3203 1635 3289 qui
1664 3210 1908 3267 natura
1936 3224 2059 3267 sua
2084 3202 2155 3265 in
2183 3202 2454 3289 longam

211 3305 543 3393 syllabam
573 3325 711 3367 non
742 3301 1059 3368 desinunt
1082 3352 1096 3366 .
1136 3303 1365 3388 itaque
1394 3301 1755 3365 Terentius
1782 3300 1972 3366 brevi
2001 3299 2262 3386 syllaba
2290 3321 2454 3364 usus

210 3411 317 3468 est
343 3403 417 3466 in
444 3400 795 3466 trochaico
838 3400 1040 3486 pleno
1075 3448 1090 3475 ,
1130 3399 1198 3463 in
1227 3400 1560 3465 Eunucho
1592 3399 1835 3476 1v‚1‚11
1865 3448 1880 3474 ‚
1922 3398 2225 3478 Adcerse,
2254 3407 2323 3460 ut
2349 3398 2452 3462 de-

208 3503 381 3566 lectet
407 3500 509 3564 hic
528 3523 664 3564 noe.
694 3501 807 3565 illa
828 3500 1133 3563 exclamat
1146 3492 1411 3563 ‘ndnime
1434 3500 1735 3585 yentiwm.
1767 3498 1833 3561 in
1855 3497 2188 3562 convivium
2207 3494 2454 3560 illam?

207 3601 383 3663 miles
426 3600 670 3663 tendere
708 3599 852 3662 inde
895 3598 984 3662 ad
1017 3598 1289 3683 iuryiwm
1317 3646 1331 3660 .
1375 3596 1678 3661 Catullus
1709 3597 1780 3659 in
1810 3594 2152 3682 Sapphico
2197 3592 2452 3657 hende-

208 3696 560 3784 casyllabo
593 3697 860 3761 Nullum
889 3718 1107 3759 amans
1133 3718 1274 3759 vere
1293 3744 1312 3776 ‚
1350 3695 1460 3759 sed
1483 3695 1812 3758 identidem
1841 3693 2112 3758 omnium
2139 3693 2256 3757 ilia
2282 3714 2452 3757 rum·

196 3819 387 3882 pens,
416 3794 579 3858 item
615 3789 928 3858 Gallicum
956 3792 1273 3873 Rhemum,
1302 3792 1594 3857 horribile
1623 3814 1882 3880 aequor,
1910 3791 2273 3876 ultimdeque
2296 3788 2451 3853 Bri-

206 3904 459 3958 camos.
492 3899 733 3956 contra
757 3891 827 3955 in
851 3890 1199 3979 Glyconeo
1221 3890 1464 3976 longae
1485 3897 1747 3954 tantum
1777 3889 2077 3976 syllabae
2097 3887 2290 3952 locus
2319 3893 2452 3962 estg

206 4001 281 4056 ut
307 3990 491 4055 idem
524 3989 826 4055 Catullus
851 3989 1005 4055 Sola
1035 3991 1311 4075 cognata,
1330 3990 1440 4053 sed
1463 3989 1686 4052 marito
1713 3989 1833 4053 ieta
1859 4010 1986 4051 non
2015 3986 2228 4052 eadem
2257 3985 2452 4050 licent.

206 4090 365 4154 item
404 4089 476 4152 in
508 4087 775 4152 Cretico
807 4086 1221 4151 Terentius'
1203 4109 1273 4151 ιιι
1301 4085 1562 4151 Andria
1588 4109 1678 4162 nr,
1698 4087 1752 4162 1,
1764 4086 1805 4150 9
1847 4086 1936 4152 Et
1974 4087 2218 4163 timent,
2261 4094 2320 4147 et
2357 4093 2453 4146 ta·

206 4210 345 4252 men
371 4209 474 4251 res
506 4187 740 4273 premit
777 4185 1120 4271 deneqare.
1164 4186 1251 4249 ibi
1290 4195 1419 4249 tum
1463 4208 1675 4251 eorum
1713 4182 2216 4279 inpudentissima
2255 4180 2454 4243 oratio

206 4297 320 4350 est.
342 4284 708 4370 idemque
691 4306 761 4348 ιιι
788 4284 1088 4349 'iambicis
1118 4283 1551 4348 acatalectis
1532 4304 1602 4346 m
1624 4269 2031 4346 Phormione
2061 4301 2132 4354 11,
2150 4278 2201 4352 l,
2213 4276 2295 4340 63
2317 4277 2451 4339 Ne·

206 4382 1010 4471 quetestimmoidicabest.
1051 4383 1490 4447 wduomwm'a.
1539 4380 1700 4444 addo
1742 4381 1937 4459 istrie,
1978 4374 2336 4462 inm-ndens
2376 4374 2450 4435 ti-

204 4483 359 4545 mm't
386 4482 786 4547 adulescens.
831 4482 999 4562 eine,
1033 4487 1103 4543 et
1139 4478 1437 4544 similiter
1478 4479 1548 4542 in
1577 4476 1907 4562 Adelphis
1947 4473 2094 4635 ιι,62,
2111 4472 2152 4536 9
2183 4493 2282 4544 ιιι,
2295 4470 2353 4544 3,
2369 4468 2444 4532 21
