3042 5192
1218 471 1318 539 VI
2241 478 2380 547 233

51 664 113 709 ⁸25»
153 645 455 731 reliquias
486 645 667 711 vitae
695 643 1009 710 membris
1041 664 1127 708 ex
1156 645 1461 731 omnibus
1490 646 1744 712 aufert.

158 761 397 847 quippe
428 761 676 826 etenim
705 760 923 848 primo
956 760 1151 845 quasi
1180 760 1517 845 quendam
1547 763 1810 829 conciet
1839 771 2130 830 aestum:

157 876 484 963 posterius
511 875 589 940 fit
616 875 714 941 uti
731 924 749 953 ‚
772 897 923 939 cum
951 876 1081 939 iam
1112 873 1416 940 cecidere
1444 877 1688 942 veneni

155 991 209 1054 in
230 990 449 1055 fontis
475 993 667 1077 ipsos
686 1039 701 1067 ‚
722 990 814 1056 ibi
843 989 933 1054 sit
963 1010 1236 1075 quoque
1262 991 1403 1055 vita
1431 991 1768 1058 vomenda

158 1113 515 1194 propterea
544 1104 731 1191 quod
757 1124 1001 1190 magna
1026 1104 1180 1168 mali
1209 1105 1287 1170 fit
1315 1105 1513 1193 copia
1543 1107 1790 1171 circum
1808 1158 1822 1171 .

52 1239 119 1284 ⁸30
220 1220 331 1285 Fit
362 1241 641 1306 quoque
669 1228 745 1284 ut
770 1220 948 1285 inter
978 1218 1138 1283 dum
1165 1220 1269 1284 vis
1298 1220 1469 1285 haec
1498 1229 1705 1307 atque
1734 1230 1963 1288 aestus
1993 1226 2245 1291 Averni

161 1342 299 1400 aera
317 1384 335 1411 ,
367 1335 486 1420 qui
514 1335 690 1400 inter
719 1336 862 1400 avis
892 1343 1251 1420 cumquest
1275 1343 1660 1422 terramque
1688 1337 1951 1403 locatus
1970 1388 1985 1414 ‚

163 1449 467 1515 discutiat
483 1499 500 1527 ‚
521 1472 737 1538 prope
765 1450 863 1515 uti
889 1450 1082 1515 locus
1108 1449 1222 1514 hic
1250 1449 1593 1535 linquatur
1620 1453 1834 1518 inanis
1855 1502 1868 1516 .

162 1566 331 1629 cuius
358 1565 477 1629 ubi
508 1587 545 1629 e
573 1566 845 1652 regione
873 1565 1004 1630 loci
1032 1586 1279 1630 venere
1305 1566 1615 1631 volantes
1634 1615 1651 1643 ‚

165 1678 486 1745 claudicat
516 1680 849 1766 extemplo
877 1679 1233 1767 pinnarum
1262 1680 1451 1746 nisus
1476 1681 1694 1746 inanis
1712 1730 1729 1757 ‚

50 1811 121 1856 8³5
163 1803 222 1859 et
246 1814 572 1859 conamen
598 1795 933 1881 utrimque
962 1795 1218 1861 alarum
1245 1794 1561 1881 proditur
1590 1817 1786 1861 omne
1804 1846 1818 1861 .

163 1908 259 1972 hic
285 1909 405 1973 ubi
434 1909 651 1973 nixari
678 1917 1024 1996 nequeunt
1050 1910 1497 1995 insistereque
1528 1910 1650 1976 alis
1668 1959 1685 1987 ,

163 2025 437 2099 scilicet,
456 2024 528 2088 in
553 2033 801 2090 terram
831 2024 1052 2091 delabi
1078 2024 1385 2113 pondere
1416 2026 1601 2112 cogit

164 2147 391 2204 natura
408 2187 425 2215 ,
448 2147 518 2204 et
544 2162 825 2204 vacuum
853 2161 1071 2227 prope
1097 2140 1229 2204 iam
1254 2161 1380 2226 per
1407 2141 1605 2204 inane
1633 2141 1926 2206 iacentes

50 2267 124 2314 839
169 2252 554 2341 dispergunt
581 2255 835 2320 animas
863 2277 986 2342 per
1015 2255 1243 2320 caulas
1273 2256 1581 2343 corporis
1610 2257 1856 2321 omnis.

1171 2370 1209 2410 2
1228 2381 1247 2394 ,

166 2504 291 2547 non
317 2484 473 2549 mihi
504 2486 563 2549 si
590 2486 857 2573 linguae
886 2492 1153 2551 centum
1182 2485 1319 2550 sint
1347 2505 1600 2571 oraque
1631 2494 1896 2551 centum
1915 2536 1931 2563 ,

167 2619 351 2663 aerea
376 2621 512 2665 vox
530 2650 546 2677 ,

1162 2716 1200 2756 a

1483 2832 1803 2898 mensibu’
1830 2832 2041 2920 frigus

1168 2945 1206 2985 8

1365 3081 1802 3147 cameraeque
1832 3063 2103 3127 caminis

1171 3174 1209 3214 a

808 3311 893 3353 ne
923 3289 1193 3356 oblimet

1168 3406 1206 3446 a

49 3527 121 3574 un
169 3512 455 3600 frigidior
482 3539 690 3604 porro
720 3519 789 3583 in
816 3521 1038 3606 puteis
1067 3527 1324 3586 aestate
1352 3521 1430 3586 fit
1457 3542 1649 3587 umor
1667 3571 1682 3597 ‚

173 3633 439 3697 rarescit
468 3633 627 3719 quia
656 3640 841 3699 terra
869 3635 1091 3701 calore
1109 3685 1126 3712 ,
1152 3643 1222 3700 et
1250 3637 1503 3701 semina
1533 3637 1589 3701 si
1619 3658 1791 3722 quae

172 3742 337 3809 forte
360 3748 631 3834 vaporis
659 3747 868 3814 habet
885 3799 902 3827 ,
922 3773 1213 3838 propere
1243 3750 1516 3817 dimittit
1543 3752 1614 3815 in
1641 3773 1871 3817 auras.

173 3879 301 3944 quo
326 3863 529 3949 magis
561 3871 667 3928 est
694 3864 896 3950 igitur
922 3866 1123 3932 tellus
1153 3866 1352 3931 effeta
1381 3867 1605 3931 calore
1625 3915 1641 3942 ‚

172 3972 247 4037 fit
275 3997 529 4065 quoque
558 3978 864 4065 frigidior
896 3982 1010 4066 qui
1038 3981 1106 4045 in
1135 3988 1384 4047 terrast
1414 3979 1684 4046 abditus
1713 4003 1904 4046 umor
1923 4031 1936 4044 .

51 4101 123 4146 ”5
174 4087 401 4174 frigore
431 4115 581 4158 cum
609 4094 936 4179 premitur
964 4117 1172 4181 porro
1206 4097 1418 4161 omnis
1449 4103 1633 4161 terra
1662 4096 1930 4182 coitque

183 4368 280 4413 825
310 4367 409 4422 vita
448 4369 472 4438 ΙΙ
525 4374 623 4424 831
662 4379 941 4442 teramque
986 4372 1008 4441 ΙΙ
1054 4378 1153 4425 832
1190 4374 1310 4427 hinc
1345 4373 1599 4444 linquitur
1646 4373 1669 4441 ΙΙ
1716 4378 1815 4426 833
1855 4390 1884 4426 e
1916 4376 2013 4429 bie.
2063 4375 2085 4442 ΙΙ
2132 4377 2230 4424 840
2269 4372 2387 4435 Quo

186 4445 414 4517 frigidior
466 4453 489 4521 ΙΙ
546 4459 644 4508 841
673 4454 895 4510 Arescit
929 4454 952 4523 ΙΙ
989 4457 1118 4510 semi
1142 4458 1321 4527 siqua.
1346 4459 1368 4525 ΙΙ
1406 4462 1505 4510 842
1531 4457 1750 4528 proprie
