<?xml version="1.0" encoding="UTF-8"?>
<!DOCTYPE html PUBLIC "-//W3C//DTD XHTML 1.0 Transitional//EN"
    "http://www.w3.org/TR/xhtml1/DTD/xhtml1-transitional.dtd">
<html xmlns="http://www.w3.org/1999/xhtml" xml:lang="en" lang="en">
 <head>
  <title>
</title>
<meta http-equiv="Content-Type" content="text/html;charset=utf-8" />
  <meta name='ocr-system' content='tesseract 3.04.00' />
  <meta name='ocr-capabilities' content='ocr_page ocr_carea ocr_par ocr_line ocrx_word'/>
</head>
<body>
  <div class='ocr_page' id='page_1' title='image "./tlucreticarider04unkngoog_0342.png"; bbox 0 0 3042 5192; ppageno 0'>
   <div class='ocr_carea' id='block_1_1' title="bbox 604 452 1745 530">
    <p class='ocr_par' dir='ltr' id='par_1_1' title="bbox 604 452 1745 530">
     <span class='ocr_line' id='line_1_1' title="bbox 604 452 1745 530; baseline -0.008 -1"><span class='ocrx_word' id='word_1_1' title='bbox 604 462 693 530; x_wconf 86' lang='grc'>76</span> <span class='ocrx_word' id='word_1_2' title='bbox 1682 452 1745 520; x_wconf 91' lang='grc' dir='ltr'>Π</span> 
     </span>
    </p>
   </div>
   <div class='ocr_carea' id='block_1_2' title="bbox 590 623 2838 4550">
    <p class='ocr_par' dir='ltr' id='par_1_2' title="bbox 590 623 2838 4550">
     <span class='ocr_line' id='line_1_2' title="bbox 599 623 2828 714; baseline -0.006 -14"><span class='ocrx_word' id='word_1_3' title='bbox 599 642 797 700; x_wconf 85' lang='lat' dir='ltr'>vecta</span> <span class='ocrx_word' id='word_1_4' title='bbox 822 632 1046 697; x_wconf 85' lang='lat' dir='ltr'>iudico</span> <span class='ocrx_word' id='word_1_5' title='bbox 1066 681 1079 695; x_wconf 90' lang='lat'><strong>.</strong></span> <span class='ocrx_word' id='word_1_6' title='bbox 1109 630 1242 695; x_wconf 91' lang='lat' dir='ltr'>hoc</span> <span class='ocrx_word' id='word_1_7' title='bbox 1272 650 1355 693; x_wconf 89' lang='lat' dir='ltr'>ea</span> <span class='ocrx_word' id='word_1_8' title='bbox 1380 629 1532 714; x_wconf 90' lang='lat' dir='ltr'>ipsa</span> <span class='ocrx_word' id='word_1_9' title='bbox 1555 647 1727 712; x_wconf 88' lang='lat' dir='ltr'>quae</span> <span class='ocrx_word' id='word_1_10' title='bbox 1755 626 2044 712; x_wconf 86' lang='lat' dir='ltr'>aliquam</span> <span class='ocrx_word' id='word_1_11' title='bbox 2065 624 2356 711; x_wconf 86' lang='lat' dir='ltr'>speciem</span> <span class='ocrx_word' id='word_1_12' title='bbox 2385 623 2640 688; x_wconf 85' lang='lat' dir='ltr'>habent</span> <span class='ocrx_word' id='word_1_13' title='bbox 2667 646 2828 709; x_wconf 82' lang='lat' dir='ltr'>pau·</span> 
     </span>
     <span class='ocr_line' id='line_1_3' title="bbox 600 721 2831 815; baseline -0.007 -16"><span class='ocrx_word' id='word_1_14' title='bbox 600 735 803 799; x_wconf 89' lang='lat' dir='ltr'>citate</span> <span class='ocrx_word' id='word_1_15' title='bbox 845 753 970 796; x_wconf 90' lang='lat' dir='ltr'>sua</span> <span class='ocrx_word' id='word_1_16' title='bbox 1007 727 1422 815; x_wconf 87' lang='lat' dir='ltr'>persuadent</span> <span class='ocrx_word' id='word_1_17' title='bbox 1448 776 1462 789; x_wconf 90' lang='lat'><strong>.</strong></span> <span class='ocrx_word' id='word_1_18' title='bbox 1508 747 1684 789; x_wconf 90' lang='lat' dir='ltr'>unus</span> <span class='ocrx_word' id='word_1_19' title='bbox 1727 731 1833 789; x_wconf 90' lang='lat' dir='ltr'>est</span> <span class='ocrx_word' id='word_1_20' title='bbox 1868 724 2069 787; x_wconf 90' lang='lat' dir='ltr'>huius</span> <span class='ocrx_word' id='word_1_21' title='bbox 2111 721 2294 786; x_wconf 87' lang='lat' dir='ltr'>modi</span> <span class='ocrx_word' id='word_1_22' title='bbox 2331 743 2573 786; x_wconf 81' lang='lat' dir='ltr'>versus</span> <span class='ocrx_word' id='word_1_23' title='bbox 2599 721 2831 796; x_wconf 79' lang='lat' dir='ltr'>Ennii,</span> 
     </span>
     <span class='ocr_line' id='line_1_4' title="bbox 601 822 2835 917; baseline -0.004 -22"><span class='ocrx_word' id='word_1_24' title='bbox 601 853 798 917; x_wconf 91' lang='lat' dir='ltr'>quem</span> <span class='ocrx_word' id='word_1_25' title='bbox 836 829 1120 916; x_wconf 89' lang='lat' dir='ltr'>protulit</span> <span class='ocrx_word' id='word_1_26' title='bbox 1158 827 1425 900; x_wconf 79' lang='lat' dir='ltr'>Brobus</span> <span class='ocrx_word' id='word_1_27' title='bbox 1469 823 1560 889; x_wconf 90' lang='lat' dir='ltr'>ad</span> <span class='ocrx_word' id='word_1_28' title='bbox 1589 823 1868 911; x_wconf 82' lang='lat' dir='ltr'>Vergilii</span> <span class='ocrx_word' id='word_1_29' title='bbox 1923 823 2219 909; x_wconf 78' lang='lat' dir='ltr'>eclogam</span> <span class='ocrx_word' id='word_1_30' title='bbox 2273 844 2346 885; x_wconf 75' lang='lat' dir='ltr'>vx</span> <span class='ocrx_word' id='word_1_31' title='bbox 2376 845 2442 909; x_wconf 91' lang='lat' dir='ltr'>p.</span> <span class='ocrx_word' id='word_1_32' title='bbox 2464 822 2560 898; x_wconf 87' lang='grc'>19,</span> <span class='ocrx_word' id='word_1_33' title='bbox 2578 822 2652 886; x_wconf 94' lang='grc'>11</span> <span class='ocrx_word' id='word_1_34' title='bbox 2683 870 2700 897; x_wconf 88' lang='grc'>,</span> <span class='ocrx_word' id='word_1_35' title='bbox 2749 822 2835 887; x_wconf 66' lang='lat' dir='ltr'>Ei</span> 
     </span>
     <span class='ocr_line' id='line_1_5' title="bbox 599 920 2833 1015; baseline -0.005 -21"><span class='ocrx_word' id='word_1_36' title='bbox 599 931 796 994; x_wconf 70' lang='lat' dir='ltr'>densis</span> <span class='ocrx_word' id='word_1_37' title='bbox 823 928 1039 1015; x_wconf 72' lang='lat' dir='ltr'>aquila</span> <span class='ocrx_word' id='word_1_38' title='bbox 1054 926 1270 1011; x_wconf 70' lang='lat' dir='ltr'>pinnis</span> <span class='ocrx_word' id='word_1_39' title='bbox 1297 925 1521 989; x_wconf 63' lang='grc' dir='ltr'>οόηἱισα</span> <span class='ocrx_word' id='word_1_40' title='bbox 1547 923 1793 987; x_wconf 79' lang='lat' dir='ltr'><em>volabat</em></span> <span class='ocrx_word' id='word_1_41' title='bbox 1819 922 2003 987; x_wconf 74' lang='lat' dir='ltr'>Vento</span> <span class='ocrx_word' id='word_1_42' title='bbox 2020 947 2041 984; x_wconf 83' lang='grc'>.-</span> <span class='ocrx_word' id='word_1_43' title='bbox 2079 920 2218 986; x_wconf 82' lang='grc'><strong>(1110</strong></span> <span class='ocrx_word' id='word_1_44' title='bbox 2249 928 2410 985; x_wconf 90' lang='lat' dir='ltr'>sunt</span> <span class='ocrx_word' id='word_1_45' title='bbox 2437 920 2833 1006; x_wconf 75' lang='lat' dir='ltr'>Vergiliani,</span> 
     </span>
     <span class='ocr_line' id='line_1_6' title="bbox 602 1017 2834 1112; baseline -0.004 -21"><span class='ocrx_word' id='word_1_46' title='bbox 602 1047 887 1112; x_wconf 87' lang='lat' dir='ltr'>quorum</span> <span class='ocrx_word' id='word_1_47' title='bbox 929 1025 1209 1088; x_wconf 88' lang='lat' dir='ltr'>alterum</span> <span class='ocrx_word' id='word_1_48' title='bbox 1245 1029 1570 1087; x_wconf 87' lang='lat' dir='ltr'>notarunt</span> <span class='ocrx_word' id='word_1_49' title='bbox 1612 1020 2068 1106; x_wconf 89' lang='lat' dir='ltr'>grammatici,</span> <span class='ocrx_word' id='word_1_50' title='bbox 2112 1026 2191 1083; x_wconf 90' lang='lat' dir='ltr'>ut</span> <span class='ocrx_word' id='word_1_51' title='bbox 2233 1019 2510 1106; x_wconf 83' lang='lat' dir='ltr'>Sergius</span> <span class='ocrx_word' id='word_1_52' title='bbox 2551 1041 2620 1104; x_wconf 89' lang='lat' dir='ltr'>p.</span> <span class='ocrx_word' id='word_1_53' title='bbox 2644 1017 2834 1090; x_wconf 83' lang='lat'>1830,</span> 
     </span>
     <span class='ocr_line' id='line_1_7' title="bbox 601 1115 2832 1206; baseline -0.005 -16"><span class='ocrx_word' id='word_1_54' title='bbox 601 1125 790 1189; x_wconf 83' lang='lat' dir='ltr'>Dona</span> <span class='ocrx_word' id='word_1_55' title='bbox 817 1123 1033 1188; x_wconf 78' lang='lat' dir='ltr'>dehinc</span> <span class='ocrx_word' id='word_1_56' title='bbox 1060 1144 1215 1185; x_wconf 77' lang='lat' dir='ltr'>auro</span> <span class='ocrx_word' id='word_1_57' title='bbox 1238 1121 1460 1206; x_wconf 69' lang='lat' dir='ltr'>yrcwia</span> <span class='ocrx_word' id='word_1_58' title='bbox 1485 1129 1760 1205; x_wconf 70' lang='lat' dir='ltr'>sectoque</span> <span class='ocrx_word' id='word_1_59' title='bbox 1791 1117 2104 1204; x_wconf 71' lang='lat' dir='ltr'>elephanto</span> <span class='ocrx_word' id='word_1_60' title='bbox 2132 1167 2151 1198; x_wconf 88' lang='lat'><em>,</em></span> <span class='ocrx_word' id='word_1_61' title='bbox 2194 1118 2263 1181; x_wconf 88' lang='lat' dir='ltr'>in</span> <span class='ocrx_word' id='word_1_62' title='bbox 2304 1118 2519 1182; x_wconf 87' lang='lat' dir='ltr'>altero</span> <span class='ocrx_word' id='word_1_63' title='bbox 2559 1138 2648 1180; x_wconf 90' lang='lat' dir='ltr'>ne</span> <span class='ocrx_word' id='word_1_64' title='bbox 2677 1115 2832 1179; x_wconf 84' lang='lat' dir='ltr'>Ser-</span> 
     </span>
     <span class='ocr_line' id='line_1_8' title="bbox 598 1215 2834 1308; baseline -0.004 -22"><span class='ocrx_word' id='word_1_65' title='bbox 598 1222 748 1286; x_wconf 81' lang='lat' dir='ltr'>vius</span> <span class='ocrx_word' id='word_1_66' title='bbox 779 1221 1047 1308; x_wconf 89' lang='lat' dir='ltr'>quidem</span> <span class='ocrx_word' id='word_1_67' title='bbox 1075 1218 1270 1284; x_wconf 88' lang='lat' dir='ltr'>metri</span> <span class='ocrx_word' id='word_1_68' title='bbox 1296 1217 1699 1281; x_wconf 89' lang='lat' dir='ltr'>mentionem</span> <span class='ocrx_word' id='word_1_69' title='bbox 1728 1215 1889 1280; x_wconf 89' lang='lat' dir='ltr'>fecit</span> <span class='ocrx_word' id='word_1_70' title='bbox 1919 1266 1935 1293; x_wconf 88' lang='lat'>‚</span> <span class='ocrx_word' id='word_1_71' title='bbox 1976 1216 2209 1282; x_wconf 66' lang='lat' dir='ltr'>Sancta</span> <span class='ocrx_word' id='word_1_72' title='bbox 2247 1219 2336 1281; x_wconf 85' lang='lat' dir='ltr'>ad</span> <span class='ocrx_word' id='word_1_73' title='bbox 2371 1240 2474 1281; x_wconf 74' lang='lat' dir='ltr'>vos</span> <span class='ocrx_word' id='word_1_74' title='bbox 2501 1217 2716 1280; x_wconf 72' lang='lat' dir='ltr'>anima</span> <span class='ocrx_word' id='word_1_75' title='bbox 2745 1226 2834 1278; x_wconf 65' lang='lat' dir='ltr'>ac-</span> 
     </span>
     <span class='ocr_line' id='line_1_9' title="bbox 600 1314 2834 1407; baseline -0.003 -23"><span class='ocrx_word' id='word_1_76' title='bbox 600 1344 716 1407; x_wconf 81' lang='lat' dir='ltr'>que</span> <span class='ocrx_word' id='word_1_77' title='bbox 744 1321 914 1384; x_wconf 60' lang='lat' dir='ltr'>istim</span> <span class='ocrx_word' id='word_1_78' title='bbox 954 1319 1149 1382; x_wconf 70' lang='lat' dir='ltr'>inscia</span> <span class='ocrx_word' id='word_1_79' title='bbox 1177 1318 1394 1402; x_wconf 59' lang='lat' dir='ltr'>euspae</span> <span class='ocrx_word' id='word_1_80' title='bbox 1413 1364 1426 1378; x_wconf 93' lang='lat'><strong>.</strong></span> <span class='ocrx_word' id='word_1_81' title='bbox 1466 1314 1596 1379; x_wconf 91' lang='lat' dir='ltr'>hos</span> <span class='ocrx_word' id='word_1_82' title='bbox 1624 1315 1826 1400; x_wconf 87' lang='lat' dir='ltr'>igitur</span> <span class='ocrx_word' id='word_1_83' title='bbox 1856 1316 2022 1380; x_wconf 86' lang='lat' dir='ltr'>satis</span> <span class='ocrx_word' id='word_1_84' title='bbox 2050 1315 2490 1400; x_wconf 76' lang='lat' dir='ltr'>probabiliter</span> <span class='ocrx_word' id='word_1_85' title='bbox 2516 1315 2614 1379; x_wconf 85' lang='lat' dir='ltr'>ita</span> <span class='ocrx_word' id='word_1_86' title='bbox 2641 1315 2834 1378; x_wconf 67' lang='lat' dir='ltr'>resti·</span> 
     </span>
     <span class='ocr_line' id='line_1_10' title="bbox 601 1413 2834 1504; baseline -0.003 -21"><span class='ocrx_word' id='word_1_87' title='bbox 601 1420 700 1483; x_wconf 90' lang='lat' dir='ltr'>tui</span> <span class='ocrx_word' id='word_1_88' title='bbox 740 1437 947 1504; x_wconf 88' lang='lat' dir='ltr'>posse</span> <span class='ocrx_word' id='word_1_89' title='bbox 986 1415 1291 1479; x_wconf 82' lang='lat' dir='ltr'>existimo</span> <span class='ocrx_word' id='word_1_90' title='bbox 1323 1464 1339 1490; x_wconf 91' lang='lat'>‚</span> <span class='ocrx_word' id='word_1_91' title='bbox 1378 1421 1457 1477; x_wconf 88' lang='lat' dir='ltr'>ut</span> <span class='ocrx_word' id='word_1_92' title='bbox 1499 1415 1831 1478; x_wconf 72' lang='lat' dir='ltr'>scribatur</span> <span class='ocrx_word' id='word_1_93' title='bbox 1869 1415 2085 1500; x_wconf 74' lang='lat' dir='ltr'>aquila</span> <span class='ocrx_word' id='word_1_94' title='bbox 2128 1413 2269 1477; x_wconf 73' lang='lat' dir='ltr'>hinc</span> <span class='ocrx_word' id='word_1_95' title='bbox 2289 1462 2308 1493; x_wconf 88' lang='lat'><em>‚</em></span> <span class='ocrx_word' id='word_1_96' title='bbox 2349 1438 2391 1478; x_wconf 83' lang='lat' dir='ltr'>a</span> <span class='ocrx_word' id='word_1_97' title='bbox 2416 1424 2690 1500; x_wconf 69' lang='lat' dir='ltr'>sectoque</span> <span class='ocrx_word' id='word_1_98' title='bbox 2719 1413 2834 1476; x_wconf 76' lang='lat' dir='ltr'>ele·</span> 
     </span>
     <span class='ocr_line' id='line_1_11' title="bbox 590 1511 2835 1602; baseline -0.004 -21"><span class='ocrx_word' id='word_1_99' title='bbox 590 1517 824 1602; x_wconf 71' lang='lat' dir='ltr'>phanto</span> <span class='ocrx_word' id='word_1_100' title='bbox 852 1563 870 1595; x_wconf 86' lang='lat'><strong><em>,</em></strong></span> <span class='ocrx_word' id='word_1_101' title='bbox 915 1514 1144 1579; x_wconf 75' lang='lat' dir='ltr'>Sancta</span> <span class='ocrx_word' id='word_1_102' title='bbox 1183 1513 1270 1576; x_wconf 86' lang='lat' dir='ltr'>ad</span> <span class='ocrx_word' id='word_1_103' title='bbox 1303 1535 1408 1577; x_wconf 70' lang='lat' dir='ltr'>voe</span> <span class='ocrx_word' id='word_1_104' title='bbox 1447 1512 1659 1576; x_wconf 74' lang='lat' dir='ltr'>anim</span> <span class='ocrx_word' id='word_1_105' title='bbox 1698 1522 1879 1597; x_wconf 71' lang='lat' dir='ltr'>atque</span> <span class='ocrx_word' id='word_1_106' title='bbox 1919 1513 2129 1575; x_wconf 78' lang='lat' dir='ltr'>anima</span> <span class='ocrx_word' id='word_1_107' title='bbox 2155 1512 2373 1592; x_wconf 74' lang='lat' dir='ltr'>istiu-53</span> <span class='ocrx_word' id='word_1_108' title='bbox 2419 1531 2594 1595; x_wconf 88' lang='lat' dir='ltr'>quae</span> <span class='ocrx_word' id='word_1_109' title='bbox 2623 1511 2835 1595; x_wconf 82' lang='lat' dir='ltr'>siquis</span> 
     </span>
     <span class='ocr_line' id='line_1_12' title="bbox 601 1607 2836 1700; baseline -0.003 -22"><span class='ocrx_word' id='word_1_110' title='bbox 601 1621 967 1700; x_wconf 84' lang='lat' dir='ltr'>propterea</span> <span class='ocrx_word' id='word_1_111' title='bbox 985 1610 1424 1696; x_wconf 77' lang='lat' dir='ltr'>improbabit,</span> <span class='ocrx_word' id='word_1_112' title='bbox 1454 1607 1647 1694; x_wconf 89' lang='lat' dir='ltr'>quod</span> <span class='ocrx_word' id='word_1_113' title='bbox 1668 1609 1798 1674; x_wconf 88' lang='lat' dir='ltr'>alia</span> <span class='ocrx_word' id='word_1_114' title='bbox 1827 1630 2000 1694; x_wconf 88' lang='lat' dir='ltr'>quae</span> <span class='ocrx_word' id='word_1_115' title='bbox 2030 1607 2562 1673; x_wconf 80' lang='lat' dir='ltr'>emendationem</span> <span class='ocrx_word' id='word_1_116' title='bbox 2590 1607 2836 1673; x_wconf 85' lang='lat' dir='ltr'>suade-</span> 
     </span>
     <span class='ocr_line' id='line_1_13' title="bbox 602 1705 2834 1796; baseline -0.003 -20"><span class='ocrx_word' id='word_1_117' title='bbox 602 1719 720 1776; x_wconf 88' lang='lat' dir='ltr'>ant</span> <span class='ocrx_word' id='word_1_118' title='bbox 749 1716 1139 1796; x_wconf 84' lang='lat' dir='ltr'>argumenta</span> <span class='ocrx_word' id='word_1_119' title='bbox 1165 1715 1438 1794; x_wconf 90' lang='lat' dir='ltr'>praeter</span> <span class='ocrx_word' id='word_1_120' title='bbox 1465 1707 1662 1771; x_wconf 89' lang='lat' dir='ltr'>metri</span> <span class='ocrx_word' id='word_1_121' title='bbox 1689 1707 2108 1771; x_wconf 86' lang='lat' dir='ltr'>insolentiam</span> <span class='ocrx_word' id='word_1_122' title='bbox 2136 1707 2322 1771; x_wconf 89' lang='lat' dir='ltr'>nulla</span> <span class='ocrx_word' id='word_1_123' title='bbox 2350 1705 2481 1771; x_wconf 82' lang='lat' dir='ltr'>diei</span> <span class='ocrx_word' id='word_1_124' title='bbox 2508 1713 2834 1793; x_wconf 84' lang='lat' dir='ltr'>possunt,</span> 
     </span>
     <span class='ocr_line' id='line_1_14' title="bbox 602 1804 2835 1893; baseline -0.003 -19"><span class='ocrx_word' id='word_1_125' title='bbox 602 1817 785 1875; x_wconf 85' lang='lat' dir='ltr'>certe</span> <span class='ocrx_word' id='word_1_126' title='bbox 824 1808 939 1872; x_wconf 87' lang='lat' dir='ltr'>illa</span> <span class='ocrx_word' id='word_1_127' title='bbox 977 1807 1352 1872; x_wconf 82' lang='lat' dir='ltr'>rarissimae</span> <span class='ocrx_word' id='word_1_128' title='bbox 1398 1814 1468 1871; x_wconf 90' lang='lat' dir='ltr'>et</span> <span class='ocrx_word' id='word_1_129' title='bbox 1510 1807 1625 1870; x_wconf 84' lang='lat' dir='ltr'>vix</span> <span class='ocrx_word' id='word_1_130' title='bbox 1652 1804 2046 1892; x_wconf 89' lang='lat' dir='ltr'>probandae</span> <span class='ocrx_word' id='word_1_131' title='bbox 2078 1805 2383 1893; x_wconf 87' lang='lat' dir='ltr'>exempla</span> <span class='ocrx_word' id='word_1_132' title='bbox 2410 1826 2560 1870; x_wconf 88' lang='lat' dir='ltr'>esse</span> <span class='ocrx_word' id='word_1_133' title='bbox 2590 1825 2835 1890; x_wconf 85' lang='lat' dir='ltr'>agnos·</span> 
     </span>
     <span class='ocr_line' id='line_1_15' title="bbox 602 1902 2834 1991; baseline -0.003 -18"><span class='ocrx_word' id='word_1_134' title='bbox 602 1916 712 1973; x_wconf 88' lang='lat' dir='ltr'>cet</span> <span class='ocrx_word' id='word_1_135' title='bbox 752 1906 1071 1971; x_wconf 86' lang='lat' dir='ltr'>audaciae</span> <span class='ocrx_word' id='word_1_136' title='bbox 1103 1954 1119 1981; x_wconf 85' lang='lat'>‚</span> <span class='ocrx_word' id='word_1_137' title='bbox 1164 1926 1363 1991; x_wconf 89' lang='lat' dir='ltr'>quam</span> <span class='ocrx_word' id='word_1_138' title='bbox 1405 1926 1547 1968; x_wconf 89' lang='lat' dir='ltr'>non</span> <span class='ocrx_word' id='word_1_139' title='bbox 1589 1902 1905 1968; x_wconf 79' lang='lat' dir='ltr'>credibile</span> <span class='ocrx_word' id='word_1_140' title='bbox 1951 1904 2040 1968; x_wconf 89' lang='lat' dir='ltr'>sit</span> <span class='ocrx_word' id='word_1_141' title='bbox 2065 1902 2246 1968; x_wconf 86' lang='lat' dir='ltr'>ultra</span> <span class='ocrx_word' id='word_1_142' title='bbox 2283 1904 2606 1969; x_wconf 86' lang='lat' dir='ltr'>tribrevia</span> <span class='ocrx_word' id='word_1_143' title='bbox 2630 1924 2834 1967; x_wconf 85' lang='lat' dir='ltr'>voca-</span> 
     </span>
     <span class='ocr_line' id='line_1_16' title="bbox 602 2000 2835 2090; baseline -0.003 -20"><span class='ocrx_word' id='word_1_144' title='bbox 602 2006 758 2071; x_wconf 87' lang='lat' dir='ltr'>bula</span> <span class='ocrx_word' id='word_1_145' title='bbox 794 2026 1109 2090; x_wconf 81' lang='lat' dir='ltr'>umquam</span> <span class='ocrx_word' id='word_1_146' title='bbox 1151 2004 1569 2090; x_wconf 85' lang='lat' dir='ltr'>processisse</span> <span class='ocrx_word' id='word_1_147' title='bbox 1603 2052 1616 2066; x_wconf 93' lang='lat'><strong>.</strong></span> <span class='ocrx_word' id='word_1_148' title='bbox 1657 2023 1812 2065; x_wconf 90' lang='lat' dir='ltr'>nam</span> <span class='ocrx_word' id='word_1_149' title='bbox 1839 2001 2104 2065; x_wconf 87' lang='lat' dir='ltr'>Horatii</span> <span class='ocrx_word' id='word_1_150' title='bbox 2148 2000 2479 2067; x_wconf 88' lang='lat' dir='ltr'>editorum</span> <span class='ocrx_word' id='word_1_151' title='bbox 2507 2002 2835 2087; x_wconf 75' lang='lat' dir='ltr'>supersti-</span> 
     </span>
     <span class='ocr_line' id='line_1_17' title="bbox 602 2098 2836 2188; baseline -0.002 -20"><span class='ocrx_word' id='word_1_152' title='bbox 602 2104 850 2168; x_wconf 87' lang='lat' dir='ltr'>tionem</span> <span class='ocrx_word' id='word_1_153' title='bbox 876 2124 1073 2167; x_wconf 90' lang='lat' dir='ltr'>nemo</span> <span class='ocrx_word' id='word_1_154' title='bbox 1103 2101 1420 2188; x_wconf 87' lang='lat' dir='ltr'>probabit</span> <span class='ocrx_word' id='word_1_155' title='bbox 1438 2150 1454 2176; x_wconf 84' lang='lat'>‚</span> <span class='ocrx_word' id='word_1_156' title='bbox 1484 2121 1688 2187; x_wconf 89' lang='lat' dir='ltr'>spero</span> <span class='ocrx_word' id='word_1_157' title='bbox 1708 2149 1723 2176; x_wconf 90' lang='lat'>‚</span> <span class='ocrx_word' id='word_1_158' title='bbox 1756 2101 1870 2186; x_wconf 90' lang='lat' dir='ltr'>qui</span> <span class='ocrx_word' id='word_1_159' title='bbox 1897 2098 2198 2164; x_wconf 87' lang='lat' dir='ltr'>nondum</span> <span class='ocrx_word' id='word_1_160' title='bbox 2225 2101 2371 2165; x_wconf 89' lang='lat' dir='ltr'>ausi</span> <span class='ocrx_word' id='word_1_161' title='bbox 2400 2100 2538 2164; x_wconf 88' lang='lat' dir='ltr'>sint</span> <span class='ocrx_word' id='word_1_162' title='bbox 2561 2100 2630 2163; x_wconf 90' lang='lat' dir='ltr'>in</span> <span class='ocrx_word' id='word_1_163' title='bbox 2655 2099 2836 2164; x_wconf 86' lang='lat' dir='ltr'>libro</span> 
     </span>
     <span class='ocr_line' id='line_1_18' title="bbox 601 2197 2836 2278; baseline -0.002 -12"><span class='ocrx_word' id='word_1_164' title='bbox 601 2226 625 2266; x_wconf 93' lang='lat'>1</span> <span class='ocrx_word' id='word_1_165' title='bbox 657 2222 1037 2266; x_wconf 87' lang='lat' dir='ltr'>sermonum</span> <span class='ocrx_word' id='word_1_166' title='bbox 1064 2200 1172 2276; x_wconf 86' lang='lat'>3‚7</span> <span class='ocrx_word' id='word_1_167' title='bbox 1204 2199 1497 2264; x_wconf 89' lang='lat' dir='ltr'>scribere</span> <span class='ocrx_word' id='word_1_168' title='bbox 1523 2200 1587 2262; x_wconf 82' lang='lat' dir='ltr'>io</span> <span class='ocrx_word' id='word_1_169' title='bbox 1615 2197 1909 2278; x_wconf 74' lang='lat' dir='ltr'>bacchae,</span> <span class='ocrx_word' id='word_1_170' title='bbox 1939 2199 2384 2263; x_wconf 80' lang='lat' dir='ltr'>monstratum</span> <span class='ocrx_word' id='word_1_171' title='bbox 2414 2198 2567 2262; x_wconf 89' lang='lat' dir='ltr'>olim</span> <span class='ocrx_word' id='word_1_172' title='bbox 2597 2197 2836 2262; x_wconf 87' lang='lat' dir='ltr'>aTur·</span> 
     </span>
     <span class='ocr_line' id='line_1_19' title="bbox 601 2297 2836 2384; baseline -0.002 -20"><span class='ocrx_word' id='word_1_173' title='bbox 601 2301 776 2365; x_wconf 89' lang='lat' dir='ltr'>nebo</span> <span class='ocrx_word' id='word_1_174' title='bbox 806 2301 876 2365; x_wconf 89' lang='lat' dir='ltr'>in</span> <span class='ocrx_word' id='word_1_175' title='bbox 904 2299 1309 2364; x_wconf 82' lang='lat' dir='ltr'>adversariis</span> <span class='ocrx_word' id='word_1_176' title='bbox 1338 2320 1486 2373; x_wconf 83' lang='lat' dir='ltr'>xm,</span> <span class='ocrx_word' id='word_1_177' title='bbox 1505 2298 1536 2362; x_wconf 93' lang='lat'>1</span> <span class='ocrx_word' id='word_1_178' title='bbox 1569 2321 1586 2374; x_wconf 76' lang='grc' dir='ltr'><strong>ς</strong></span> <span class='ocrx_word' id='word_1_179' title='bbox 1631 2297 1774 2361; x_wconf 86' lang='lat' dir='ltr'>sive</span> <span class='ocrx_word' id='word_1_180' title='bbox 1802 2302 2009 2382; x_wconf 71' lang='lat' dir='ltr'>poeta</span> <span class='ocrx_word' id='word_1_181' title='bbox 2035 2297 2330 2361; x_wconf 86' lang='lat' dir='ltr'>bacchas</span> <span class='ocrx_word' id='word_1_182' title='bbox 2360 2297 2649 2361; x_wconf 84' lang='lat' dir='ltr'>carmine</span> <span class='ocrx_word' id='word_1_183' title='bbox 2675 2318 2836 2384; x_wconf 90' lang='lat' dir='ltr'>per·</span> 
     </span>
     <span class='ocr_line' id='line_1_20' title="bbox 599 2393 2838 2486; baseline -0.002 -24"><span class='ocrx_word' id='word_1_184' title='bbox 599 2406 807 2486; x_wconf 91' lang='lat' dir='ltr'>petuo</span> <span class='ocrx_word' id='word_1_185' title='bbox 832 2401 1046 2463; x_wconf 70' lang='lat' dir='ltr'>citatas</span> <span class='ocrx_word' id='word_1_186' title='bbox 1067 2406 1136 2462; x_wconf 87' lang='lat' dir='ltr'>et</span> <span class='ocrx_word' id='word_1_187' title='bbox 1164 2395 1597 2482; x_wconf 76' lang='lat' dir='ltr'>compellatae</span> <span class='ocrx_word' id='word_1_188' title='bbox 1630 2394 1792 2459; x_wconf 82' lang='lat' dir='ltr'>dicit</span> <span class='ocrx_word' id='word_1_189' title='bbox 1830 2416 1911 2459; x_wconf 91' lang='lat' dir='ltr'>eo</span> <span class='ocrx_word' id='word_1_190' title='bbox 1943 2393 2147 2460; x_wconf 91' lang='lat' dir='ltr'>modo</span> <span class='ocrx_word' id='word_1_191' title='bbox 2180 2416 2316 2480; x_wconf 87' lang='lat' dir='ltr'>quo</span> <span class='ocrx_word' id='word_1_192' title='bbox 2346 2394 2438 2459; x_wconf 89' lang='lat' dir='ltr'>M.</span> <span class='ocrx_word' id='word_1_193' title='bbox 2451 2395 2719 2460; x_wconf 86' lang='lat' dir='ltr'>Tullius</span> <span class='ocrx_word' id='word_1_194' title='bbox 2755 2394 2838 2458; x_wconf 87' lang='lat' dir='ltr'>de</span> 
     </span>
     <span class='ocr_line' id='line_1_21' title="bbox 600 2493 2836 2582; baseline -0.001 -23"><span class='ocrx_word' id='word_1_195' title='bbox 600 2496 843 2560; x_wconf 87' lang='lat' dir='ltr'>finibus</span> <span class='ocrx_word' id='word_1_196' title='bbox 882 2496 1054 2560; x_wconf 90' lang='lat' dir='ltr'>libro</span> <span class='ocrx_word' id='word_1_197' title='bbox 1099 2494 1266 2571; x_wconf 86' lang='lat'>11,18</span> <span class='ocrx_word' id='word_1_198' title='bbox 1303 2495 1572 2559; x_wconf 70' lang='lat' dir='ltr'>Graecos</span> <span class='ocrx_word' id='word_1_199' title='bbox 1613 2505 1943 2582; x_wconf 70' lang='lat' dir='ltr'>anapaesto</span> <span class='ocrx_word' id='word_1_200' title='bbox 1983 2496 2222 2576; x_wconf 73' lang='lat' dir='ltr'>citatos,</span> <span class='ocrx_word' id='word_1_201' title='bbox 2269 2493 2410 2558; x_wconf 85' lang='lat' dir='ltr'>sive</span> <span class='ocrx_word' id='word_1_202' title='bbox 2437 2494 2656 2579; x_wconf 85' lang='lat' dir='ltr'>ipsum</span> <span class='ocrx_word' id='word_1_203' title='bbox 2685 2514 2836 2557; x_wconf 77' lang='lat' dir='ltr'>car·</span> 
     </span>
     <span class='ocr_line' id='line_1_22' title="bbox 602 2590 2836 2680; baseline 0 -24"><span class='ocrx_word' id='word_1_204' title='bbox 602 2614 751 2657; x_wconf 89' lang='lat' dir='ltr'>men</span> <span class='ocrx_word' id='word_1_205' title='bbox 778 2594 874 2658; x_wconf 87' lang='lat' dir='ltr'>ita</span> <span class='ocrx_word' id='word_1_206' title='bbox 902 2595 1121 2657; x_wconf 67' lang='lat' dir='ltr'>citatum</span> <span class='ocrx_word' id='word_1_207' title='bbox 1145 2639 1164 2673; x_wconf 87' lang='lat'><em>,</em></span> <span class='ocrx_word' id='word_1_208' title='bbox 1204 2592 1338 2656; x_wconf 92' lang='lat' dir='ltr'>hoc</span> <span class='ocrx_word' id='word_1_209' title='bbox 1369 2599 1473 2656; x_wconf 87' lang='lat' dir='ltr'>est</span> <span class='ocrx_word' id='word_1_210' title='bbox 1503 2590 1702 2655; x_wconf 90' lang='lat' dir='ltr'>celeri</span> <span class='ocrx_word' id='word_1_211' title='bbox 1731 2590 1949 2680; x_wconf 67' lang='grc' dir='ltr'>ἇΓωΓῷ</span> <span class='ocrx_word' id='word_1_212' title='bbox 1989 2593 2334 2678; x_wconf 81' lang='lat' dir='ltr'>peragitur</span> <span class='ocrx_word' id='word_1_213' title='bbox 2361 2640 2376 2668; x_wconf 91' lang='lat'>‚</span> <span class='ocrx_word' id='word_1_214' title='bbox 2419 2599 2498 2655; x_wconf 88' lang='lat' dir='ltr'>ut</span> <span class='ocrx_word' id='word_1_215' title='bbox 2527 2591 2836 2657; x_wconf 83' lang='lat' dir='ltr'>Catullus</span> 
     </span>
     <span class='ocr_line' id='line_1_23' title="bbox 602 2688 2834 2777; baseline 0 -22"><span class='ocrx_word' id='word_1_216' title='bbox 602 2693 785 2755; x_wconf 75' lang='lat' dir='ltr'>citata</span> <span class='ocrx_word' id='word_1_217' title='bbox 813 2691 1085 2776; x_wconf 62' lang='lat' dir='ltr'>inpudia</span> <span class='ocrx_word' id='word_1_218' title='bbox 1127 2688 1299 2754; x_wconf 82' lang='lat' dir='ltr'>dixit</span> <span class='ocrx_word' id='word_1_219' title='bbox 1336 2689 1435 2766; x_wconf 84' lang='lat'>63,</span> <span class='ocrx_word' id='word_1_220' title='bbox 1448 2689 1530 2754; x_wconf 84' lang='lat'>26</span> <span class='ocrx_word' id='word_1_221' title='bbox 1559 2738 1574 2765; x_wconf 83' lang='lat'>‚</span> <span class='ocrx_word' id='word_1_222' title='bbox 1618 2697 1695 2753; x_wconf 84' lang='lat' dir='ltr'>ut</span> <span class='ocrx_word' id='word_1_223' title='bbox 1737 2692 1918 2755; x_wconf 73' lang='lat' dir='ltr'>citari</span> <span class='ocrx_word' id='word_1_224' title='bbox 1945 2714 2253 2777; x_wconf 74' lang='lat' dir='ltr'>paeanem</span> <span class='ocrx_word' id='word_1_225' title='bbox 2284 2689 2518 2754; x_wconf 90' lang='lat' dir='ltr'>Cicero</span> <span class='ocrx_word' id='word_1_226' title='bbox 2561 2689 2652 2754; x_wconf 91' lang='lat' dir='ltr'>de</span> <span class='ocrx_word' id='word_1_227' title='bbox 2683 2712 2834 2755; x_wconf 81' lang='lat' dir='ltr'>ora-</span> 
     </span>
     <span class='ocr_line' id='line_1_24' title="bbox 602 2786 2834 2876; baseline 0 -23"><span class='ocrx_word' id='word_1_228' title='bbox 602 2797 750 2854; x_wconf 85' lang='lat' dir='ltr'>tore</span> <span class='ocrx_word' id='word_1_229' title='bbox 780 2812 823 2864; x_wconf 90' lang='lat'>1,</span> <span class='ocrx_word' id='word_1_230' title='bbox 834 2787 953 2852; x_wconf 84' lang='lat'>251</span> <span class='ocrx_word' id='word_1_231' title='bbox 994 2795 1064 2852; x_wconf 90' lang='lat' dir='ltr'>et</span> <span class='ocrx_word' id='word_1_232' title='bbox 1088 2787 1484 2876; x_wconf 73' lang='lat' dir='ltr'>ithyphallica</span> <span class='ocrx_word' id='word_1_233' title='bbox 1512 2786 1962 2852; x_wconf 88' lang='lat' dir='ltr'>Terentianus</span> <span class='ocrx_word' id='word_1_234' title='bbox 1991 2787 2272 2853; x_wconf 85' lang='lat' dir='ltr'>Maurus</span> <span class='ocrx_word' id='word_1_235' title='bbox 2299 2809 2501 2852; x_wconf 86' lang='lat' dir='ltr'>versu</span> <span class='ocrx_word' id='word_1_236' title='bbox 2535 2788 2702 2853; x_wconf 82' lang='lat'>1845</span> <span class='ocrx_word' id='word_1_237' title='bbox 2721 2839 2736 2853; x_wconf 89' lang='lat'>.</span> <span class='ocrx_word' id='word_1_238' title='bbox 2769 2790 2834 2853; x_wconf 88' lang='lat' dir='ltr'>in</span> 
     </span>
     <span class='ocr_line' id='line_1_25' title="bbox 599 2885 2834 2973; baseline 0 -22"><span class='ocrx_word' id='word_1_239' title='bbox 599 2886 933 2952; x_wconf 81' lang='lat' dir='ltr'>Iuvenalis</span> <span class='ocrx_word' id='word_1_240' title='bbox 963 2887 1173 2951; x_wconf 87' lang='lat' dir='ltr'>satira</span> <span class='ocrx_word' id='word_1_241' title='bbox 1198 2885 1357 2962; x_wconf 75' lang='lat' dir='ltr'>x‚54</span> <span class='ocrx_word' id='word_1_242' title='bbox 1385 2885 1550 2950; x_wconf 89' lang='lat' dir='ltr'>nihil</span> <span class='ocrx_word' id='word_1_243' title='bbox 1579 2887 1724 2951; x_wconf 88' lang='lat' dir='ltr'>sani</span> <span class='ocrx_word' id='word_1_244' title='bbox 1768 2893 1875 2951; x_wconf 87' lang='lat' dir='ltr'>est</span> <span class='ocrx_word' id='word_1_245' title='bbox 1902 2893 2021 2950; x_wconf 87' lang='lat' dir='ltr'>aut</span> <span class='ocrx_word' id='word_1_246' title='bbox 2045 2887 2116 2950; x_wconf 91' lang='lat' dir='ltr'>in</span> <span class='ocrx_word' id='word_1_247' title='bbox 2142 2885 2249 2951; x_wconf 89' lang='lat' dir='ltr'>his</span> <span class='ocrx_word' id='word_1_248' title='bbox 2283 2935 2299 2962; x_wconf 91' lang='lat'>‚</span> <span class='ocrx_word' id='word_1_249' title='bbox 2342 2886 2516 2972; x_wconf 70' lang='lat' dir='ltr'>Eryo</span> <span class='ocrx_word' id='word_1_250' title='bbox 2539 2911 2834 2973; x_wconf 64' lang='lat' dir='ltr'>superva-</span> 
     </span>
     <span class='ocr_line' id='line_1_26' title="bbox 602 2985 2837 3071; baseline 0 -21"><span class='ocrx_word' id='word_1_251' title='bbox 602 3009 720 3051; x_wconf 80' lang='lat' dir='ltr'>cua</span> <span class='ocrx_word' id='word_1_252' title='bbox 747 2996 857 3049; x_wconf 74' lang='lat' dir='ltr'>aut</span> <span class='ocrx_word' id='word_1_253' title='bbox 869 2986 1222 3070; x_wconf 72' lang='lat' dir='ltr'>perniciosa</span> <span class='ocrx_word' id='word_1_254' title='bbox 1238 2995 1534 3071; x_wconf 70' lang='lat' dir='ltr'>pettmtur</span> <span class='ocrx_word' id='word_1_255' title='bbox 1562 3033 1592 3066; x_wconf 27' lang='lat'>‚-</span> <span class='ocrx_word' id='word_1_256' title='bbox 1624 2993 1742 3048; x_wconf 91' lang='lat' dir='ltr'>aut</span> <span class='ocrx_word' id='word_1_257' title='bbox 1768 2985 1838 3048; x_wconf 90' lang='lat' dir='ltr'>in</span> <span class='ocrx_word' id='word_1_258' title='bbox 1864 2985 2171 3070; x_wconf 81' lang='lat' dir='ltr'>proximo</span> <span class='ocrx_word' id='word_1_259' title='bbox 2200 3005 2403 3049; x_wconf 84' lang='lat' dir='ltr'>versu</span> <span class='ocrx_word' id='word_1_260' title='bbox 2435 3008 2450 3049; x_wconf 69' lang='grc' dir='ltr'><em>ε</em></span> <span class='ocrx_word' id='word_1_261' title='bbox 2493 2988 2837 3051; x_wconf 79' lang='lat' dir='ltr'>sanabun-</span> 
     </span>
     <span class='ocr_line' id='line_1_27' title="bbox 599 3082 2833 3171; baseline -0.001 -21"><span class='ocrx_word' id='word_1_262' title='bbox 599 3093 712 3150; x_wconf 81' lang='lat' dir='ltr'>tur</span> <span class='ocrx_word' id='word_1_263' title='bbox 751 3084 973 3148; x_wconf 89' lang='lat' dir='ltr'>omnia</span> <span class='ocrx_word' id='word_1_264' title='bbox 1011 3082 1369 3148; x_wconf 90' lang='lat' dir='ltr'>scribendo</span> <span class='ocrx_word' id='word_1_265' title='bbox 1415 3082 1590 3168; x_wconf 74' lang='lat' dir='ltr'>Eryo</span> <span class='ocrx_word' id='word_1_266' title='bbox 1608 3132 1627 3163; x_wconf 89' lang='lat'><em>‚</em></span> <span class='ocrx_word' id='word_1_267' title='bbox 1667 3106 2050 3168; x_wconf 51' lang='lat' dir='ltr'>&amp;pervacua</span> <span class='ocrx_word' id='word_1_268' title='bbox 2087 3094 2197 3147; x_wconf 75' lang='lat' dir='ltr'>aut</span> <span class='ocrx_word' id='word_1_269' title='bbox 2232 3107 2309 3147; x_wconf 79' lang='lat' dir='ltr'>ne</span> <span class='ocrx_word' id='word_1_270' title='bbox 2336 3086 2693 3169; x_wconf 73' lang='lat' dir='ltr'>pemicioea</span> <span class='ocrx_word' id='word_1_271' title='bbox 2718 3108 2833 3171; x_wconf 78' lang='lat' dir='ltr'>pe-</span> 
     </span>
     <span class='ocr_line' id='line_1_28' title="bbox 599 3181 2836 3269; baseline 0 -21"><span class='ocrx_word' id='word_1_272' title='bbox 599 3194 805 3248; x_wconf 76' lang='lat' dir='ltr'>tantur</span> <span class='ocrx_word' id='word_1_273' title='bbox 825 3231 844 3262; x_wconf 89' lang='lat'><em>,</em></span> <span class='ocrx_word' id='word_1_274' title='bbox 888 3182 1147 3268; x_wconf 76' lang='lat' dir='ltr'>Propter</span> <span class='ocrx_word' id='word_1_275' title='bbox 1182 3205 1340 3269; x_wconf 79' lang='lat' dir='ltr'>quae</span> <span class='ocrx_word' id='word_1_276' title='bbox 1350 3181 1468 3269; x_wconf 75' lang='lat' dir='ltr'>sas</span> <span class='ocrx_word' id='word_1_277' title='bbox 1495 3193 1584 3246; x_wconf 76' lang='lat' dir='ltr'>est</span> <span class='ocrx_word' id='word_1_278' title='bbox 1601 3205 1804 3268; x_wconf 73' lang='lat' dir='ltr'>qenua</span> <span class='ocrx_word' id='word_1_279' title='bbox 1830 3182 2109 3245; x_wconf 74' lang='lat' dir='ltr'>incerare</span> <span class='ocrx_word' id='word_1_280' title='bbox 2137 3181 2389 3245; x_wconf 61' lang='lat' dir='ltr'>deor-tam</span> <span class='ocrx_word' id='word_1_281' title='bbox 2410 3181 2442 3245; x_wconf 64' lang='grc'><em>3</em></span> <span class='ocrx_word' id='word_1_282' title='bbox 2481 3182 2553 3245; x_wconf 89' lang='grc'>111</span> <span class='ocrx_word' id='word_1_283' title='bbox 2580 3182 2836 3249; x_wconf 85' lang='lat' dir='ltr'>Tibulli</span> 
     </span>
     <span class='ocr_line' id='line_1_29' title="bbox 600 3278 2832 3369; baseline 0.001 -25"><span class='ocrx_word' id='word_1_284' title='bbox 600 3304 643 3356; x_wconf 91' lang='lat'>1,</span> <span class='ocrx_word' id='word_1_285' title='bbox 658 3281 803 3356; x_wconf 84' lang='lat'>7‚61</span> <span class='ocrx_word' id='word_1_286' title='bbox 834 3301 1030 3344; x_wconf 89' lang='lat' dir='ltr'>nemo</span> <span class='ocrx_word' id='word_1_287' title='bbox 1060 3301 1240 3344; x_wconf 88' lang='lat' dir='ltr'>nunc</span> <span class='ocrx_word' id='word_1_288' title='bbox 1267 3280 1517 3367; x_wconf 89' lang='lat' dir='ltr'>probat</span> <span class='ocrx_word' id='word_1_289' title='bbox 1548 3278 1735 3365; x_wconf 91' lang='lat' dir='ltr'>quod</span> <span class='ocrx_word' id='word_1_290' title='bbox 1761 3279 1912 3344; x_wconf 91' lang='lat' dir='ltr'>libri</span> <span class='ocrx_word' id='word_1_291' title='bbox 1943 3279 2265 3343; x_wconf 82' lang='lat' dir='ltr'>exhibent</span> <span class='ocrx_word' id='word_1_292' title='bbox 2294 3328 2310 3353; x_wconf 85' lang='lat'>‚</span> <span class='ocrx_word' id='word_1_293' title='bbox 2359 3281 2419 3343; x_wconf 93' lang='lat' dir='ltr'><em>T</em></span> <span class='ocrx_word' id='word_1_294' title='bbox 2408 3304 2442 3344; x_wconf 81' lang='lat' dir='ltr'>e</span> <span class='ocrx_word' id='word_1_295' title='bbox 2471 3283 2640 3346; x_wconf 73' lang='lat' dir='ltr'>canit</span> <span class='ocrx_word' id='word_1_296' title='bbox 2664 3286 2832 3369; x_wconf 57' lang='lat' dir='ltr'>ayn&gt;</span> 
     </span>
     <span class='ocr_line' id='line_1_30' title="bbox 602 3378 2836 3463; baseline 0.001 -21"><span class='ocrx_word' id='word_1_297' title='bbox 602 3380 738 3443; x_wconf 78' lang='lat' dir='ltr'>cola</span> <span class='ocrx_word' id='word_1_298' title='bbox 757 3426 776 3457; x_wconf 88' lang='lat'><em>,</em></span> <span class='ocrx_word' id='word_1_299' title='bbox 806 3401 1035 3463; x_wconf 70' lang='lat' dir='ltr'>mayna</span> <span class='ocrx_word' id='word_1_300' title='bbox 1064 3402 1202 3443; x_wconf 82' lang='lat' dir='ltr'>cum</span> <span class='ocrx_word' id='word_1_301' title='bbox 1228 3380 1459 3444; x_wconf 72' lang='lat' dir='ltr'>venerit</span> <span class='ocrx_word' id='word_1_302' title='bbox 1480 3379 1633 3443; x_wconf 77' lang='lat' dir='ltr'>urbe</span> <span class='ocrx_word' id='word_1_303' title='bbox 1650 3427 1663 3441; x_wconf 91' lang='lat'><strong>.</strong></span> <span class='ocrx_word' id='word_1_304' title='bbox 1694 3399 1901 3463; x_wconf 87' lang='lat' dir='ltr'>porro</span> <span class='ocrx_word' id='word_1_305' title='bbox 1933 3398 1969 3441; x_wconf 90' lang='lat' dir='ltr'>e</span> <span class='ocrx_word' id='word_1_306' title='bbox 1999 3378 2529 3443; x_wconf 87' lang='lat' dir='ltr'>consonantibus</span> <span class='ocrx_word' id='word_1_307' title='bbox 2557 3391 2583 3443; x_wconf 78' lang='lat' dir='ltr'>t</span> <span class='ocrx_word' id='word_1_308' title='bbox 2607 3379 2836 3444; x_wconf 87' lang='lat' dir='ltr'>littera</span> 
     </span>
     <span class='ocr_line' id='line_1_31' title="bbox 600 3475 2832 3562; baseline 0.001 -22"><span class='ocrx_word' id='word_1_309' title='bbox 600 3475 818 3540; x_wconf 90' lang='lat' dir='ltr'>Ennio</span> <span class='ocrx_word' id='word_1_310' title='bbox 839 3524 854 3549; x_wconf 94' lang='lat'>‚</span> <span class='ocrx_word' id='word_1_311' title='bbox 883 3483 962 3538; x_wconf 87' lang='lat' dir='ltr'>ut</span> <span class='ocrx_word' id='word_1_312' title='bbox 991 3498 1196 3562; x_wconf 90' lang='lat' dir='ltr'>supra</span> <span class='ocrx_word' id='word_1_313' title='bbox 1226 3475 1397 3553; x_wconf 80' lang='lat' dir='ltr'>dixi,</span> <span class='ocrx_word' id='word_1_314' title='bbox 1422 3477 1493 3540; x_wconf 89' lang='lat' dir='ltr'>in</span> <span class='ocrx_word' id='word_1_315' title='bbox 1520 3477 1652 3540; x_wconf 88' lang='lat' dir='ltr'>fine</span> <span class='ocrx_word' id='word_1_316' title='bbox 1674 3475 2156 3540; x_wconf 86' lang='lat' dir='ltr'>vocabulorum</span> <span class='ocrx_word' id='word_1_317' title='bbox 2184 3483 2319 3539; x_wconf 83' lang='lat' dir='ltr'>tam</span> <span class='ocrx_word' id='word_1_318' title='bbox 2342 3497 2646 3541; x_wconf 88' lang='lat' dir='ltr'>crassum</span> <span class='ocrx_word' id='word_1_319' title='bbox 2676 3477 2832 3542; x_wconf 87' lang='lat' dir='ltr'>red-</span> 
     </span>
     <span class='ocr_line' id='line_1_32' title="bbox 601 3572 2833 3663; baseline 0.001 -26"><span class='ocrx_word' id='word_1_320' title='bbox 601 3574 765 3638; x_wconf 89' lang='lat' dir='ltr'>dere</span> <span class='ocrx_word' id='word_1_321' title='bbox 792 3574 939 3638; x_wconf 86' lang='lat' dir='ltr'>visa</span> <span class='ocrx_word' id='word_1_322' title='bbox 969 3582 1074 3639; x_wconf 88' lang='lat' dir='ltr'>est</span> <span class='ocrx_word' id='word_1_323' title='bbox 1101 3597 1387 3651; x_wconf 88' lang='lat' dir='ltr'>sonum,</span> <span class='ocrx_word' id='word_1_324' title='bbox 1424 3583 1503 3640; x_wconf 89' lang='lat' dir='ltr'>ut</span> <span class='ocrx_word' id='word_1_325' title='bbox 1541 3582 1779 3663; x_wconf 85' lang='lat' dir='ltr'>posset</span> <span class='ocrx_word' id='word_1_326' title='bbox 1807 3573 2135 3660; x_wconf 82' lang='lat' dir='ltr'>syllabam</span> <span class='ocrx_word' id='word_1_327' title='bbox 2162 3572 2431 3660; x_wconf 88' lang='lat' dir='ltr'>longam</span> <span class='ocrx_word' id='word_1_328' title='bbox 2459 3574 2724 3640; x_wconf 88' lang='lat' dir='ltr'>facere:</span> <span class='ocrx_word' id='word_1_329' title='bbox 2765 3579 2833 3640; x_wconf 89' lang='lat' dir='ltr'>in</span> 
     </span>
     <span class='ocr_line' id='line_1_33' title="bbox 600 3672 2833 3758; baseline 0.001 -19"><span class='ocrx_word' id='word_1_330' title='bbox 600 3673 746 3739; x_wconf 86' lang='lat' dir='ltr'>aliis</span> <span class='ocrx_word' id='word_1_331' title='bbox 773 3672 1013 3738; x_wconf 87' lang='lat' dir='ltr'>litteris</span> <span class='ocrx_word' id='word_1_332' title='bbox 1040 3673 1212 3738; x_wconf 89' lang='lat' dir='ltr'>haec</span> <span class='ocrx_word' id='word_1_333' title='bbox 1240 3681 1501 3738; x_wconf 87' lang='lat' dir='ltr'>tantum</span> <span class='ocrx_word' id='word_1_334' title='bbox 1529 3673 1790 3738; x_wconf 84' lang='lat' dir='ltr'>inveni.</span> <span class='ocrx_word' id='word_1_335' title='bbox 1835 3673 2091 3737; x_wconf 74' lang='lat' dir='ltr'>Postilla</span> <span class='ocrx_word' id='word_1_336' title='bbox 2117 3695 2460 3758; x_wconf 63' lang='lat' dir='ltr'>‚yet-mana</span> <span class='ocrx_word' id='word_1_337' title='bbox 2485 3698 2705 3756; x_wconf 75' lang='lat' dir='ltr'>soror,</span> <span class='ocrx_word' id='word_1_338' title='bbox 2733 3701 2833 3740; x_wconf 83' lang='lat' dir='ltr'>er-</span> 
     </span>
     <span class='ocr_line' id='line_1_34' title="bbox 598 3772 2834 3859; baseline 0 -23"><span class='ocrx_word' id='word_1_339' title='bbox 598 3797 746 3838; x_wconf 81' lang='lat' dir='ltr'>rare</span> <span class='ocrx_word' id='word_1_340' title='bbox 771 3772 1065 3855; x_wconf 76' lang='lat' dir='ltr'>videbar5</span> <span class='ocrx_word' id='word_1_341' title='bbox 1116 3773 1409 3859; x_wconf 74' lang='lat' dir='ltr'>Opater,</span> <span class='ocrx_word' id='word_1_342' title='bbox 1449 3796 1486 3836; x_wconf 92' lang='lat' dir='ltr'>o</span> <span class='ocrx_word' id='word_1_343' title='bbox 1509 3774 1785 3858; x_wconf 74' lang='lat' dir='ltr'>yenitm&#39;,</span> <span class='ocrx_word' id='word_1_344' title='bbox 1825 3795 1862 3835; x_wconf 93' lang='lat' dir='ltr'>o</span> <span class='ocrx_word' id='word_1_345' title='bbox 1887 3794 2160 3856; x_wconf 69' lang='lat' dir='ltr'>sanyuen</span> <span class='ocrx_word' id='word_1_346' title='bbox 2185 3772 2281 3835; x_wconf 69' lang='lat' dir='ltr'>dis</span> <span class='ocrx_word' id='word_1_347' title='bbox 2309 3773 2834 3856; x_wconf 73' lang='lat' dir='ltr'>oriundum51n-</span> 
     </span>
     <span class='ocr_line' id='line_1_35' title="bbox 601 3869 2836 3960; baseline -0.002 -22"><span class='ocrx_word' id='word_1_348' title='bbox 601 3884 767 3938; x_wconf 77' lang='lat' dir='ltr'>terea</span> <span class='ocrx_word' id='word_1_349' title='bbox 775 3871 951 3960; x_wconf 67' lang='lat' dir='ltr'>fuyit</span> <span class='ocrx_word' id='word_1_350' title='bbox 976 3872 1135 3937; x_wconf 78' lang='lat' dir='ltr'><em>albu’</em></span> <span class='ocrx_word' id='word_1_351' title='bbox 1161 3871 1345 3936; x_wconf 80' lang='lat' dir='ltr'>iubar</span> <span class='ocrx_word' id='word_1_352' title='bbox 1374 3869 1732 3957; x_wconf 68' lang='lat' dir='ltr'>Hyperiona?</span> <span class='ocrx_word' id='word_1_353' title='bbox 1762 3892 2058 3953; x_wconf 70' lang='lat' dir='ltr'>cursum5</span> <span class='ocrx_word' id='word_1_354' title='bbox 2087 3869 2474 3949; x_wconf 70' lang='lat' dir='ltr'>Imbricwor,</span> <span class='ocrx_word' id='word_1_355' title='bbox 2503 3872 2836 3958; x_wconf 68' lang='lat' dir='ltr'>aquilaque</span> 
     </span>
     <span class='ocr_line' id='line_1_36' title="bbox 596 3968 2831 4060; baseline -0.001 -26"><span class='ocrx_word' id='word_1_356' title='bbox 596 3994 706 4034; x_wconf 72' lang='lat' dir='ltr'>suo</span> <span class='ocrx_word' id='word_1_357' title='bbox 750 3993 887 4034; x_wconf 79' lang='lat' dir='ltr'>cwm</span> <span class='ocrx_word' id='word_1_358' title='bbox 907 3969 1170 4060; x_wconf 77' lang='lat' dir='ltr'>flamine</span> <span class='ocrx_word' id='word_1_359' title='bbox 1209 3980 1462 4051; x_wconf 72' lang='lat' dir='ltr'>contra5</span> <span class='ocrx_word' id='word_1_360' title='bbox 1503 3968 1613 4034; x_wconf 79' lang='lat' dir='ltr'>Sic</span> <span class='ocrx_word' id='word_1_361' title='bbox 1652 3968 2003 4054; x_wconf 71' lang='lat' dir='ltr'>expectabat</span> <span class='ocrx_word' id='word_1_362' title='bbox 2027 3969 2297 4054; x_wconf 73' lang='lat' dir='ltr'>populus</span> <span class='ocrx_word' id='word_1_363' title='bbox 2322 3979 2502 4055; x_wconf 73' lang='lat' dir='ltr'>atque</span> <span class='ocrx_word' id='word_1_364' title='bbox 2531 3992 2647 4033; x_wconf 81' lang='lat' dir='ltr'>ora</span> <span class='ocrx_word' id='word_1_365' title='bbox 2672 3981 2831 4032; x_wconf 72' lang='lat' dir='ltr'>tene-</span> 
     </span>
     <span class='ocr_line' id='line_1_37' title="bbox 598 4065 2831 4152; baseline -0.001 -21"><span class='ocrx_word' id='word_1_366' title='bbox 598 4068 739 4131; x_wconf 77' lang='lat' dir='ltr'>bat.</span> <span class='ocrx_word' id='word_1_367' title='bbox 787 4066 1079 4132; x_wconf 88' lang='lat' dir='ltr'>Lucretii</span> <span class='ocrx_word' id='word_1_368' title='bbox 1122 4075 1191 4132; x_wconf 87' lang='lat' dir='ltr'>et</span> <span class='ocrx_word' id='word_1_369' title='bbox 1217 4067 1473 4131; x_wconf 87' lang='lat' dir='ltr'>Lucani</span> <span class='ocrx_word' id='word_1_370' title='bbox 1512 4066 1698 4130; x_wconf 85' lang='lat' dir='ltr'>nulla</span> <span class='ocrx_word' id='word_1_371' title='bbox 1740 4066 2008 4130; x_wconf 89' lang='lat' dir='ltr'>omnino</span> <span class='ocrx_word' id='word_1_372' title='bbox 2051 4073 2157 4129; x_wconf 89' lang='lat' dir='ltr'>est</span> <span class='ocrx_word' id='word_1_373' title='bbox 2193 4065 2263 4131; x_wconf 95' lang='grc'>111</span> <span class='ocrx_word' id='word_1_374' title='bbox 2306 4067 2439 4132; x_wconf 91' lang='lat' dir='ltr'>hoc</span> <span class='ocrx_word' id='word_1_375' title='bbox 2478 4088 2722 4152; x_wconf 89' lang='lat' dir='ltr'>genere</span> <span class='ocrx_word' id='word_1_376' title='bbox 2754 4066 2831 4129; x_wconf 79' lang='lat' dir='ltr'>li-</span> 
     </span>
     <span class='ocr_line' id='line_1_38' title="bbox 600 4164 2834 4250; baseline 0 -21"><span class='ocrx_word' id='word_1_377' title='bbox 600 4165 863 4230; x_wconf 87' lang='lat' dir='ltr'>centia.</span> <span class='ocrx_word' id='word_1_378' title='bbox 913 4164 1216 4250; x_wconf 89' lang='lat' dir='ltr'>plerique</span> <span class='ocrx_word' id='word_1_379' title='bbox 1244 4187 1383 4230; x_wconf 91' lang='lat' dir='ltr'>non</span> <span class='ocrx_word' id='word_1_380' title='bbox 1424 4164 1553 4229; x_wconf 90' lang='lat' dir='ltr'>nisi</span> <span class='ocrx_word' id='word_1_381' title='bbox 1579 4165 1649 4229; x_wconf 89' lang='lat' dir='ltr'>in</span> <span class='ocrx_word' id='word_1_382' title='bbox 1676 4164 1972 4250; x_wconf 88' lang='lat' dir='ltr'>legitima</span> <span class='ocrx_word' id='word_1_383' title='bbox 1999 4185 2282 4230; x_wconf 87' lang='lat' dir='ltr'>caesura</span> <span class='ocrx_word' id='word_1_384' title='bbox 2306 4165 2416 4229; x_wconf 83' lang='lat' dir='ltr'>vel</span> <span class='ocrx_word' id='word_1_385' title='bbox 2444 4174 2605 4229; x_wconf 84' lang='lat' dir='ltr'>ante</span> <span class='ocrx_word' id='word_1_386' title='bbox 2630 4185 2834 4229; x_wconf 71' lang='lat' dir='ltr'>voca-</span> 
     </span>
     <span class='ocr_line' id='line_1_39' title="bbox 597 4260 2836 4350; baseline -0.002 -21"><span class='ocrx_word' id='word_1_387' title='bbox 597 4264 757 4329; x_wconf 88' lang='lat' dir='ltr'>bula</span> <span class='ocrx_word' id='word_1_388' title='bbox 786 4263 1046 4329; x_wconf 82' lang='lat' dir='ltr'>Graeca</span> <span class='ocrx_word' id='word_1_389' title='bbox 1071 4265 1240 4329; x_wconf 81' lang='lat' dir='ltr'>brev</span> <span class='ocrx_word' id='word_1_390' title='bbox 1223 4287 1319 4329; x_wconf 91' lang='lat' dir='ltr'>es</span> <span class='ocrx_word' id='word_1_391' title='bbox 1360 4264 1596 4328; x_wconf 89' lang='lat' dir='ltr'>finales</span> <span class='ocrx_word' id='word_1_392' title='bbox 1636 4264 2150 4350; x_wconf 85' lang='lat' dir='ltr'>produxerunt.</span> <span class='ocrx_word' id='word_1_393' title='bbox 2196 4265 2292 4328; x_wconf 87' lang='lat' dir='ltr'>ita</span> <span class='ocrx_word' id='word_1_394' title='bbox 2317 4263 2611 4327; x_wconf 89' lang='lat' dir='ltr'>Lucilius</span> <span class='ocrx_word' id='word_1_395' title='bbox 2647 4260 2836 4350; x_wconf 86' lang='lat' dir='ltr'>apud</span> 
     </span>
     <span class='ocr_line' id='line_1_40' title="bbox 597 4362 2834 4449; baseline -0.001 -23"><span class='ocrx_word' id='word_1_396' title='bbox 597 4362 886 4427; x_wconf 87' lang='lat' dir='ltr'>Nonium</span> <span class='ocrx_word' id='word_1_397' title='bbox 928 4387 991 4449; x_wconf 90' lang='lat' dir='ltr'>p.</span> <span class='ocrx_word' id='word_1_398' title='bbox 976 4362 1148 4439; x_wconf 84' lang='lat'><strong>.,362</strong></span> <span class='ocrx_word' id='word_1_399' title='bbox 1165 4363 1202 4425; x_wconf 85' lang='lat'>7</span> <span class='ocrx_word' id='word_1_400' title='bbox 1249 4365 1459 4427; x_wconf 76' lang='lat' dir='ltr'>Cetera</span> <span class='ocrx_word' id='word_1_401' title='bbox 1503 4364 1823 4427; x_wconf 73' lang='lat' dir='ltr'>contemnit</span> <span class='ocrx_word' id='word_1_402' title='bbox 1872 4371 1882 4440; x_wconf 79' lang='grc' dir='ltr'>Ι</span> <span class='ocrx_word' id='word_1_403' title='bbox 1932 4375 1990 4428; x_wconf 80' lang='lat' dir='ltr'>et</span> <span class='ocrx_word' id='word_1_404' title='bbox 2023 4364 2090 4426; x_wconf 82' lang='lat' dir='ltr'>in</span> <span class='ocrx_word' id='word_1_405' title='bbox 2129 4386 2322 4427; x_wconf 68' lang='lat' dir='ltr'>usura</span> <span class='ocrx_word' id='word_1_406' title='bbox 2370 4365 2579 4426; x_wconf 78' lang='lat' dir='ltr'>omm&#39;a</span> <span class='ocrx_word' id='word_1_407' title='bbox 2619 4363 2834 4446; x_wconf 66' lang='lat' dir='ltr'>ponit.</span> 
     </span>
     <span class='ocr_line' id='line_1_41' title="bbox 601 4459 2836 4550; baseline -0.002 -24"><span class='ocrx_word' id='word_1_408' title='bbox 601 4462 900 4528; x_wconf 84' lang='lat' dir='ltr'>Catullus</span> <span class='ocrx_word' id='word_1_409' title='bbox 928 4474 1141 4527; x_wconf 74' lang='lat' dir='ltr'>auctu-s</span> <span class='ocrx_word' id='word_1_410' title='bbox 1162 4463 1543 4550; x_wconf 76' lang='lat' dir='ltr'>Hymenan,</span> <span class='ocrx_word' id='word_1_411' title='bbox 1576 4465 1701 4528; x_wconf 80' lang='lat' dir='ltr'>iam</span> <span class='ocrx_word' id='word_1_412' title='bbox 1731 4464 1963 4528; x_wconf 75' lang='lat' dir='ltr'>dicetur</span> <span class='ocrx_word' id='word_1_413' title='bbox 1985 4461 2403 4548; x_wconf 65' lang='lat' dir='ltr'>Hymenaeus.</span> <span class='ocrx_word' id='word_1_414' title='bbox 2435 4459 2836 4545; x_wconf 78' lang='lat' dir='ltr'>Propertius</span> 
     </span>
    </p>
   </div>
   <div class='ocr_carea' id='block_1_3' title="bbox 3007 0 3012 5156">
    <p class='ocr_par' dir='ltr' id='par_1_3' title="bbox 3007 0 3012 5156">
     <span class='ocr_line' id='line_1_42' title="bbox 3007 0 3012 5156; baseline 0 0"><span class='ocrx_word' id='word_1_415' title='bbox 3007 0 3012 5156; x_wconf 95' lang='lat' dir='ltr'> </span> 
     </span>
    </p>
   </div>
  </div>
 </body>
</html>
