3042 5192
608 431 745 500 124
1647 430 1776 499 1111

681 604 879 669 Nunc
908 624 1032 690 age
1050 652 1066 680 ‚
1089 625 1209 668 cur
1237 603 1415 668 ultra
1443 603 1786 691 speculum
1813 602 2123 668 videatur
2148 604 2367 691 imago

446 737 545 784 270
599 719 904 807 percipe:
926 740 1080 783 nam
1109 726 1290 784 certe
1318 719 1587 807 penitus
1617 726 1875 784 semota
1901 717 2170 784 videtur

446 851 545 899 290
598 834 725 899 illis
755 855 929 920 quae
955 833 1251 898 reddunt
1278 834 1702 921 speculorum
1731 854 1816 898 ex
1844 853 2139 919 aequore
2166 835 2411 900 visum.

446 966 540 1012 271
600 947 788 1034 quod
815 969 1026 1034 genus
1054 948 1167 1013 illa
1182 997 1200 1025 ,
1219 948 1384 1013 foris
1414 969 1589 1033 (1666
1618 955 1810 1026 sunt,
1831 948 2004 1013 bene
2031 949 2561 1036 transpiciuntur
2578 1001 2593 1024 ‚

599 1063 800 1128 ianua
828 1084 976 1126 cum
1003 1084 1126 1150 per
1155 1085 1229 1126 se
1258 1071 1719 1150 transpectum
1745 1062 2029 1149 praebet
2054 1073 2358 1151 apertum
2378 1114 2393 1141 ‚

598 1177 808 1242 multa
832 1177 1129 1263 facitque
1155 1176 1321 1242 foris
1353 1187 1437 1242 ex'
1466 1177 1743 1243 aedibus
1769 1184 1848 1241 ut
1874 1175 2263 1243 videantur:

602 1291 659 1356 is
690 1312 959 1377 quoque
990 1284 1162 1355 enir'n
1192 1291 1439 1378 duplici
1468 1291 1866 1377 geminoque
1892 1291 1970 1356 fit
1996 1297 2151 1356 aere
2178 1293 2364 1358 visus
2382 1344 2395 1357 .

449 1423 546 1469 275
601 1406 853 1492 primus
883 1406 1053 1470 enim
1083 1406 1254 1471 citra
1278 1414 1515 1493 postes
1546 1413 1686 1470 tum
1714 1406 2010 1471 cernitur
2038 1413 2153 1472 aer
2172 1455 2188 1483 ‚

601 1519 758 1584 inde
784 1519 967 1584 fores
996 1519 1183 1608 ipsae
1214 1519 1454 1584 dextra
1478 1520 1804 1606 laevaque
1832 1529 2151 1586 secuntur
2169 1570 2184 1597 ‚

601 1642 763 1721 post
791 1635 1084 1699 extraria
1109 1635 1226 1700 lux
1254 1633 1487 1700 oculos
1514 1642 1862 1721 perterget
1890 1642 1959 1699 et
1986 1641 2100 1700 aer

604 1748 771 1813 alter
789 1797 805 1825 ‚
829 1757 896 1813 et
922 1751 1035 1815 illa
1050 1798 1068 1826 ,
1087 1749 1253 1814 foris
1283 1770 1456 1834 quae
1487 1757 1647 1814 sunt
1661 1798 1678 1826 ‚
1699 1749 1872 1814 bene
1900 1750 2424 1837 transpiciuntur
2442 1765 2462 1814 .·

603 1864 699 1928 sic
726 1863 842 1928 ubi
869 1886 943 1928 se
971 1865 1253 1951 primum
1281 1865 1535 1951 speculi
1560 1864 1845 1950 proiecit
1869 1863 2086 1951 imago
2105 1914 2121 1942 ‚

452 1996 551 2043 280
609 1978 767 2042 dum
795 1979 979 2043 venit
1005 1978 1096 2043 ad
1122 1986 1392 2044 nostras
1420 1979 1598 2044 acies
1615 2027 1632 2055 ‚
1653 1977 1999 2066 protrudit
2025 1980 2295 2064 agitque

601 2099 759 2158 aera
788 2094 903 2179 qui
930 2093 1104 2159 inter
1132 2115 1207 2158 se
1237 2101 1590 2179 cumquest
1618 2092 1988 2178 oculosque
2015 2092 2277 2158 locatus
2297 2141 2312 2169 ‚

606 2216 675 2273 et
701 2207 864 2272 facit
889 2215 967 2272 ut
992 2207 1177 2293 prius
1205 2207 1387 2272 hunc
1417 2229 1678 2273 omnem
1708 2208 1956 2272 sentire
1986 2229 2303 2294 queamus

606 2345 805 2409 quam
835 2321 1211 2408 speculum:
1245 2322 1369 2387 sed
1395 2322 1510 2387 ubi
1540 2321 1884 2407 speculum
1925 2344 2196 2408 quoque
2225 2324 2553 2389 sensimus
2584 2325 2802 2411 ipsum
2819 2376 2835 2400 ‚

609 2438 925 2503 continuo
956 2458 997 2499 a
1024 2436 1220 2501 nobis
1245 2436 1487 2501 iterum
1516 2457 1690 2521 quae
1717 2435 1933 2502 fertur
1960 2437 2179 2524 imago

454 2570 550 2615 285
605 2551 914 2638 pervenit
931 2600 946 2628 ‚
969 2559 1038 2616 et
1065 2558 1340 2616 nostros
1369 2550 1602 2616 oculos
1633 2552 1885 2618 reiecta
1910 2552 2141 2617 revisit
2157 2600 2172 2628 ‚

609 2674 813 2751 atque
841 2666 1036 2730 alium
1065 2686 1228 2750 prae
1259 2686 1332 2729 se
1360 2664 1745 2750 propellens
1776 2672 1933 2731 aera
1959 2667 2171 2731 volvit
2188 2715 2204 2743 ‚

611 2788 680 2845 et
704 2779 867 2844 facit
891 2758 970 2845 ut
994 2780 1180 2864 prius
1209 2777 1390 2844 hunc
1421 2800 1620 2864 quam
1650 2802 1725 2846 se
1752 2779 2095 2845 videamus
2114 2829 2129 2858 ,
2154 2802 2368 2868 eoque

610 2895 861 2961 distare
891 2895 975 2960 ab
1007 2894 1278 2980 speculo
1308 2901 1570 2959 tantum
1600 2903 1856 2961 semota
1882 2894 2151 2960 videtur
2169 2946 2183 2960 .

610 3032 817 3098 quare
846 3011 1041 3075 etiam
1069 3017 1275 3096 atque
1304 3010 1501 3075 etiam
1530 3010 1791 3074 minime
1817 3010 2114 3075 mirarier
2145 3017 2252 3075 est
2277 3032 2400 3096 par
2418 3060 2434 3086 ‚

456 3144 546 3190 291
609 3127 872 3192 aeribus
900 3126 1071 3191 binis
1103 3126 1413 3211 quoniam
1441 3146 1552 3189 res
1583 3124 1790 3189 confit
1815 3132 2101 3209 utraque
2123 3174 2137 3187 .

610 3264 788 3306 nunc
817 3262 898 3304 ea
926 3261 1099 3326 quae
1125 3240 1321 3305 nobis
1349 3239 1794 3304 membrorum
1825 3237 2109 3303 dextera
2134 3259 2296 3324 pars
2325 3247 2430 3304 est
2448 3287 2463 3312 ‚

610 3356 680 3420 in
708 3355 996 3440 speculis
1023 3355 1100 3418 fit
1125 3365 1203 3419 ut
1228 3355 1298 3418 in
1326 3355 1517 3419 laeva
1543 3353 1853 3419 videatur
1883 3374 1963 3417 eo
1994 3352 2181 3438 quod

611 3469 948 3553 planitiem
978 3468 1066 3533 ad
1095 3468 1349 3553 speculi
1376 3469 1650 3533 veniens
1681 3490 1832 3533 cum
1862 3466 2139 3532 offendit
2165 3468 2384 3554 imago
2403 3517 2419 3543 ‚

458 3600 555 3645 295
610 3605 747 3647 non
777 3584 1190 3649 convertitur
1216 3583 1562 3648 incolumis
1583 3631 1598 3658 ,
1628 3582 1753 3647 sed
1783 3589 1970 3647 recta
1996 3590 2365 3647 retrorsum

614 3698 712 3762 sic
741 3697 1007 3762 eliditur
1025 3746 1040 3774 ‚
1061 3705 1139 3763 ut
1167 3699 1373 3784 siquis
1391 3746 1406 3774 ‚
1429 3699 1616 3783 prius
1646 3696 1835 3762 arida
1864 3718 2063 3782 quam
2092 3697 2180 3761 sit

617 3820 842 3878 cretea
867 3835 1159 3898 persona
1176 3863 1192 3889 ‚
1214 3812 1471 3877 adlidat
1496 3813 1755 3899 pilaeve
1785 3811 2043 3876 trabive
2063 3860 2078 3888 ‚

616 3935 819 4013 atque
850 3949 930 3992 66
959 3929 1275 3993 continuo
1305 3936 1558 3993 rectam
1588 3928 1645 3991 si
1673 3926 1895 3992 fronte
1922 3926 2198 4012 figuram

461 4058 557 4104 323
615 4052 840 4108 servet
869 4051 936 4107 et
966 4043 1191 4107 elisam
1219 4050 1406 4108 retro
1437 4065 1588 4108 sese
1619 4042 1946 4128 exprimat
1971 4042 2120 4125 ipsa
2138 4089 2152 4103 .

623 4322 723 4369 270
758 4323 965 4369 remota
1012 4316 1032 4383 ΙΙ
1082 4322 1178 4368 271
1219 4332 1321 4384 que
1356 4334 1480 4369 vere
1524 4319 1547 4384 ΙΙ
1594 4322 1691 4371 277
1729 4324 1978 4388 pet-teget
2013 4315 2035 4383 ΙΙ
2083 4323 2183 4369 278
2218 4332 2320 4384 (166
2358 4330 2483 4367 vere
2534 4316 2557 4382 ΙΙ
2605 4319 2703 4367 283
2741 4315 2852 4366 ins—

624 4397 868 4470 peculum
903 4399 925 4467 ΙΙ
964 4404 1061 4451 284
1099 4398 1154 4450 in
1192 4413 1309 4452 eum
1347 4400 1368 4467 ΙΙ
1404 4405 1500 4451 323
1539 4399 1690 4454 lisam
