3042 5192
588 433 726 502 118
1634 434 1761 501 1111

578 629 688 672 res
719 627 1025 693 quaeque
1043 655 1058 682 ‚
1082 627 1167 670 ex
1197 626 1451 672 summo
1484 606 1800 690 quoniam
1825 606 2201 673 iaculantur
2227 617 2512 697 utraque
2534 662 2549 675 .

584 729 743 786 sunt
768 722 971 808 igitur
996 722 1126 786 iam
1155 720 1515 785 formarum
1546 721 1829 807 vestigia
1857 729 2041 787 certa
2058 771 2074 797 ‚

583 858 755 921 quae
782 836 985 921 volgo
1014 836 1301 901 volitant
1331 835 1558 921 suptili
1585 835 1896 922 praedita
1919 835 2034 901 filo

582 972 708 1014 nec
738 951 1115 1037 singillatim
1145 957 1434 1036 possunt
1460 959 1726 1015 secreta
1751 950 1967 1015 videri
1984 1001 1997 1014 .

457 1081 521 1128 90
584 1073 938 1152 praeterea
967 1066 1180 1129 omnis
1210 1062 1420 1140 odor,
1440 1062 1662 1128 fumus
1679 1112 1695 1140 ‚
1716 1086 1962 1150 vapor,
1986 1074 2190 1150 atque
2219 1053 2384 1132 aliae
2415 1091 2523 1131 res

586 1180 959 1244 consimiles
978 1228 994 1256 ‚
1015 1178 1169 1244 ideo
1199 1178 1441 1246 diffusa
1470 1200 1507 1242 e
1536 1180 1740 1244 rebus
1770 1178 2117 1245 abundant
2134 1229 2150 1257 ,

587 1316 671 1358 ex
700 1295 838 1358 alto
872 1296 1029 1380 quia
1060 1292 1218 1357 dum
1246 1294 1523 1358 veniunt
1539 1341 1554 1369 ,
1579 1294 1977 1360 extrinsecu'
2007 1302 2186 1359 torte

585 1408 982 1472 scinduntur
1008 1430 1132 1495 per
1158 1408 1286 1473 iter
1314 1407 1560 1472 flexum
1577 1455 1592 1483 ‚
1614 1429 1740 1472 nec
1767 1415 1956 1473 recta
1981 1410 2239 1474 viarum

587 1524 761 1587 ostia
792 1530 949 1587 sunt
967 1571 981 1598 ,
1006 1544 1141 1607 qua
1168 1522 1585 1587 contendant
1614 1523 1795 1588 exire
1826 1532 2095 1588 coorta.

458 1653 522 1699 95
588 1643 659 1701 at
688 1645 924 1702 contra
952 1637 1172 1702 tenuis
1202 1638 1436 1701 summi
1462 1638 1850 1702 membrana
1879 1638 2125 1702 eoloris

590 1773 740 1815 cum
767 1753 1036 1829 iacitur,
1058 1753 1152 1816 nil
1182 1760 1288 1816 est
1318 1751 1505 1837 quod
1538 1773 1682 1816 eam
1714 1752 2098 1839 discerpere
2125 1753 2376 1839 possit,

588 1867 656 1930 in
682 1874 1005 1953 promptu
1037 1867 1349 1953 quoniam
1379 1873 1487 1931 est
1513 1868 1584 1930 in
1612 1868 1826 1953 prima
1851 1865 2076 1931 fronte
2105 1866 2326 1930 locata
2343 1916 2357 1929 .

585 1989 929 2068 postremo
961 1981 1249 2069 speculis
1276 1980 1345 2044 in
1375 2001 1554 2065 aqua
1582 1980 2079 2067 splendoreque
2107 1982 2175 2044 in
2205 1982 2380 2044 omni

589 2116 760 2180 quae
790 2118 1073 2183 eumque
1104 2103 1437 2184 apparent
1462 2096 1658 2160 nobis
1689 2095 2040 2160 simulacra
2058 2144 2073 2168 ,
2093 2105 2438 2160 necessest
2456 2145 2471 2163 .

438 2226 530 2272 100
589 2210 1135 2296 quandoquidem
1165 2210 1356 2274 simili
1387 2211 1610 2296 specie
1640 2218 1797 2274 sunt
1824 2209 2134 2295 praedita
2157 2232 2379 2276 rerum
2399 2259 2415 2285 ‚

588 2326 807 2390 excita
833 2326 1228 2411 imaginibus
1256 2325 1476 2390 missis
1506 2326 1877 2389 consistere
1906 2346 2163 2389 rerum:

438 2454 531 2502 104
588 2448 747 2504 sunt
773 2440 975 2524 igitur
1004 2446 1243 2503 tenues
1270 2437 1636 2503 formarum
1662 2439 1792 2503 illis
1823 2440 2203 2524 similesque

591 2553 846 2639 effigias
866 2601 882 2628 ‚
905 2553 1287 2639 singillatim
1316 2574 1486 2637 quas
1516 2573 1791 2616 cernere
1818 2574 2016 2618 nemo

592 2687 740 2729 cum
767 2668 988 2754 possit
1015 2674 1239 2731 tamen
1256 2715 1272 2743 ‚
1295 2665 1583 2731 adsiduo
1616 2668 1990 2753 crebroque
2019 2667 2292 2755 repulsu

587 2782 877 2845 reiectae
905 2780 1206 2846 reddunt
1234 2781 1662 2869 speculorum
1692 2803 1776 2845 ex
1804 2803 2098 2868 aequore
2125 2782 2338 2846 visum
2357 2830 2373 2855 ‚

589 2918 716 2960 nec
742 2896 1007 2960 ratione
1037 2896 1165 2959 alia
1189 2896 1448 2960 servari
1476 2917 1682 2983 posse
1709 2895 2025 2960 videntur
2045 2944 2061 2972 ‚

592 3017 783 3074 tanto
815 3032 1021 3098 opere
1048 3018 1127 3075 ut
1155 3012 1399 3076 similes
1427 3010 1804 3075 reddantur
1834 3011 2074 3097 cuique
2101 3010 2388 3096 figurae.

439 3141 534 3187 110
670 3125 868 3190 Nunc
898 3146 1023 3211 age
1042 3175 1058 3202 ‚
1083 3147 1281 3211 quam
1310 3126 1493 3191 tenui
1523 3132 1767 3190 natura
1795 3133 2064 3190 constet
2089 3126 2309 3211 imago

590 3241 865 3326 percipe
884 3289 897 3303 .
925 3247 994 3303 et
1019 3241 1088 3303 in
1115 3240 1344 3326 primis
1362 3289 1378 3317 ‚
1404 3241 1718 3326 quoniam
1745 3239 2119 3328 primordia
2147 3246 2408 3303 tantum

589 3361 746 3417 sunt
772 3353 946 3417 infra
972 3361 1246 3417 nostros
1277 3376 1517 3418 sensus
1549 3361 1877 3439 tantoque
1905 3355 2164 3417 minora

592 3487 790 3550 quam
821 3487 993 3552 quae
1023 3468 1303 3555 primum
1333 3468 1507 3531 oculi
1537 3475 1858 3557 coeptant
1884 3489 2022 3531 non
2049 3488 2258 3553 posse
2286 3467 2458 3530 tueri
2476 3515 2491 3540 ‚

592 3601 771 3643 nunc
798 3587 1022 3643 tamen
1049 3579 1119 3644 id
1152 3602 1421 3667 quoque
1449 3583 1550 3647 uti
1579 3583 1961 3647 confirmem
1978 3632 1994 3659 ,
2018 3581 2294 3647 exordia
2321 3603 2544 3646 rerum

444 3710 536 3755 115
594 3701 983 3758 cunctarum
1014 3716 1211 3781 quam
1240 3697 1375 3760 sint
1402 3698 1674 3784 suptilia
1700 3697 1975 3784 percipe
2003 3696 2236 3784 paucis
2255 3745 2269 3759 .

587 3809 871 3895 primum
900 3809 1203 3873 animalia
1232 3819 1388 3874 sunt
1414 3812 1542 3876 iam
1575 3812 1819 3898 partim
1847 3812 2138 3888 tantula,
2164 3832 2393 3876 corum

594 3923 795 3986 tertia
821 3945 981 4010 pars
1010 3924 1192 3988 nulla
1218 3908 1437 4010 possit
1463 3927 1725 3990 ratione
1752 3926 1964 3991 videri
1984 3977 1998 3990 .

594 4035 831 4100 horum
866 4037 1254 4101 intestinum
1285 4038 1572 4122 quodvis
1603 4041 1797 4126 quale
1829 4063 1978 4106 esse
2006 4038 2476 4129 putandumst!

601 4311 666 4361 90
701 4307 804 4358 alia
837 4307 859 4375 ΙΙ
896 4313 960 4359 92
999 4316 1171 4362 ortae.
1209 4310 1231 4377 ΙΙ
1268 4317 1360 4365 101
1403 4312 1490 4365 Ex
1524 4313 1545 4383 ΙΙ
1586 4331 1796 4368 eorum.
1835 4319 1855 4384 ΙΙ
1897 4322 1991 4369 102
2029 4319 2295 4369 103=65
2328 4318 2421 4366 66.
2460 4313 2482 4380 ΙΙ
2538 4319 2634 4366 104
2673 4311 2826 4365 dissi-

601 4392 883 4462 milesque.
923 4393 944 4459 ΙΙ
985 4399 1081 4446 116
1121 4411 1329 4448 eorum.
1369 4397 1391 4465 ΙΙ
1432 4404 1527 4451 118
1566 4399 1769 4452 Harum
