3042 5192
1392 402 1424 473 I

144 596 222 641 115
269 597 355 641 an
384 575 715 641 tenebras
746 574 907 640 Orci
934 577 1110 641 visat
1137 585 1501 664 vastasque
1532 579 1804 645 lacunas
1824 630 1838 657 ‚

273 715 357 756 an
382 689 695 779 pecudes
726 691 891 755 alias
924 689 1240 757 divinitus
1269 693 1563 760 insinuet
1592 717 1664 759 se
1682 744 1697 769 ‚

272 807 531 872 Ennius
560 814 641 872 ut
667 814 903 872 noster
933 808 1204 884 cecinit,
1236 810 1349 894 qui
1375 810 1630 895 primus
1658 831 1938 876 amoeno

276 922 514 987 detulit
543 944 633 987 ex
660 922 985 986 Helicone
1012 924 1293 1010 perenni
1318 922 1561 989 fronde
1591 947 1906 990 coronam
1922 976 1937 1001 ‚

275 1060 396 1124 per
422 1038 649 1123 gentis
676 1037 885 1103 Italas
910 1037 1252 1103 hominum
1283 1060 1455 1125 quae
1486 1040 1668 1106 clara
1695 1041 1979 1120 clueret3

141 1170 223 1217 120
277 1154 399 1217 etsi
426 1160 785 1239 praeterea
811 1160 1037 1217 tamen
1065 1175 1215 1219 esse
1245 1155 1620 1220 Acherusia
1647 1157 1896 1242 templa

274 1267 529 1333 Ennius
559 1270 855 1334 aeternis
886 1269 1165 1356 exponit
1190 1266 1503 1335 versibus
1535 1270 1748 1336 eidem
1766 1320 1783 1349 ‚

276 1405 410 1469 quo
438 1405 664 1470 neque
692 1392 1132 1470 permaneant
1159 1385 1415 1450 animae
1441 1380 1664 1473 neque
1692 1408 1984 1473 corpora
2010 1398 2244 1455 nostra
2263 1440 2277 1465 ‚

275 1498 399 1562 sed
427 1498 759 1584 quaedam
808 1499 1161 1565 simulacra
1186 1500 1405 1566 modis
1433 1500 1754 1587 pallentia
1779 1504 1994 1581 miris3

273 1613 448 1677 unde
476 1615 605 1679 sibi
633 1622 937 1680 exortam
963 1637 1229 1702 semper
1262 1614 1562 1681 florentis
1588 1616 1862 1683 Homeri

138 1745 221 1789 125
273 1738 741 1795 commemorat
769 1731 1061 1817 speciem
1086 1731 1394 1796 lacrimas
1425 1730 1772 1811 effundere
1795 1734 2007 1798 salsas

276 1844 575 1930 coepisse
604 1853 675 1910 et
699 1867 922 1910 rerum
950 1854 1258 1910 naturam
1289 1846 1677 1933 expandere
1708 1830 1937 1912 dictis.

275 1979 404 2044 qua
428 1968 714 2047 propter
739 1962 913 2025 bene
942 1981 1092 2024 cum
1123 1961 1384 2046 superis
1415 1959 1503 2023 de
1531 1960 1733 2025 rebus
1761 1959 2077 2027 habenda

270 2074 458 2138 nobis
489 2083 598 2140 est
623 2076 797 2140 ratio
817 2123 833 2152 ‚
857 2075 1017 2140 solis
1046 2075 1376 2167 lunaeque
1403 2070 1664 2139 meatus

268 2211 399 2275 qua
422 2190 592 2255 fiant
616 2190 877 2255 ratione
894 2238 911 2267 ‚
935 2197 1003 2255 et
1032 2210 1167 2276 qua
1192 2190 1260 2253 vi
1290 2210 1597 2276 quaeque
1626 2198 1947 2275 gerantur

42 2342 43 2353 1
137 2318 217 2367 130
268 2304 333 2368 in
360 2305 558 2370 terris
576 2353 593 2382 ,
614 2312 759 2370 tum
787 2326 938 2370 cum
964 2305 1194 2391 primis
1219 2305 1481 2370 ratione
1511 2308 1737 2391 sagaci

261 2418 437 2485 unde
467 2421 687 2484 anima
715 2429 918 2507 atque
948 2420 1148 2484 animi
1176 2426 1444 2486 constet
1469 2429 1714 2486 natura
1740 2422 2136 2501 videndum,

264 2542 330 2599 et
356 2557 531 2621 quae
560 2557 674 2600 res
700 2536 896 2602 nobis
923 2535 1353 2621 vigilantibus
1384 2536 1586 2601 obvia
1611 2547 1869 2603 mentes

260 2650 573 2715 terrificet
597 2651 835 2716 morbo
865 2649 1151 2716 adfectis
1180 2672 1553 2737 somnoque
1582 2654 1860 2739 sepultis
1879 2703 1894 2730 ‚

261 2786 531 2830 cernere
560 2767 659 2830 uti
686 2765 1031 2830 videamur
1060 2787 1177 2831 eos
1208 2765 1574 2852 audireque
1604 2788 1829 2832 coram
1849 2816 1866 2846 ,

42 2894 43 2905 ¹
133 2893 211 2940 135
261 2888 475 2944 morte
503 2881 689 2947 obita
718 2902 1003 2967 quorum
1031 2880 1229 2945 tellus
1259 2881 1680 2966 amplectitur
1712 2904 1901 2947 ossa.

339 2994 405 3059 N
407 3017 482 3060 ec
508 3017 612 3059 me
641 2996 838 3060 animi
865 2996 1034 3061 fallit
1063 2995 1417 3060 Graiorum
1447 2995 1738 3060 obscura
1765 3006 2035 3083 reperta

259 3109 517 3175 difficile
544 3111 902 3176 inlustrare
928 3111 1183 3177 Latinis
1210 3109 1518 3175 versibus
1550 3131 1698 3175 esse
1716 3159 1733 3187 ‚

256 3225 458 3290 multa
485 3227 682 3291 novis
708 3225 934 3291 verbis
954 3218 1351 3312 praesertim
1380 3246 1531 3289 cum
1561 3226 1649 3291 sit
1677 3227 2010 3313 agendum

256 3350 531 3427 propter
561 3349 926 3427 egestatem
954 3342 1217 3427 linguae
1248 3349 1317 3406 et
1341 3362 1567 3406 rerum
1595 3342 1993 3407 novitatem:

132 3466 208 3513 14⁰
255 3454 373 3518 sed
399 3463 522 3520 tua
546 3477 655 3520 mc
682 3457 898 3522 virtus
927 3463 1150 3520 tamen
1181 3463 1249 3521 et
1276 3464 1549 3542 sperata
1575 3457 1889 3544 voluptas

254 3571 473 3637 suavis
501 3572 824 3637 amicitiae
857 3571 1157 3657 quemvis
1187 3571 1467 3636 sufferre
1494 3572 1793 3637 laborem

256 3684 493 3751 suadet
522 3694 592 3752 et
617 3686 878 3752 inducit
904 3694 1142 3752 noctes
1169 3686 1443 3773 vigilare
1474 3708 1749 3752 serenas
1766 3737 1781 3763 ‚
1833 3668 1840 3681 ³

257 3808 678 3883 quaerentem
708 3801 906 3866 dictis
938 3802 1178 3887 quibus
1208 3809 1280 3866 et
1309 3824 1443 3888 quo
1475 3803 1766 3867 carmine
1798 3802 2062 3868 demum

255 3913 428 3979 clara
454 3924 611 3980 tuac
640 3917 895 4002 possim
921 3917 1384 4004 praepandere
1412 3918 1659 3981 lumina
1686 3920 1925 3994 menti,

132 4038 207 4086 115
254 4049 358 4093 res
387 4031 631 4115 quibus
660 4032 959 4097 occultas
986 4033 1254 4118 penitus
1297 4034 1645 4099 convisere
1673 4034 1930 4120 possis.

324 4143 525 4211 Hunc
551 4146 753 4233 igitur
782 4156 1111 4213 terrorem
1140 4148 1339 4211 animi
1366 4150 1818 4234 tenebrasque
1847 4157 2193 4213 necessest

256 4384 339 4432 121
380 4372 570 4435 edensss
606 4384 627 4449 ΙΙ
670 4389 766 4436 126
805 4382 1089 4454 Coepissct
1116 4400 1291 4437 rerum
1327 4385 1348 4451 ΙΙ
1390 4390 1484 4435 130
1522 4392 1647 4436 tunc
1685 4383 1706 4451 ΙΙ
1746 4391 1838 4438 141
1879 4384 2069 4439 efferre
