3042 5192
634 460 771 528 156
1673 456 1801 525 1111

623 633 698 697 id
730 653 1000 718 quoque
1027 631 1373 718 permagni
1400 628 1644 695 refert:
1666 651 1820 695 nam
1847 651 2035 695 more
2063 630 2357 697 ferarum

431 764 560 813 1265
626 746 1271 834 quadrupedumque
1299 747 1508 832 magis
1537 745 1673 810 ritu
1699 745 2093 831 plerumque
2121 755 2445 833 putantur

626 862 976 948 concipere
1005 883 1252 926 uxores
1272 909 1288 937 ‚
1312 861 1470 946 quia
1498 861 1596 924 sic
1623 860 1776 924 loca
1808 882 2068 925 sumere
2095 869 2419 948 possunt,

622 977 1010 1063 pectoribus
1038 977 1277 1063 positis
1295 1024 1311 1052 ‚
1333 974 1616 1040 sublatis
1646 976 1900 1040 semina
1928 963 2168 1041 lumbis
2186 1027 2201 1040 .

625 1114 751 1157 nec
778 1092 1011 1156 molles
1041 1094 1194 1176 opu’
1224 1097 1385 1155 sunt
1410 1097 1635 1155 motus
1663 1091 1990 1155 uxoribus
2018 1090 2256 1155 hilum.

622 1228 778 1271 nam
803 1207 1036 1271 mulier
1062 1205 1384 1291 prohibet
1411 1227 1486 1270 se
1518 1205 1872 1291 concipere
1905 1213 2109 1291 atque
2132 1217 2467 1294 repugnat
2484 1258 2499 1286 ,

435 1340 564 1388 1270
630 1322 935 1387 clunibus
961 1321 1113 1407 ipsa
1139 1320 1266 1384 viri
1291 1319 1631 1384 Venerem
1660 1320 1718 1384 si
1747 1320 1927 1384 laeta
1953 1327 2280 1386 retractat

622 1444 826 1523 atque
857 1442 1175 1500 exossato
1206 1435 1338 1499 ciet
1368 1435 1548 1500 omni
1573 1442 1855 1521 pectore
1882 1434 2161 1501 fluctus:

626 1551 778 1615 eicit
807 1551 978 1614 enim
1007 1550 1263 1614 sulcum
1290 1557 1477 1614 recta
1504 1550 1778 1636 regione
1807 1550 2050 1636 viaque

623 1666 911 1731 vomeris
929 1714 945 1741 ‚
968 1673 1172 1750 atque
1200 1665 1366 1729 locis
1397 1665 1641 1729 avertit
1669 1665 1935 1730 seminis
1963 1666 2169 1730 ictum
2188 1716 2204 1730 .

618 1779 826 1866 idque
856 1802 979 1845 sua
1009 1801 1212 1845 causa
1240 1787 1652 1846 consuerunt
1680 1788 1910 1845 scorta
1936 1782 2192 1845 moveri
2208 1831 2224 1857 ‚

436 1913 560 1960 1275
624 1917 710 1960 ne
740 1895 1236 1982 complerentur
1266 1896 1503 1960 crebro
1536 1894 1990 1981 gravidaeque
2017 1896 2316 1962 iacerent
2334 1947 2350 1973 ‚

626 2019 694 2075 et
721 2011 915 2075 simul
938 2012 1089 2097 ipsa
1114 2011 1275 2075 viris
1305 2010 1541 2075 Venus
1569 2017 1647 2075 ut
1674 1992 2062 2075 concinnior
2091 2020 2303 2088 esset3

626 2126 1018 2212 coniugibus
1049 2125 1236 2212 quod
1264 2125 1359 2189 nil
1383 2125 1636 2189 nostris
1668 2147 1842 2212 opus
1875 2148 2023 2190 esse
2052 2126 2321 2192 videtur
2339 2178 2353 2191 .

706 2240 851 2306 Nec
880 2241 1198 2306 divinitus
1226 2241 1401 2305 inter
1432 2239 1591 2305 dum
1618 2237 2042 2326 Venerisque
2071 2243 2333 2328 sagittis

625 2355 957 2422 deteriore
984 2358 1061 2421 fit
1088 2365 1167 2421 ut
1193 2356 1410 2421 forma
1436 2354 1825 2419 muliercula
1852 2362 2150 2421 ametur:

433 2487 559 2535 1280
622 2493 773 2536 nam
802 2471 964 2536 facit
990 2472 1139 2558 ipsa
1167 2472 1306 2536 suis
1332 2472 1508 2536 inter
1540 2468 1697 2533 dum
1725 2468 1970 2534 femina
1994 2470 2193 2537 factis

622 2586 1104 2673 morigerisque
1132 2585 1349 2651 modis
1382 2593 1449 2649 et
1476 2582 1726 2649 munde
1755 2605 2042 2671 corpore
2072 2586 2253 2652 culto
2273 2637 2290 2664 ‚

624 2709 702 2766 ut
727 2699 921 2765 facile
948 2702 1289 2765 insuescat
1318 2721 1544 2765 secum
1572 2721 1701 2764 nos
1732 2698 1980 2784 degere
2010 2700 2214 2764 vitam
2234 2750 2248 2764 .

624 2816 812 2902 quod
841 2837 1045 2902 super
1075 2823 1181 2880 est
1198 2865 1213 2892 ‚
1237 2812 1656 2880 consuetudo
1688 2814 2047 2879 concinnat
2075 2836 2398 2881 amorem:

622 2953 774 2996 nam
805 2931 1040 2995 leviter
1072 2930 1371 3017 quamvis
1403 2927 1591 3015 quod
1621 2929 1860 2994 crebro
1889 2928 2195 2994 tunditur
2219 2931 2357 2995 ictu
2379 2981 2394 3006 ‚

430 3063 557 3111 1285
621 3047 909 3112 vincitur
936 3047 1004 3110 in
1031 3046 1235 3132 longo
1265 3046 1486 3131 spatio
1516 3051 1740 3108 tamen
1769 3051 1973 3130 atque
2002 3044 2286 3109 labascit
2304 3095 2317 3108 .

620 3184 843 3227 nonne
871 3160 1064 3227 vides
1097 3161 1293 3225 etiam
1322 3168 1552 3247 guttas
1581 3160 1649 3223 in
1677 3182 1844 3225 saxa
1869 3158 2173 3224 cadentis

620 3278 868 3342 umoris
898 3278 1102 3362 longo
1130 3277 1200 3339 in
1232 3276 1451 3361 spatio
1481 3274 1893 3361 pertundere
1923 3296 2090 3340 saxa
2106 3274 2140 3337 Ρ

631 3560 757 3607 1267
794 3553 1044 3610 lumbi-is.
1084 3554 1106 3624 ΙΙ
1146 3561 1276 3609 1268
1314 3554 1399 3608 Nc
1446 3554 1469 3624 ΙΙ
1521 3560 1649 3608 1275
1688 3553 2035 3625 gravidaque.
2087 3553 2106 3622 ΙΙ
2158 3559 2282 3607 1281
2324 3555 2486 3609 moris
2521 3556 2543 3625 ΙΙ
2587 3558 2707 3607 1282
2741 3567 2824 3604 uos

625 3645 887 3693 omium.
