3042 5192
620 446 710 512 42
1699 441 1760 509 II

612 642 685 684 re
714 638 1007 703 veraque
1035 626 1252 681 metus
1281 615 1622 680 hominum
1652 636 1990 702 curaeque
2023 639 2346 704 sequaces

613 755 739 798 nec
765 740 1075 797 metuunt
1105 732 1364 796 sonitus
1397 751 1734 796 armorum
1762 752 1889 795 nec
1917 731 2063 795 fera
2091 730 2227 795 tela
2245 779 2260 806 ‚

500 867 564 912 50
608 846 1063 933 audacterque
1091 847 1266 911 inter
1294 866 1490 932 reges
1517 866 1874 933 rerumque
1905 844 2204 934 potentis

610 968 968 1028 versantur
985 1010 1000 1037 ‚
1022 982 1241 1048 neque
1270 962 1599 1048 fulgorem
1626 969 2020 1026 reverentur
2049 961 2134 1026 ab
2165 982 2330 1025 auro

609 1100 736 1144 nec
766 1078 1015 1143 clarum
1043 1076 1251 1142 vestis
1282 1076 1712 1164 splendorem
1740 1078 2101 1164 purpureai
2118 1127 2133 1155 ,

615 1193 782 1281 quid
812 1191 1271 1284 dubitas-quin
1299 1194 1492 1257 omni'
1522 1193 1610 1257 sit
1635 1190 1807 1255 haec
1834 1192 2092 1257 rationi’
2119 1199 2429 1280 potestas
2446 1195 2480 1257 Ρ

613 1309 825 1373 omnis
857 1330 1006 1371 cum
1032 1307 1103 1371 in
1132 1308 1427 1372 tenebris
1456 1307 1856 1394 praesertim
1883 1309 2024 1372 vita
2050 1309 2346 1373 laboret:

499 1442 562 1487 55
605 1444 759 1487 nam
786 1423 897 1487 vel
924 1424 1022 1488 uti
1049 1423 1238 1511 pueri
1266 1421 1612 1509 trepidant
1640 1430 1845 1507 atque
1875 1425 2096 1488 omnia
2124 1425 2340 1489 caecis

609 1539 680 1602 in
707 1538 1004 1603 tenebris
1034 1544 1371 1613 metuunt,
1396 1537 1491 1600 sic
1519 1559 1649 1602 nos
1677 1537 1747 1601 in
1775 1537 1923 1601 luce
1951 1539 2258 1604 timemus

610 1655 784 1719 inter
814 1653 972 1717 dum
990 1701 1008 1729 ,
1030 1653 1167 1717 nilo
1199 1674 1370 1737 quae
1401 1661 1560 1717 sunt
1586 1652 1948 1719 metuenda
1974 1655 2183 1741 magis
2214 1675 2412 1741 quam

612 1790 783 1854 quae
813 1768 1005 1856 pueri
1030 1768 1101 1832 in
1128 1768 1422 1834 tenebris
1452 1768 1758 1855 pavitant
1783 1769 2176 1856 finguntque
2202 1769 2461 1834 futura.

611 1882 791 1947 hunc
818 1884 1021 1970 igitur
1048 1892 1376 1949 terrorem
1405 1884 1603 1949 animi
1631 1883 2081 1971 tenebrasque
2110 1896 2457 1950 necessest

498 2015 561 2061 60
605 2021 745 2063 non
773 1998 942 2063 radii
972 1999 1133 2064 solis
1161 2021 1383 2085 neque
1410 1996 1636 2064 lucida
1663 2000 1798 2064 tela
1827 1999 1959 2064 diei

612 2112 975 2179 discutiant
993 2164 1008 2190 ‚
1031 2113 1156 2178 sed
1182 2123 1463 2179 naturae
1493 2115 1753 2202 species
1782 2115 2087 2200 ratioque
2107 2163 2120 2179 .

666 2229 892 2327 *Nunc
921 2250 1045 2314 age
1064 2278 1080 2305 ‚
1104 2251 1239 2314 quo
1269 2237 1457 2294 motu
1485 2229 1800 2315 genitalia
1825 2230 2124 2293 materiai

613 2366 902 2431 corpora
928 2366 1039 2408 res
1068 2343 1289 2409 varias
1317 2344 1599 2429 gignant
1625 2344 2020 2428 genitasque
2048 2344 2426 2419 resolvant,

613 2467 681 2523 et
710 2480 843 2543 qua
869 2459 935 2521 vi
954 2458 1185 2521 facere
1213 2457 1284 2521 id
1314 2466 1645 2543 cogantur
1662 2505 1678 2533 ‚
1702 2477 2008 2541 quaeque
2037 2457 2125 2521 sit
2154 2456 2300 2546 ollis

496 2589 559 2633 65
604 2570 872 2635 reddita
898 2572 1229 2637 mobilitas
1258 2591 1573 2656 magnum
1601 2591 1723 2658 per
1751 2571 1947 2633 inane
1977 2569 2274 2645 meandi,

611 2684 990 2773 expediam:
1014 2694 1089 2750 tu
1121 2694 1187 2750 te
1216 2684 1413 2749 dictis
1441 2685 1768 2773 praebere
1797 2692 2124 2749 memento
2145 2733 2159 2746 .

607 2821 760 2865 nam
791 2811 972 2865 certe
1001 2821 1139 2863 non
1167 2801 1341 2866 inter
1371 2820 1443 2865 se
1474 2801 1724 2887 stipata
1752 2799 2073 2864 cohaeret

607 2916 919 2980 materies
939 2965 954 2993 ‚
979 2915 1291 3001 quoniam
1319 2915 1523 2980 minui
1551 2936 1694 2979 rem
1723 2934 2056 3000 quamque
2084 2912 2387 2977 videmus
2408 2962 2423 2989 ‚

610 3040 679 3096 et
709 3033 899 3117 quasi
926 3031 1292 3118 longinquo
1322 3030 1529 3095 fluere
1561 3030 1782 3095 omnia
1811 3030 2138 3094 cernimus
2169 3049 2336 3093 aevo

496 3164 559 3211 70
605 3169 689 3211 ex
718 3149 1061 3233 oculisque
1088 3154 1493 3212 vetustatem
1524 3144 1900 3211 subducere
1928 3145 2183 3209 nostris
2201 3193 2217 3220 ‚

613 3284 760 3326 cum
789 3271 1015 3327 tamen
1043 3262 1391 3327 incolumis
1420 3259 1730 3324 videatur
1760 3280 2014 3322 summa
2041 3279 2307 3322 manere

608 3382 972 3460 propterea
1002 3377 1190 3462 quia,
1216 3394 1387 3459 quae
1418 3372 1759 3437 decedunt
1788 3385 2074 3459 corpora
2104 3373 2339 3457 cuique
2359 3422 2373 3447 ,

607 3486 787 3551 unde
817 3490 1067 3554 abeunt
1092 3490 1393 3552 minuunt
1413 3535 1428 3561 ‚
1453 3507 1588 3572 quo
1620 3506 1865 3550 venere
1895 3487 2200 3571 augmine
2229 3487 2486 3553 donant
2507 3538 2520 3563 ‚

606 3603 721 3666 illa
750 3623 1103 3667 senescere
1132 3610 1204 3667 at
1231 3602 1401 3666 haec
1431 3609 1672 3666 contra
1697 3600 2058 3666 florescere
2088 3615 2368 3688 cogunt,

494 3734 559 3779 75
602 3739 727 3780 nec
755 3727 1176 3783 remorantur
1204 3716 1327 3781 ibi.
1353 3718 1448 3781 sic
1476 3738 1697 3783 rerum
1726 3737 1980 3781 summa
2006 3724 2296 3781 novatur

607 3854 869 3919 semper
887 3881 902 3907 ‚
927 3841 994 3896 et
1021 3833 1195 3896 inter
1225 3854 1298 3896 se
1326 3832 1644 3896 mortales
1672 3840 1902 3895 mutua
1927 3831 2196 3896 vivunt.

608 3955 979 4032 augescunt
1007 3947 1171 4011 aliae
1201 3958 1438 4033 gentes
1457 3996 1472 4022 ‚
1496 3947 1663 4011 aliae
1690 3948 2075 4012 minuuntur
2094 3996 2108 4021 ‚

606 4062 805 4146 inque
834 4063 1021 4127 brevi
1052 4063 1271 4150 spatio
1301 4070 1643 4127 mutantur
1671 4062 1894 4127 saecla
1922 4062 2326 4125 animantum

608 4184 677 4240 et
706 4178 896 4262 quasi
926 4198 1235 4243 cursores
1265 4178 1424 4243 vitai
1452 4176 1760 4264 lampada
1791 4175 2099 4240 tradunt.

650 4364 797 4371 v-—-—.

614 4427 677 4472 52
698 4437 954 4491 purpura.
980 4421 1002 4491 ΙΙ
1029 4428 1091 4473 54
1112 4421 1324 4474 raboret
1343 4460 1354 4473 .
1393 4420 1414 4487 ΙΙ
1452 4426 1514 4472 62
1538 4421 1812 4474 materiae.
1850 4420 1870 4487 ΙΙ
1907 4427 1972 4473 68
1992 4418 2449 4490 quamquidemus.
2489 4421 2510 4486 ΙΙ
2539 4426 2600 4473 73
2623 4420 2833 4490 agmine
