3042 5192
1303 426 1406 496 IV
2326 431 2466 500 217

227 623 436 666 manu
468 625 482 666 :
522 622 742 688 neque
785 602 978 666 aliter
1008 601 1334 666 Marullus
1364 651 1379 677 ,
1424 623 1621 687 quem
1667 623 1897 667 omnes
1932 613 2251 669 secuntur
2284 655 2295 667 .
2345 605 2468 670 sed

221 722 372 765 non
402 700 581 765 solet
609 708 744 765 tam
772 701 1205 786 neglegenter
1230 701 1529 765 membra
1557 701 1881 766 orationis
1911 703 2313 789 coniungere
2336 704 2469 768 Lu-

215 799 515 875 cretium
541 800 654 884 qui
674 798 861 863 haud
883 798 1085 864 dubie
1108 799 1457 888 scripsisse
1481 797 1861 864 censendus
1885 807 1990 865 est
2017 812 2074 864 et
2100 823 2140 877 Q
2154 824 2252 864 UA
2266 824 2304 865 E
2332 814 2473 866 sunt

209 898 441 982 prima
451 897 668 985 fronte
694 899 894 962 locata
922 943 935 959 .
979 918 1201 982 neque
1240 898 1412 961 enim
1453 898 1955 983 praepositione
1995 920 2165 983 opus
2208 908 2313 964 est
2342 948 2356 961 .
2401 901 2468 963 in

221 1016 266 1070 1,
285 994 420 1058 978
444 996 693 1084 firdque
731 997 881 1060 locet
912 1019 978 1060 ee
1009 1045 1022 1059 .
1067 996 1225 1060 item
1271 995 1431 1060 1022
1469 996 1705 1060 Ordine
1738 1020 1802 1059 se
1840 1019 1950 1060 suo
1990 1019 2267 1084 quaeque
2304 1000 2467 1063 Idea-

222 1104 410 1156 rtmt.
443 1093 512 1156 in
543 1092 774 1168 1v,204
801 1093 1389 1181 iamprimafronte
1404 1104 1674 1180 parata.

401 1190 505 1255 73.
557 1190 742 1255 ΝΛΜ
785 1214 1036 1257 cnam:
1077 1213 1372 1256 mel-:1213
1431 1213 1857 1256 Acmnouu
1910 1214 2179 1258 mun-tn
2232 1216 2468 1258 vlun-

219 1311 331 1352 ηις
347 1311 385 1352 s
417 1338 433 1352 .
480 1288 831 1375 Oblongus
869 1291 1139 1355 iacecere
1176 1291 1468 1376 acieryiri
1496 1339 1510 1353 .
1550 1289 1619 1353 in
1650 1289 1982 1375 quadrato
2013 1292 2474 1377 antiquissima

213 1407 476 1452 manus
516 1394 677 1474 post
720 1389 923 1453 iacere
963 1412 1005 1452 a
1047 1386 1409 1475 adscripsit
1452 1389 1570 1452 ain
1599 1435 1618 1468 ‚
1661 1409 1747 1451 ex
1790 1390 1851 1454 οἱ
1885 1389 2048 1453 fecit
2083 1413 2127 1454 u
2155 1437 2170 1464 ‚
2210 1393 2272 1453 ri
2313 1391 2470 1455 sub-

219 1484 436 1550 duxit
451 1509 472 1564 3¹
501 1507 637 1571 quo
669 1484 955 1550 efficitur
996 1488 1198 1551 iacere
1225 1476 1301 1551 ὰσ
1327 1488 1563 1573 inveryi
1591 1536 1606 1550 .
1646 1485 1782 1550 hoc
1807 1486 2026 1572 ipsum
2056 1487 2438 1554 Gronovius
2457 1538 2473 1566 ‚

218 1606 388 1649 cum
419 1583 873 1649 emendatoris
902 1605 1170 1648 manum
1196 1606 1335 1648 non
1363 1606 1646 1670 prorsus
1675 1583 2180 1670 adsequeretur,
2211 1587 2473 1652 coniec-

214 1694 392 1750 tura
431 1684 778 1750 inventum
815 1684 1046 1769 posuit
1084 1683 1155 1748 in
1192 1682 1780 1748 observationibus
1822 1706 1888 1770 p.
1919 1683 2042 1748 259
2071 1709 2087 1762 3
2134 1706 2269 1770 quo
2309 1686 2475 1751 nihil

213 1780 568 1847 infelicius
607 1794 724 1847 aut
761 1789 900 1846 tam
929 1781 1199 1868 egregio
1229 1782 1376 1846 viro
1404 1781 1621 1845 minus
1652 1779 1925 1867 dignum
1955 1783 2324 1869 excogitari
2352 1806 2475 1869 po·

214 1884 368 1948 tuit
400 1930 415 1945 .
460 1886 714 1965 quanto
752 1879 987 1945 melius
1015 1880 1166 1945 Itali
1194 1887 1264 1944 et
1289 1879 1619 1944 Marullus
1658 1881 1862 1945 iacere
1891 1904 1968 1945 ac
1993 1882 2307 1947 inmolet-i!
2347 1881 2474 1948 sed

213 2002 474 2046 verum
505 1986 611 2044 est
634 1980 839 2044 iacere
867 2001 944 2043 ac
971 1999 1315 2042 LAnouu
1343 1979 1536 2042 multa
1562 1978 1862 2042 videmus.

406 2077 509 2142 75.
555 2098 958 2152 RUSSAQUE
1002 2098 1206 2141 vnn».
1240 2125 1254 2140 .
1299 2075 1412 2141 Sic
1457 2076 1828 2162 quadratus
1860 2099 1874 2140 ε
1916 2076 2246 2163 oblongus
2295 2102 2475 2144 nesa-

211 2204 347 2268 que
369 2225 387 2239 .
417 2175 740 2240 Heinsius
766 2175 837 2238 in
857 2173 1208 2240 Prudentii
1234 2175 1379 2260 peri
1409 2175 1628 2263 steph.
1659 2199 1724 2251 x,
1740 2175 1865 2239 908
1892 2198 2066 2239 russo
2097 2174 2290 2241 dedit
2307 2225 2322 2252 ,
2350 2177 2474 2241 ita·

213 2298 370 2366 que
400 2281 638 2340 vetera
672 2272 1078 2358 exemplaria
1104 2273 1433 2338 Martialis
1461 2296 1600 2349 xm,
1624 2273 1742 2337 176
1759 2322 1775 2350 ,
1807 2272 2075 2337 codices
2107 2273 2347 2337 Catulli
2375 2275 2475 2351 39,

217 2376 305 2441 19
339 2397 567 2439 mam
592 2422 611 2452 ,
648 2384 889 2437 nas-sata
928 2371 996 2435 in
1028 2371 1259 2436 Orellii
1286 2370 1832 2456 inscriptionibus
1861 2370 2276 2436 2593—2599
2296 2421 2310 2435 .
2337 2396 2474 2436 rus-

202 2499 365 2542 sum
398 2469 760 2538 dicendum
793 2491 975 2547 esse,
1005 2491 1146 2534 non
1172 2493 1447 2535 mmmm
1462 2519 1480 2550 ‚
1513 2468 1855 2535 Charisius
1885 2463 2090 2534 (locet
2117 2493 2182 2556 p.
2203 2469 2283 2533 55
2303 2518 2316 2533 .

406 2571 511 2634 77.
535 2591 1005 2633 rasurum-m
1035 2591 1394 2633 renerus
1413 2618 1427 2632 .
1455 2567 2267 2658 Ita-quadratu8,fluctu83
2288 2570 2477 2654 quod

207 2672 755 2755 Havercampus
795 2688 935 2730 non
973 2666 1199 2754 potuit
1237 2666 1458 2751 legere
1486 2690 1502 2730 t
1548 2667 1880 2754 oblongus
1921 2688 2158 2733 vocem
2198 2668 2474 2734 omittit.

203 2778 424 2838 recte
457 2766 820 2831 Turnebus
860 2785 1233 2829 Fre-rnu-
1263 2811 1277 2825 .
1317 2764 1413 2828 ita
1452 2788 1552 2840 111,
1574 2765 1693 2830 189
1722 2767 1956 2831 tantillo
1982 2766 2474 2861 mondneflutat.

202 2867 406 2958 quid
436 2865 614 2930 enim
642 2884 882 2928 causae
911 2863 999 2927 eit
1027 2884 1146 2927 cur
1154 2862 1392 2953 flutare
1417 2863 1733 2927 reiciatur
1748 2912 1765 2940 ‚
1802 2875 2019 2929 nutare
2054 2865 2138 2928 ab
2169 2865 2476 2930 omnibus

200 2967 574 3058 probetur
590 2962 624 3025 Ρ
644 2961 867 3027 Varro
879 2960 1105 3051 flectent
1130 2983 1215 3025 an
1218 2960 1521 3051 finientur
1545 2960 1789 3025 dixerit
1815 2961 2143 3026 incertum
2162 2970 2443 3049 putatur
2459 3011 2476 3039 ‚

201 3068 400 3156 quia
439 3084 638 3128 nemo
675 3061 899 3126 adhuc
927 3069 1162 3125 vetera
1187 3060 1517 3151 Macrobii
1548 3059 1951 3147 exemplaria
1980 3060 2277 3125 excussit
2302 3108 2318 3136 ,
2360 3062 2476 3145 qui

201 3163 578 3232 Varronis
605 3160 817 3226 verba
846 3159 1151 3224 exhibuit
1175 3160 1245 3223 in
1274 3182 1326 3225 11
1357 3158 1806 3224 Saturnalium
1839 3159 1909 3223 11
1934 3207 1950 3222 .

407 3261 514 3326 78.
543 3282 638 3324 ET
673 3282 952 3325 onmem
983 3258 1358 3323 Senum,
1398 3280 1745 3322 senonem
1773 3279 2072 3322 piu-mm
2111 3279 2474 3322 ria-raum-

201 3384 395 3443 Quss
445 3380 777 3424 nnontm
818 3358 1148 3422 Inr1c1u
1168 3379 1267 3420 nr
1299 3405 1315 3420 .
1356 3355 1716 3420 Corrector
1758 3354 2031 3440 oblongi
2076 3354 2478 3420 Scaenalem:

197 3456 623 3551 quadratus
654 3456 946 3522 Scaenali
970 3456 1229 3541 speciem
1268 3454 1442 3540 (non
1468 3456 1768 3540 specimen
1785 3479 1806 3517 .·
1831 3453 2337 3541 Havercampus
2355 3502 2372 3529 ‚
2400 3461 2478 3518 ut

195 3561 420 3630 solet
438 3606 456 3633 ‚
485 3554 694 3641 fallit)
725 3553 1061 3620 subducta
1086 3578 1150 3618 m
1176 3554 1402 3618 littera
1419 3601 1435 3630 ‚
1461 3553 1655 3639 quasi
1677 3551 1970 3617 delenda
1985 3601 2000 3628 ,
2032 3552 2254 3616 omnia
2277 3573 2477 3616 manu

190 3662 457 3750 prima
483 3664 602 3720 aut
624 3661 805 3719 certe
827 3654 1104 3739 antiqua
1121 3702 1136 3716 .
1164 3673 1323 3717 vere
1344 3651 1708 3716 Lambinus
1732 3650 1781 3714 S
1797 3673 2099 3716 cru-:niu
2118 3700 2135 3727 ‚
2164 3651 2307 3715 sive
2333 3650 2476 3715 Sce-

187 3762 324 3826 nai
343 3783 374 3822 .·
407 3774 571 3818 nam
597 3753 668 3817 in
693 3752 891 3818 huius
919 3750 1103 3815 modi
1129 3751 1333 3815 rebus
1358 3749 1471 3835 qui
1501 3749 1948 3814 constantiam
1968 3748 2317 3835 postulant
2334 3796 2349 3823 ,
2377 3747 2475 3811 in-

196 3865 394 3946 epte
430 3851 684 3917 curiosi
713 3858 872 3915 sunt
900 3898 917 3928 ‚
962 3849 1152 3914 obliti
1178 3849 1294 3914 vix
1323 3868 1722 3934 quemquam
1752 3868 1902 3912 esse
1934 3848 2048 3933 qui
2079 3869 2162 3912 ex
2193 3845 2476 3912 diversis

189 3959 641 4024 alterutrum
671 3956 858 4014 certo
890 3947 1169 4013 consilio
1199 3953 1522 4033 sequatur
1556 3966 1636 4009 ac
1664 3966 1802 4010 non
1830 3946 2059 4032 potius
2089 3967 2167 4009 eo
2201 3943 2386 4032 quod
2419 3944 2476 4007 ei

189 4054 326 4122 vel
357 4053 446 4116 in
480 4070 562 4112 os
592 4047 702 4112 vel
729 4047 855 4111 sub
887 4046 1209 4111 calamum
1240 4044 1468 4110 veniat
1494 4052 1723 4110 utatur
1751 4094 1765 4109 .
1807 4065 1894 4108 an
1924 4043 2314 4108 Ciceronem
2339 4064 2477 4106 uno

190 4159 429 4221 certo
471 4146 798 4232 temporis
835 4152 1173 4210 momento
1203 4145 1457 4230 pulcros
1494 4145 1730 4230 Ceteqos
1765 4145 2059 4229 τνὶιιπῳοε
2094 4143 2481 4226 cartaqinem

189 4253 468 4318 dicere
515 4243 796 4309 desiisse
837 4243 1355 4310 existimabimus
1385 4241 1419 4304 Ρ
1455 4242 1683 4328 itaque
1710 4240 2065 4307 Lucretius
2103 4241 2172 4304 in
2201 4239 2335 4303 hoc
2362 4259 2480 4301 vo-

189 4346 486 4418 cabulo
520 4365 716 4408 usum
744 4342 907 4408 alias
943 4392 960 4418 ‚
1001 4342 1165 4407 alias
1193 4342 1521 4407 rationem
1551 4339 1743 4424 sequi
1772 4340 1996 4426 potuit
2022 4387 2038 4402 .
2077 4358 2230 4402 nam
2256 4357 2483 4399 scaena

189 4472 344 4517 eur
370 4450 752 4532 argenteae
771 4442 1194 4531 potissimum
1222 4439 1424 4506 aetati
1453 4425 1878 4504 adscribatur
1906 4459 2045 4503 non
2069 4433 2269 4501 video
2288 4483 2304 4508 ‚
2335 4453 2483 4496 cum
