3042 5192
601 436 741 503 394
1666 435 1765 502 VI

601 617 705 673 est
736 632 930 693 praes
972 615 1040 671 et
1070 607 1370 691 praedia.
1417 614 1698 694 propter
1742 608 2247 687 Chr.Iahnium‚
2292 612 2405 696 qui
2434 611 2703 675 Heinsio
2729 611 2806 675 ad

601 705 825 771 Ovidii
870 714 1079 768 artem
1119 704 1291 778 ι,161
1338 713 1522 768 recte
1571 708 2000 792 praecipienti
2041 731 2178 771 non
2225 709 2516 774 credidit
2545 760 2559 785 ‚
2601 712 2806 774 obser·

600 806 776 869 vabo
817 804 985 867 haec
1015 803 1233 866 omnia
1263 823 1303 865 a
1329 804 1556 866 verbis
1601 804 1852 889 primae
1884 803 2350 870 declinationis
2395 806 2682 872 deducta
2707 830 2807 871 na-

604 912 755 968 tura
783 903 985 986 longa
1016 922 1163 964 esse
1195 948 1211 974 ,
1263 902 1505 964 labrum
1535 912 1605 965 et
1633 904 1918 967 labellum
1945 926 2072 990 pro
2103 926 2265 968 vase
2284 953 2300 975 ‚
2332 906 2584 995 flabra,
2610 907 2807 996 flabel-

602 1005 729 1067 lum
746 1049 760 1074 ‚
790 1001 1127 1077 velabrum,
1158 1000 1586 1079 ventilabrum,
1613 1002 2020 1080 volutabrum,
2052 1005 2518 1081 candelabrmn‚
2548 1006 2808 1071 dolabra.

604 1101 964 1177 Dolabella,
996 1099 1172 1161 curia
1197 1098 1484 1176 calabra,
1516 1100 1825 1162 meclalm's
1853 1124 2059 1163 mensa
2079 1150 2092 1163 .
2127 1100 2212 1163 (le
2237 1102 2482 1165 ceteris
2510 1104 2810 1186 interpre-

602 1208 711 1262 tes
732 1219 817 1261 ne
839 1196 909 1259 id
934 1194 1202 1280 quidem
1223 1196 1728 1271 intellexerunt,
1753 1197 1940 1282 quod
1963 1206 2184 1262 tamen
2210 1206 2368 1263 ante
2392 1201 2612 1263 omnia
2634 1222 2812 1285 quae·

603 1295 885 1360 rendum
915 1294 1071 1369 fuit,
1103 1292 1431 1379 apodosin
1463 1294 1757 1378 incipere
1787 1296 1875 1358 ibi
1894 1346 1909 1369 ‚
1937 1299 2087 1360 solio
2117 1301 2182 1360 in
2207 1300 2410 1361 medio
2437 1322 2624 1383 quam
2638 1299 2814 1385 facile

586 1396 701 1484 fit.
731 1395 800 1457 in
829 1391 1089 1478 protasi
1121 1398 1189 1469 et
1219 1390 1486 1479 efflueris
1514 1400 1817 1456 monstro
1850 1394 2056 1457 simile
2089 1403 2217 1469 est,
2247 1418 2468 1481 neque
2490 1399 2545 1459 εἰ
2567 1408 2815 1460 cunctere

604 1514 728 1578 per
748 1503 847 1554 *se
892 1491 1056 1554 satis
1099 1498 1435 1574 apertum:
1480 1511 1620 1552 non
1652 1491 1821 1553 enim
1854 1493 2152 1557 cunctari
2183 1503 2300 1557 aut
2327 1496 2576 1558 morari
2605 1495 2668 1557 in
2699 1493 2815 1556 bal·

604 1612 733 1654 neo
764 1588 1211 1676 periculosum
1244 1594 1347 1650 est
1376 1586 1575 1672 pleno
1606 1597 1842 1653 ventre
1861 1639 1876 1665 ,
1907 1590 2032 1654 sed
2058 1591 2267 1656 lavari
2286 1642 2299 1656 .
2332 1593 2652 1657 Lucretio
2679 1591 2818 1655 nihil

607 1688 921 1753 convenit
964 1687 1089 1749 nisi
1147 1684 1701 1771 simplicissimum
1747 1695 1816 1751 et
1853 1688 2297 1771 aptissimum:
2347 1689 2418 1753 id
2473 1699 2582 1755 est
2624 1700 2816 1754 autem

608 1786 890 1870 Denique
927 1785 982 1847 si
1026 1784 1241 1847 calidis
1283 1784 1464 1846 eliam
1509 1806 1937 1849 coxerant:
1979 1787 2248 1851 lavabris
2277 1789 2530 1853 Plenior
2575 1812 2669 1851 ET
2705 1810 2818 1851 LA-

606 1905 758 1948 vnn
773 1905 796 1945 1
813 1904 846 1945 s
872 1930 885 1943 .
2761 1949 2766 1953 ,

774 1981 915 2043 793.
970 1978 1448 2043 Concmmuz
1498 2003 1596 2043 ΕΤ
1649 2001 1908 2045 runos
1960 2003 2093 2056 Qui
2157 2005 2430 2047 nonno
2485 2006 2820 2048 Μιττειιε

608 2102 928 2145 ευΕνιΤ.
969 2078 1048 2140 ln
1090 2077 1222 2140 hoc
1251 2100 1451 2168 versu
1496 2079 2060 2163 comparationem
2105 2082 2319 2145 morbi
2360 2083 2707 2146 comitialis
2741 2083 2818 2144 in·

611 2200 760 2242 csse
790 2176 1211 2240 manifestum
1243 2183 1349 2239 est
1375 2225 1388 2238 .
1438 2197 1612 2260 quae
1645 2176 1800 2260 quia
1829 2199 2048 2262 neque
2078 2180 2144 2241 in
2177 2200 2258 2241 eo
2290 2180 2403 2263 qui
2435 2180 2701 2243 luminis
2728 2203 2820 2242 ex·

609 2276 801 2341 tincti
831 2273 1043 2337 odore
1089 2274 1481 2358 consopitus
1514 2281 1621 2338 est
1660 2295 1881 2359 neque
1920 2277 1987 2339 in
2018 2277 2258 2341 ceteris
2291 2278 2405 2361 qui
2435 2277 2546 2341 hic
2579 2299 2819 2341 enume-

610 2383 845 2441 rantur
864 2375 1086 2437 locum
1108 2372 1318 2436 habet
1335 2422 1349 2448 ‚
1378 2373 1504 2436 nisi
1528 2374 1595 2436 in
1618 2394 1697 2437 eo
1719 2374 1829 2457 qui
1859 2374 1927 2436 in
1959 2374 2128 2436 solio
2154 2374 2392 2439 caldae
2418 2377 2743 2451 concidit,
2767 2376 2820 2438 in

613 2496 747 2559 qua
777 2471 937 2536 sede
967 2471 1076 2534 hic
1105 2491 1344 2534 versus
1386 2470 1817 2556 reponendus
1848 2472 1935 2535 sit
1966 2470 2256 2535 dubitari
2284 2495 2424 2537 non
2465 2483 2730 2561 potest.
2766 2471 2824 2535 id

611 2574 1051 2655 interpretum
1092 2568 1314 2633 nullus
1356 2589 1441 2631 ne
1485 2569 1865 2653 suspicatus
1897 2569 2164 2655 quidem
2195 2579 2302 2634 est
2328 2619 2342 2644 ‚
2396 2594 2624 2656 neque
2653 2571 2824 2636 iidem

613 2666 1036 2733 emendando
1063 2668 1414 2751 quicquam
1441 2675 1922 2752 promoverunt
1939 2716 1955 2741 ‚
1985 2680 2254 2752 praeter
2275 2666 2407 2731 hoc
2430 2691 2642 2732 unum
2666 2666 2826 2754 quod

610 2766 974 2830 Lambinus
1023 2765 1422 2829 Memmiano
1479 2765 1697 2829 codici
1752 2766 2126 2828 recentiore
2177 2787 2375 2829 manu
2426 2790 2682 2851 spumas
2725 2764 2826 2829 ad·

612 2866 936 2951 scriptum
966 2862 1166 2927 vidit.
1212 2863 1461 2948 excipit
1504 2863 1771 2948 quidem
1805 2863 2201 2937 Lambinus,
2247 2866 2352 2949 αφ’
2379 2888 2666 2949 spumas,
2709 2886 2824 2928 non

612 2964 805 3026 mitti:
834 2960 955 3025 sed
988 2982 1255 3045 spumas
1274 3009 1289 3036 ‚
1331 2982 1482 3024 eum
1512 2960 1919 3041 funduntur,
1965 2983 2084 3024 cur
2111 2964 2265 3026 micci
2293 2983 2426 3025 non
2460 2961 2708 3027 dixerit
2735 2963 2829 3047 qui

614 3070 683 3124 et
708 3061 963 3147 fumum
999 3060 1153 3123 mitti
1195 3069 1265 3122 et
1304 3062 1664 3144 sanquinem
1695 3066 1763 3122 et
1789 3061 2103 3144 sanquinis
2128 3062 2368 3145 siquam
2399 3068 2468 3123 et
2499 3063 2746 3125 imbrem
2773 3072 2826 3121 et

612 3161 810 3225 laticis
833 3170 1034 3243 qutlas
1060 3160 1214 3220 mitti
1243 3156 1414 3221 dixit
1442 3156 1476 3219 P
1522 3157 1754 3241 itaque
1784 3158 1894 3220 hic
1921 3180 2162 3222 versus
2190 3159 2286 3222 ita
2311 3160 2686 3223 rectissimo
2713 3160 2830 3222 for-

614 3257 936 3327 mabitur,
999 3256 1324 3319 Concidere
1368 3265 1425 3316 et
1462 3276 1784 3318 smmum
1827 3278 1922 3320 ur
1963 3258 2070 3342 qui
2109 3258 2317 3319 morbo
2355 3259 2593 3321 mittere
2631 3259 2830 3321 sueti!-

614 3362 801 3418 recte
833 3354 1003 3416 enim
1024 3376 1305 3439 quanam
1336 3353 1654 3437 singulari
1681 3374 1960 3417 numero
1979 3402 1995 3428 ‚
2025 3363 2102 3418 ut
2126 3353 2411 3418 Ovidius
2439 3365 2834 3419 metammn.

614 3453 736 3516 417
770 3453 1249 3537 Stridmzlemque
1288 3474 1441 3515 novo
1479 3474 1762 3535 spumam
1804 3475 1941 3515 cum
1966 3454 2259 3538 sanquine
2281 3452 2533 3539 fundit.
2583 3453 2752 3517 idem
2777 3454 2834 3515 in

617 3549 852 3613 codem
883 3550 1005 3613 288
1038 3549 1303 3613 Fervida
1345 3573 1481 3612 cum
1517 3572 1708 3612 rauco
1751 3550 1903 3614 latos
1942 3551 2201 3614 stridore
2230 3574 2352 3635 per
2380 3575 2587 3615 armos
2617 3553 2835 3637 ‚Spuma

596 3648 750 3738 fluit
771 3696 785 3709 .
820 3646 1183 3710 Columella
1209 3649 1277 3711 in
1309 3648 1595 3723 v11‚5,19
1636 3660 1694 3711 et
1729 3672 2009 3734 spumam
2048 3649 2360 3735 quandam
2401 3660 2636 3714 tereuem
2675 3650 2837 3713 taetri

616 3747 820 3809 odoris
849 3747 1150 3829 experyit.
1197 3755 1264 3809 et
1293 3747 1581 3811 observa
1624 3749 1733 3834 qui
1759 3749 1947 3811 suevit
1985 3746 2307 3832 scriptum
2348 3768 2536 3821 esse,
2581 3770 2715 3812 non
2745 3748 2839 3833 qui

615 3854 896 3917 suerunt,
919 3864 1004 3906 ne
1028 3842 1203 3907 forte
1222 3844 1416 3908 alium
1436 3844 1596 3908 huic
1611 3845 1834 3909 versui
1858 3854 1926 3910 et
1947 3846 2271 3932 aptiorem
2292 3844 2514 3908 locum
2533 3867 2834 3931 quaeras.

785 3941 928 4004 803.
956 3941 1194 4020 QUAM
1225 3965 1521 4007 FAcxnn
1555 3966 1636 4006 1N
1669 3965 2124 4013 mansuum,
2153 3965 2320 4006 lel
2350 3965 2573 4018 AQUA
2607 3968 2836 4008 Psan-

618 4061 970 4104 cnpxnus
1000 4061 1246 4104 ANTE.
1288 4041 1639 4105 Caelebrum
1669 4039 2073 4125 quadratus,
2114 4039 2267 4104 Itali
2296 4062 2749 4109 cnnnnucn.
2779 4050 2834 4102 et

619 4137 815 4202 iidem
846 4161 888 4201 A
907 4161 946 4214 Q
962 4161 1062 4203 UA
1080 4162 1127 4201 Μ
1148 4189 1161 4202 .
1195 4138 1529 4223 oblongus
1561 4140 1775 4225 prima
1801 4160 2002 4203 manu
2017 4139 2398 4223 precipimus
2417 4187 2430 4199 .

784 4238 926 4300 804.
979 4238 1092 4300 AT
1146 4259 1303 4300 cum
1352 4260 1685 4301 MEMBRA
1736 4258 2063 4301 nonnus
2128 4258 2523 4301 Pnncm’rr
2575 4258 2838 4301 mmm-

619 4356 1054 4409 nAsssRV1S‚
1115 4333 1279 4397 Tum
1320 4357 1448 4399 rm·
1491 4358 1708 4401 onon
1747 4359 1929 4399 vnn
1981 4355 2303 4397 PLAGAE
2349 4356 2838 4400 MAcranlms

622 4452 699 4492 IN
719 4453 861 4494 s'rA
884 4454 957 4495 a.
991 4429 1380 4509 Quadratus
1406 4434 1876 4522 serziidaferzvsss.
1919 4432 2061 4497 1011.
2079 4431 2272 4517 Bapt.
2287 4431 2449 4497 Pius
2474 4428 2680 4498 ‘Haec
2711 4430 2836 4494 duo
