3042 5192
1315 452 1382 518 V
2320 458 2459 527 305

233 650 374 689 mm
417 629 720 711 carpenti-s·
749 674 764 702 ,
802 650 962 713 quae
989 629 1227 712 parlim
1255 640 1520 692 contecta
1537 632 1775 714 partim
1801 632 2065 694 revelata
2076 630 2326 717 frustra
2352 656 2461 697 no-

231 726 491 794 vissimis
515 725 908 789 trahebantur
936 727 1302 811 consequiiS,
1340 728 1450 811 qui
1483 735 1590 790 tot
1619 726 1914 790 eiusdem
1943 730 2130 792 vocis
2161 733 2463 818 exempla

233 821 793 898 consideraverit,
818 823 1178 886 novissima
1196 834 1518 910 carpenta
1536 826 1797 889 illorum
1817 825 2283 892 decoratorum
2303 852 2462 893 con-

231 942 470 994 seeua,
500 921 631 984 hoc
662 930 767 984 est
795 922 905 985 illa
929 921 1251 985 decorata
1280 931 1435 987 ante
1465 924 1828 987 novissima
1852 923 2058 988 fuisse
2088 926 2429 1011 intelleget
2447 978 2461 991 .

230 1018 404 1081 haec
435 1026 655 1081 autem
686 1017 1016 1082 adiectiva
1048 1028 1116 1084 et
1143 1018 1466 1084 adverbia
1496 1043 1537 1084 a
1563 1022 1758 1084 bonis
1789 1023 2229 1108 scriptoribus
2261 1026 2462 1110 sylla-

229 1117 337 1180 bis
370 1115 600 1179 ‹h‘visis
631 1118 895 1201 prolata
927 1139 1075 1182 esse
1112 1125 1255 1182 tum
1282 1119 1432 1204 ipsa
1459 1119 1692 1203 regula
1722 1122 2033 1205 exposita
2062 1143 2140 1185 ac
2170 1122 2463 1187 fortasse

229 1213 532 1279 nondum
559 1215 724 1312 satis
749 1223 935 1278 recte
960 1217 1460 1302 circumscripta
1484 1216 1976 1281 demonstravi.
2009 1221 2220 1283 omnis
2244 1231 2463 1286 autem

230 1313 433 1376 huius
479 1313 971 1377 observationis
1013 1315 1225 1398 prima
1269 1317 1555 1380 stamina
1583 1317 1836 1380 suntin
1867 1316 2156 1401 quadam
2183 1318 2464 1383 Bentleii

234 1411 695 1498 disputatione
732 1460 747 1487 ‚
793 1433 989 1496 quam
1019 1411 1317 1476 Phaedri
1361 1413 1533 1477 libro
1577 1415 1792 1500 primo
1830 1415 1896 1477 in
1927 1415 2056 1478 fine
2086 1419 2461 1504 appositam

232 1508 698 1574 XVakefieldus
757 1518 823 1573 et
865 1509 1187 1595 Forbiger
1239 1533 1597 1596 numquam
1652 1513 1895 1596 legisse
1938 1519 2465 1598 cognoscuntur,

233 1630 385 1671 cum
425 1609 493 1670 in
532 1608 701 1671 libro
743 1609 945 1671 tertio
975 1608 1268 1673 Lucretii
1303 1610 1427 1674 648
1467 1610 1610 1674 sine
1652 1610 1786 1673 ulla
1827 1610 2243 1676 dubitatione
2287 1635 2465 1677 com-

232 1714 532 1769 mentum
557 1706 878 1770 Italorum
918 1707 987 1770 in
1028 1708 1248 1770 omnia
1290 1708 1692 1794 exemplaria
1731 1710 1917 1795 typis
1962 1732 2286 1796 expressa
2324 1712 2465 1775 illa-

232 1817 376 1868 tum
407 1805 731 1889 probant,
778 1806 1077 1888 quamvis
1107 1805 1450 1869 Bentleius
1491 1829 1628 1868 cum
1667 1807 2166 1893 praepositione
2207 1809 2471 1872 abiecta

231 1900 592 1986 legendum
635 1901 980 1966 docuisset
1028 1905 1293 1988 Corpore
1331 1905 1565 1990 reliquo
1602 1952 1617 1978 ‚
1677 1904 1862 1988 quod
1898 1906 1994 1969 ita
2037 1908 2359 1993 scriptum
2400 1908 2467 1970 in

231 2001 635 2065 membranis
667 1999 1017 2065 Vossianis
1061 2011 1290 2065 extare
1331 2008 1547 2065 testor
1576 2052 1589 2064 .
1632 2002 1740 2065 hic
1782 2003 1983 2088 igitur
2027 2005 2317 2068 comicos
2354 2027 2467 2068 ve-

233 2112 418 2163 teres
447 2148 465 2174 ,
505 2100 661 2163 item
691 2098 1072 2162 Lucretium
1104 2108 1173 2162 ct
1201 2098 1616 2173 Phaedrum,
1658 2102 1949 2164 relicuom
1981 2109 2301 2186 quattuor
2331 2103 2467 2189 syl-

234 2199 408 2263 labis
445 2198 764 2262 extulisse
802 2197 1102 2262 ostendit
1136 2246 1150 2272 ,
1194 2200 1463 2283 negavit
1491 2207 1711 2261 autem
1746 2220 1825 2260 eo
1860 2197 2220 2283 Vergilium
2251 2201 2468 2265 Hora-

232 2299 400 2360 tium
441 2295 776 2359 Tibullum
817 2297 1241 2382 Propertium
1279 2317 1590 2380 umquam
1634 2317 1797 2358 usos
1843 2317 1993 2358 esse
2027 2346 2040 2359 .
2085 2299 2306 2380 potuit
2349 2298 2469 2361 ad-

235 2394 400 2458 dere
447 2393 759 2458 Ovidium
790 2444 805 2469 ‚
861 2395 1162 2459 Gratium
1194 2443 1208 2470 ‚
1268 2394 1727 2456 Germanicum
1759 2440 1774 2467 ‚
1826 2393 2264 2480 Priapeorum
2308 2404 2469 2481 poi}-

234 2504 340 2558 tas
372 2540 388 2566 ‚
435 2492 758 2577 opuscula
799 2493 1192 2556 Maroniana
1221 2542 1236 2568 ‚
1286 2491 1745 2562 Columellam,
1789 2491 2145 2566 Senecam,
2193 2494 2468 2579 Calpur-

233 2592 417 2653 nium
450 2640 466 2665 ‚
524 2589 864 2653 Lucanum
897 2640 912 2665 ‚
958 2589 1299 2653 Valerium
1355 2588 1665 2652 Flaccum
1700 2638 1713 2652 .
1776 2589 1898 2652 sed
1957 2592 2145 2676 quod
2195 2593 2469 2657 Martia-

232 2691 362 2752 lem
406 2711 486 2753 ac
526 2688 904 2751 Iuvenalem
950 2688 1200 2773 primos
1243 2689 1499 2750 relicum
1544 2686 1793 2751 dixisse
1834 2690 2234 2755 existimavit
2264 2741 2279 2767 ‚
2334 2714 2472 2755 non

231 2788 403 2851 satis
449 2785 738 2850 attendit
766 2785 1066 2848 Persium
1108 2806 1188 2847 eo
1233 2793 1472 2868 quater
1516 2808 1707 2849 usum
1754 2807 1902 2849 esse
1929 2836 1944 2861 ‚
1992 2789 2219 2852 Silium
2262 2791 2472 2854 multo

233 2885 509 2970 saepius
529 2933 543 2957 ,
574 2885 860 2947 Statium
891 2890 1027 2946 ter:
1059 2881 1265 2945 habet
1296 2883 1494 2945 etiam
1527 2884 1821 2968 Sulpicia
1853 2883 2077 2948 Caleni
2111 2936 2124 2949 .
2157 2896 2232 2950 at
2262 2888 2473 2971 epito-

233 2993 457 3048 mator
500 2981 751 3045 Iliados
791 3003 929 3044 non
971 2980 1193 3066 potuit
1236 2980 1529 3043 scribere
1571 2981 1694 3043 595
1739 2984 2004 3066 Atropos
2043 2983 2203 3047 hemo
2244 2987 2477 3047 circum

229 3083 434 3146 stabat
471 3082 863 3166 reliquaeque
902 3102 1139 3142 sorores
1167 3126 1185 3156 ,
1237 3079 1459 3163 potuit
1497 3080 1853 3164 &fidaeque
1897 3104 2133 3144 sorores
2159 3106 2184 3162 ‚-
2245 3103 2473 3165 quam-

235 3201 441 3266 quam
485 3178 886 3262 exemplaria
930 3186 1063 3240 tam
1094 3176 1362 3239 mirifice
1393 3177 1659 3240 variant
1687 3226 1702 3250 ‚
1744 3185 1821 3240 ut
1850 3175 1934 3240 (le
1964 3178 2096 3242 hoc
2124 3199 2325 3242 versu
2355 3177 2476 3242 ad-

235 3280 371 3341 huc
402 3277 563 3340 nihil
596 3275 912 3339 constitui
942 3276 1193 3359 possit.
1239 3297 1363 3338 nec
1391 3274 1668 3338 Manilio
1701 3277 2059 3340 convenire
2091 3286 2256 3362 puto
2289 3275 2478 3361 quod

234 3387 348 3440 est
380 3376 450 3439 in
493 3397 562 3444 11,
582 3375 703 3437 734
734 3422 749 3447 ‚
799 3375 1082 3436 ,Dimidia
1109 3422 1125 3452 ,
1175 3374 1427 3460 reliquis
1455 3374 1757 3436 tribuatur
1782 3385 1850 3436 ul
1888 3376 2101 3437 ordim’
2127 3376 2315 3459 siqui-s·
2344 3401 2366 3439 .·
2411 3382 2480 3438 et

233 3485 463 3539 tamen
506 3472 704 3536 video
737 3471 1076 3535 Friderico
1108 3472 1357 3535 Iacobo
1399 3471 1583 3534 hunc
1625 3493 1892 3534 versum
1921 3474 2239 3558 probari,
2283 3495 2480 3557 quem

237 3572 588 3638 Bentlcius
628 3571 955 3634 reiecerat
986 3620 999 3633 .
1047 3572 1339 3634 relicn‘z'ae
1381 3579 1604 3633 autem
1649 3592 2007 3655 numquam
2039 3570 2259 3635 dictae
2290 3580 2480 3642 sunt,

236 3670 545 3757 quamvis
593 3669 690 3731 ita
741 3668 1088 3753 scripsisse
1133 3676 1398 3732 veteres
1445 3667 1629 3731 dicat
1665 3669 2060 3756 Papirianus
2102 3670 2171 3732 in
2222 3670 2482 3756 sylloge

235 3768 545 3834 Putschii
577 3789 639 3852 p.
661 3766 825 3831 2290
857 3816 869 3829 .
920 3768 1215 3830 relicuum
1247 3765 1617 3830 Vaticanus
1659 3766 1878 3831 codex
1908 3767 2205 3831 Sallustii
2233 3769 2300 3831 in
2334 3789 2483 3830 ora-

237 3870 427 3931 tione
459 3865 674 3929 Macri
705 3867 759 3950 ξ.
787 3867 814 3928 l
839 3915 853 3928 .
883 3867 1139 3951 reliqaei
1171 3872 1276 3928 est
1304 3865 1373 3927 in
1402 3864 1547 3950 lege
1571 3865 1736 3928 Iulia
1762 3866 2140 3952 municipali
2177 3865 2285 3928 151
2310 3890 2327 3942 3
2358 3867 2484 3929 sci-

238 3967 403 4030 licet
442 3973 519 4028 ut
551 3965 824 4049 pequdes
841 3987 1039 4050 pequs
1059 3965 1334 4049 peqvmia
1358 3965 1681 4050 pequlatus
1711 4013 1727 4038 ‚
1770 3965 1927 4027 item
1956 3965 2023 4027 in
2054 3965 2200 4048 lege
2229 3963 2489 4026 Thoria

240 4065 324 4127 25
369 4074 700 4149 oqupatum
749 4071 816 4126 et
867 4062 976 4124 101
1011 4063 1357 4147 persequtio
1391 4111 1405 4125 .
1449 4063 1758 4148 reliquuos
1802 4085 1921 4149 per
1955 4062 2091 4126 duo
2122 4086 2163 4124 u
2196 4060 2488 4126 dubitari

243 4184 383 4226 non
427 4168 661 4248 potest
703 4162 862 4245 quin
913 4168 1097 4223 extet
1125 4160 1189 4222 in
1224 4159 1567 4224 Ciceronis
1598 4159 1684 4223 de
1714 4182 1787 4224 re
1816 4161 2083 4246 publica
2111 4160 2281 4222 libro
2313 4181 2354 4232 1,
2373 4159 2452 4220 35
2472 4204 2487 4228 ,

244 4261 362 4324 ubi
381 4260 606 4322 Maius
631 4258 820 4322 dedit
843 4260 1160 4342 exiguuos
1178 4306 1195 4336 ,
1220 4282 1263 4342 9
1288 4258 1552 4321 litt-erac
1580 4280 1718 4321 non
1746 4259 1873 4321 nisi
1901 4257 2250 4340 vestigium
2282 4256 2489 4318 breve

249 4381 522 4422 manere
556 4365 878 4421 testatus:
910 4365 1194 4441 apparet
1217 4356 1386 4420 euim
1411 4354 1837 4419 scribendum
1863 4375 2012 4418 csse
2034 4354 2342 4439 reliquum
2360 4375 2491 4415 sus-

252 4459 476 4522 temari
507 4458 688 4519 unius
718 4457 929 4540 optimi
957 4467 1013 4519 et
1037 4455 1256 4518 ειιηιτηί
1282 4455 1402 4516 riri
1431 4454 1744 4538 diligentia.
1762 4501 1777 4513 .
1810 4452 2181 4536 scripturae
2210 4449 2491 4513 mutabi-

2008 4549 2089 4612 20
