3042 5192
1314 471 1409 541 111
2341 482 2473 551 109

227 655 293 710 et
320 655 553 710 tamen
579 643 773 710 haud
805 664 1143 731 quaquam
1171 653 1446 709 nostros
1476 653 1639 709 tunc
1666 646 1778 712 illa
1805 669 1928 734 per
1957 656 2143 714 artus

221 760 419 847 longe
451 761 542 826 ab
572 758 920 825 sensiferis
948 757 1318 845 primordia
1342 761 1636 825 motibus
1667 771 1894 828 errant
1910 813 1926 840 ‚

91 891 171 935 925
218 896 363 937 cum
393 881 762 960 correptus
792 873 996 937 homo
1028 893 1113 937 ex
1141 895 1377 939 somno
1408 896 1483 939 se
1512 875 1765 962 colligit
1791 878 1937 963 ipse
1955 928 1969 941 .

218 989 423 1053 multo
448 989 661 1075 igitur
687 995 973 1052 mortem
1000 988 1216 1052 minus
1246 986 1336 1052 ad
1363 1010 1491 1053 nos
1522 1010 1672 1055 esse
1699 991 2172 1077 putandumst;

220 1104 273 1167 si
298 1104 531 1167 minus
561 1123 712 1167 esse
738 1108 975 1188 potest
1003 1122 1202 1187 quam
1233 1101 1419 1187 quod
1446 1103 1541 1168 nil
1570 1125 1720 1169 esse
1747 1104 2085 1171 videmus:

218 1218 425 1282 maior
458 1218 639 1281 enim
668 1217 908 1282 turbae
939 1215 1258 1282 disiectus
1285 1218 1587 1283 materiai

220 1332 666 1419 consequitur
694 1331 833 1396 leto
852 1381 869 1408 ‚
889 1353 1016 1396 nec
1046 1332 1400 1418 quisquam
1429 1334 1815 1419 expergitus
1845 1343 2069 1401 exstat
2088 1387 2103 1409 ‚

88 1460 170 1506 9³0
215 1445 458 1532 frigida
494 1467 695 1532 quem
725 1447 930 1512 semel
959 1456 1062 1512 est
1089 1446 1251 1511 vitai
1280 1467 1493 1531 pausa
1521 1456 1755 1512 secuta
1773 1499 1786 1512 .

296 1561 617 1647 Denique
645 1561 705 1625 si
733 1582 970 1625 vocem
997 1582 1221 1625 rerum
1249 1568 1494 1625 natura
1520 1571 1801 1647 repente

222 1676 439 1740 mittat
472 1684 545 1741 et
571 1676 707 1741 1166
737 1677 933 1742 611661
955 1682 1265 1741 nostrum
1293 1676 1390 1740 sic
1417 1676 1722 1761 increpet
1750 1678 1898 1764 ipsa
1916 1728 1932 1755 ‚

217 1784 396 1875 ‘quid
426 1792 551 1856 tibi
580 1798 774 1857 tanto
805 1799 1078 1877 operest
1094 1839 1111 1866 ‚
1130 1789 1428 1855 mortalis
1447 1839 1463 1867 ‚
1486 1789 1675 1875 quod
1700 1792 1893 1858 nimis
1923 1796 2141 1881 aegris

223 1905 511 1971 luctibus
538 1905 850 1993 indulges
867 1905 901 1968 P
923 1904 1087 1991 quid
1114 1912 1397 1969 mortem
1427 1905 1766 1991 congemis
1795 1927 1873 1970 ac
1901 1906 2023 1973 fles
2040 1909 2074 1972 P

88 2033 173 2078 935
224 2041 366 2083 66111
397 2022 610 2106 gratis
636 2020 765 2086 fuit
791 2020 961 2085 haec
989 2021 1113 2086 tibi
1136 2020 1276 2084 vita
1302 2026 1460 2084 ante
1490 2025 1645 2084 acta
1670 2020 1991 2107 priorque
2010 2072 2026 2099 ‚

226 2145 291 2198 et
316 2158 457 2200 non
486 2136 709 2200 omnia
734 2144 1080 2222 pertusum
1110 2142 1429 2220 congesta
1460 2135 1652 2219 quasi
1679 2135 1747 2198 in
1774 2157 1898 2200 vas

221 2248 572 2314 commoda
597 2250 974 2336 perfluxere
1002 2257 1206 2334 atque
1233 2249 1497 2334 ingrata
1524 2248 1870 2315 interiere:

220 2385 333 2427 6111·
359 2386 505 2428 666
534 2373 612 2429 ut
636 2365 876 2451 plenus
904 2366 1081 2431 vitae
1111 2363 1395 2428 conviva
1421 2362 1682 2429 recedis
1700 2411 1716 2440 ‚

222 2497 436 2563 aequo
466 2480 823 2565 animoque
853 2480 1037 2567 capis
1068 2498 1372 2544 securam
1390 2526 1406 2554 ‚
1430 2477 1635 2542 stulte
1653 2526 1669 2554 ‚
1698 2481 1987 2564 quietem
2006 2483 2040 2546 P

88 2604 171 2652 940
220 2591 317 2655 sin
345 2614 425 2657 ea
454 2615 631 2679 quae
658 2593 920 2661 fi-uctus
951 2616 1233 2681 cumque
1265 2614 1337 2657 es
1364 2593 1628 2677 periere
1655 2594 1967 2679 profusa,

218 2705 484 2793 vitaque
512 2709 581 2772 in
611 2709 939 2774 offensust
954 2758 969 2784 ‚
992 2731 1113 2773 6111·
1140 2707 1420 2793 6161111116
1448 2705 1703 2772 addere
1735 2712 2001 2795 quaeris
2020 2762 2035 2787 ‚

218 2841 478 2886 rursum
507 2823 695 2909 quod
722 2833 956 2911 pereat
980 2822 1152 2888 111616
1181 2830 1250 2887 et
1274 2823 1611 2908 ingratum
1641 2824 1909 2890 occidat
1938 2849 2130 2891 omne
2151 2878 2165 2903 ‚

220 2956 353 3000 11611
378 2938 612 3025 potius
638 2939 817 3004 vitae
844 2938 1042 3003 finem
1068 2937 1233 3004 facis
1263 2946 1466 3024 atque
1495 2938 1745 3004 laboris
1762 2939 1796 3002 P

217 3071 365 3115 nam
392 3053 517 3118 tibi
543 3061 891 3139 praeterea
919 3053 1109 3139 quod
1136 3055 1475 3120 machiner
1501 3055 1968 3140 inveniamque
1985 3105 2001 3132 ‚

88 3176 169 3222 945
219 3165 400 3250 quod
424 3167 724 3254 placeat,
744 3168 840 3233 nil
868 3174 1004 3233 est:
1028 3166 1260 3233 eadem
1290 3179 1448 3236 sunt
1477 3170 1699 3234 omnia
1728 3191 1990 3256 semper
2009 3221 2022 3233 .

218 3280 273 3343 si
298 3281 417 3346 tibi
442 3304 582 3347 non
612 3282 803 3347 annis
833 3305 1081 3370 corpus
1108 3284 1237 3348 iam
1263 3292 1517 3349 marcet
1547 3291 1617 3349 et
1645 3291 1833 3349 artus

217 3396 500 3462 confecti
527 3397 883 3484 languent,
908 3397 1140 3463 eadem
1166 3406 1390 3463 tamen
1422 3399 1642 3463 omnia
1669 3407 1928 3465 restant
1946 3450 1962 3478 ‚

216 3511 427 3577 omnia
453 3512 513 3576 si
539 3533 787 3599 pergas
815 3511 1109 3577 vivendo
1139 3513 1407 3578 vincere
1437 3514 1688 3590 saecla,

212 3632 406 3711 atque
438 3627 637 3692 etiam
665 3628 892 3714 potius
909 3677 926 3704 ,
949 3628 1007 3693 si
1033 3649 1395 3713 numquam
1425 3629 1518 3694 sis
1547 3629 1911 3695 moriturus
1930 3634 1963 3705 ‚⁹

86 3747 165 3795 ⁹⁵⁰
212 3740 369 3823 quid
393 3740 886 3827 respondemus
904 3792 921 3819 ,
941 3742 1070 3807 6161
1094 3743 1336 3809 iustam
1363 3742 1715 3810 intendere
1743 3746 1926 3811 litem

210 3863 508 3921 naturam
539 3865 608 3922 et
634 3878 861 3921 veram
889 3857 1112 3923 verbis
1144 3877 1483 3942 exponere
1512 3880 1782 3924 66116616
1799 3859 1832 3922 Ρ

81 3977 157 4023 ⁹⁵⁵
205 3970 518 4052 grandior
546 3970 658 4036 hic
685 3993 850 4037 vero
883 3971 939 4035 si
965 3972 1094 4036 iam
1124 3972 1483 4058 seniorque
1514 3982 1837 4059 queratur

80 4089 157 4138 952
202 4097 396 4169 atque
426 4086 687 4151 obitum
713 4086 1114 4152 lamentetur
1140 4087 1342 4153 miser
1370 4089 1653 4175 amplius
1683 4110 1901 4175 aequo
1920 4140 1937 4166 ‚

207 4359 295 4407 ⁹35
329 4356 455 4413 haec
489 4368 759 4416 οηιίεεωη.
807 4363 829 4432 ΙΙ
877 4368 969 4416 941
1015 4363 1278 4419 offensost
1327 4365 1348 4433 ΙΙ
1398 4371 1495 4419 943
1536 4367 1664 4422 16616
1710 4364 1730 4435 ΙΙ
1768 4371 1867 4419 945
1905 4365 2082 4437 placet
2117 4366 2140 4435 ΙΙ
2177 4369 2275 4417 947
2314 4364 2428 4419 lan·

206 4449 384 4506 gnente
421 4444 444 4513 ΙΙ
480 4452 682 4500 restat.
721 4446 742 4516 ΙΙ
782 4452 883 4500 948
919 4464 1113 4519 perges
1154 4451 1175 4520 ΙΙ
1212 4455 1312 4503 950
1349 4449 1397 4502 si
