3042 5192
610 455 749 522 212
1676 452 1776 519 VI

610 627 1012 714 conplerunt
1029 676 1045 703 ‚
1067 647 1308 712 magno
1338 625 1775 712 indignantur
1802 646 2136 689 murmure
2165 627 2373 691 clausi

605 741 893 806 nubibus
912 790 926 817 ,
948 742 1017 804 in
1047 741 1405 826 caveisque
1433 739 1726 805 ferarum
1756 762 1942 804 more
1971 741 2333 816 minantur,

607 878 783 919 nunc
811 855 969 920 hinc
998 877 1177 919 nunc
1205 855 1382 918 illinc
1411 854 1716 919 fremitus
1748 877 1871 941 per
1897 856 2126 920 nubila
2151 857 2426 920 mittunt
2443 906 2458 932 ‚

451 988 548 1033 200
605 977 1141 1056 quaerentesque
1169 971 1342 1035 viam
1373 971 1621 1034 circum
1647 978 2040 1047 versantur,
2073 978 2142 1034 et
2166 971 2338 1056 ignis

607 1086 858 1149 semina
888 1086 1300 1151 convolvunt
1330 1105 1366 1148 e
1394 1086 1685 1150 nubibus
1720 1093 1926 1171 atque
1954 1085 2049 1149 ita
2080 1096 2331 1170 cogunt

603 1201 809 1264 multa
827 1250 842 1276 ‚
863 1207 1230 1285 rotantque
1261 1201 1440 1264 cavis
1470 1199 1796 1264 flammam
1823 1200 2212 1264 fornacibus
2241 1201 2419 1264 intus
2439 1248 2454 1274 ‚

606 1315 824 1380 donec
855 1315 1117 1379 divolsa
1142 1314 1476 1379 fulserunt
1503 1315 1681 1379 nube
1713 1315 2008 1378 corusci.

691 1429 840 1493 Hac
872 1430 1068 1493 etiam
1096 1429 1173 1493 fit
1200 1431 1299 1493 uti
1329 1429 1414 1493 de
1447 1451 1654 1493 causa
1680 1429 1942 1494 mobilis
1969 1429 2080 1493 ille

448 1563 545 1609 205
605 1544 877 1608 devolet
901 1545 969 1608 in
1000 1550 1247 1608 terram
1274 1543 1507 1630 liquidi
1539 1545 1725 1608 color
1755 1566 1999 1608 aureus
2024 1545 2198 1630 ignis
2217 1593 2232 1619 ‚

602 1661 853 1724 semina
882 1658 1069 1745 quod
1095 1660 1311 1723 nubes
1339 1660 1522 1744 ipsas
1552 1660 1884 1745 permulta
1911 1667 2266 1724 necessust

600 1776 771 1861 ignis
797 1774 1082 1838 habere:
1116 1775 1355 1838 etenim
1388 1796 1537 1837 cum
1569 1781 1727 1838 sunt
1754 1796 1987 1839 umore
2018 1775 2161 1837 sine
2190 1775 2323 1837 ullo
2345 1823 2360 1850 ‚

602 1889 940 1953 flammeus
971 1897 1075 1953 est
1103 1889 1494 1974 plerumque
1526 1890 1714 1954 colos
1746 1897 1815 1953 et
1842 1888 2236 1977 splendidus
2266 1889 2448 1952 ollis:

600 2006 761 2091 quin
792 2005 986 2088 etiam
1016 2004 1177 2068 solis
1209 2002 1294 2067 de
1323 2004 1568 2067 lumine
1599 2005 1806 2068 multa
1833 2013 2182 2069 necessest

446 2139 544 2184 210
599 2121 952 2205 concipere
971 2169 987 2196 ,
1008 2127 1085 2183 ut
1112 2119 1349 2182 merito
1382 2119 1670 2182 rubeant
1696 2120 2020 2205 ignesque
2049 2117 2497 2206 profundant.

594 2235 801 2299 hasce
829 2235 1030 2320 igitur
1058 2255 1209 2297 cum
1236 2240 1478 2297 ventus
1508 2254 1715 2318 agens
1746 2234 2076 2300 contrusit
2101 2234 2170 2296 in
2197 2255 2400 2297 unum

598 2350 1127 2436 compressitque
1158 2348 1376 2411 locum
1408 2369 1659 2433 cogens
1679 2397 1694 2424 ‚
1719 2370 2043 2435 expressa
2072 2348 2490 2433 profundunt

599 2466 881 2539 semina,
908 2485 1079 2548 quae
1108 2463 1363 2527 faciunt
1388 2463 1689 2527 flammae
1719 2463 1978 2549 fulgore
2008 2463 2272 2527 colores
2291 2512 2304 2525 .

593 2579 789 2664 fulgit
815 2579 971 2642 item
993 2628 1008 2655 ‚
1032 2600 1181 2643 cum
1209 2587 1561 2643 rarescunt
1590 2600 1862 2663 quoque
1889 2578 2118 2642 nubila
2147 2578 2342 2641 caeli.

442 2712 539 2757 215
591 2716 747 2758 nam
776 2715 925 2757 cum
952 2701 1193 2757 ventus
1225 2714 1338 2757 eas
1366 2693 1604 2757 leviter
1636 2691 1895 2756 diducit
1924 2694 2142 2756 euntis

599 2807 1041 2892 dissoluitque
1058 2857 1074 2886 ‚
1099 2807 1348 2872 cadant
1374 2808 1657 2893 ingratis
1686 2808 1798 2872 illa
1825 2815 2173 2872 necessest

594 2924 844 2987 semina
872 2945 1045 3008 quae
1074 2922 1325 2987 faciunt
1350 2922 1713 3009 fulgorem:
1735 2931 1876 2986 tum
1905 2924 2047 2987 sine
2076 2930 2295 2987 taetro

592 3046 854 3102 terrore
886 3047 955 3103 et
982 3038 1207 3103 sonitu
1234 3039 1427 3124 fulgit
1453 3039 1773 3124 nulloque
1802 3037 2089 3101 tumultu
2106 3087 2121 3101 .

677 3152 879 3232 Quod
909 3175 1113 3238 super
1143 3161 1247 3217 est
1264 3202 1278 3229 ‚
1304 3153 1483 3239 quali
1510 3161 1755 3217 natura
1782 3151 2093 3238 praedita
2121 3161 2434 3217 constent

438 3285 535 3332 220
589 3267 864 3331 fulmina
881 3318 896 3345 ‚
920 3267 1268 3332 declarant
1286 3268 1423 3331 ictu
1452 3268 1603 3331 loca
1629 3269 1858 3332 inusta
1875 3318 1890 3344 ,
1912 3269 2184 3354 vaporis

594 3383 785 3468 signa
802 3432 817 3459 ‚
839 3390 1175 3468 notaeque
1204 3384 1427 3468 gravis
1454 3383 1747 3446 halantis
1777 3383 2069 3469 sulpuris
2098 3403 2330 3448 auras:

588 3497 759 3583 ignis
792 3497 962 3560 enim
993 3505 1150 3561 sunt
1174 3497 1345 3561 haec
1372 3518 1511 3560 non
1538 3497 1721 3561 venti
1760 3498 1950 3582 signa
1977 3518 2197 3582 neque
2223 3497 2451 3562 imbris
2469 3548 2482 3562 .

591 3620 944 3699 praeterea
971 3632 1175 3698 saepe
1205 3610 1584 3675 accendunt
1614 3632 1884 3696 quoque
1911 3618 2095 3676 tecta
2123 3612 2470 3677 domorum

592 3735 663 3791 et
691 3727 889 3792 celeri
916 3726 1178 3790 flamma
1208 3725 1636 3791 dominantur
1664 3727 1733 3790 in
1761 3725 2042 3791 aedibus
2070 3727 2234 3814 ipsis
2252 3777 2266 3790 .

433 3859 530 3904 225
583 3842 765 3907 hunc
793 3843 913 3908 tibi
942 3842 1250 3907 subtilem
1279 3863 1426 3905 cum
1456 3842 1685 3927 primis
1711 3842 1977 3927 ignibus
2003 3843 2222 3928 ignem

590 4075 715 4082 --—-.

591 4189 688 4236 199
725 4183 938 4236 fremitu
973 4182 994 4252 ΙΙ
1032 4187 1127 4234 201
1168 4190 1481 4236 comissum.
1526 4182 1547 4252 ΙΙ
1586 4188 1681 4235 205
1720 4183 1865 4236 calor
1901 4184 1924 4253 ΙΙ
1961 4188 2060 4235 207
2102 4181 2263 4253 Ignes
2302 4182 2322 4252 Η
2373 4185 2473 4232 208
2509 4179 2790 4242 Flameusq-

588 4267 899 4338 plerumque
933 4266 953 4335 ΙΙ
992 4264 1125 4317 olis.
1162 4264 1181 4332 ΙΙ
1222 4269 1320 4316 209
1348 4264 1561 4335 Quippe
1596 4267 1733 4320 enim
1771 4268 1791 4338 ΙΙ
1829 4272 1928 4319 210
1966 4266 2181 4319 iubeant
2218 4265 2239 4334 ΙΙ
2277 4270 2374 4317 213
2413 4262 2612 4333 fulgere
2644 4263 2662 4328 ΙΙ
2699 4260 2792 4308 216

585 4351 843 4421 ingratius
889 4350 911 4417 ΙΙ
956 4354 1055 4402 218
1091 4349 1240 4400 sonis
1285 4346 1307 4416 ΙΙ
1352 4354 1451 4400 219
1488 4348 1628 4419 quali
1664 4357 1928 4403 omissum.
1977 4348 1998 4416 ΙΙ
2049 4355 2147 4402 220
2198 4349 2304 4401 ictu
2345 4355 2398 4400 et
2437 4348 2604 4401 inusta
2645 4344 2664 4410 ΙΙ
2697 4345 2786 4391 221

586 4435 753 4487 auris,
790 4435 813 4502 ΙΙ
848 4439 947 4486 223
984 4451 1043 4486 se
