3042 5192
1286 446 1380 515 ΠΙ
2279 451 2413 520 105

101 645 172 690 190
215 623 354 712 quid
381 624 435 688 si
459 629 696 711 posset
724 619 901 684 enim
917 620 951 683 P
972 620 1181 684 multo
1210 620 1399 708 prius
1427 619 1581 707 ipsa
1607 620 1805 684 animi
1830 621 1934 686 vis

216 742 271 805 in
296 738 500 826 eapite
528 744 646 801 aut
670 736 921 802 umeris
950 742 1069 799 aut
1096 734 1243 799 imis
1273 734 1567 800 calcibus
1598 756 1747 799 esse

214 861 420 943 posset
434 901 450 929 ‚
474 859 542 916 et
565 851 826 915 innasci
857 850 1093 936 quavis
1122 850 1191 913 in
1218 856 1415 936 parte
1443 850 1696 913 soleret

213 967 453 1033 tandem
476 968 546 1031 in
576 964 813 1030 eodem
842 964 1111 1029 homine
1140 971 1346 1050 atque
1371 964 1441 1027 in
1471 962 1710 1028 eodem
1737 985 1901 1030 vase
1930 986 2197 1031 manere
2217 1018 2230 1030 .

216 1081 376 1168 quod
401 1082 715 1168 quoniam
741 1087 980 1144 nostro
1014 1100 1285 1165 quoque
1316 1085 1585 1144 constat
1613 1100 1902 1166 corpore
1933 1089 2187 1146 certum
2206 1132 2221 1156 ‚

102 1213 173 1258 795
215 1195 719 1283 dispositumque
746 1193 1014 1259 videtur
1042 1194 1159 1259 ubi
1188 1214 1339 1258 esse
1371 1202 1441 1258 et
1469 1214 1773 1259 creseere
1801 1196 2022 1283 possit

215 1332 443 1376 sorsum
470 1311 692 1375 anima
719 1319 924 1396 atque
954 1310 1212 1373 animus
1230 1358 1247 1385 ‚
1267 1315 1464 1373 tanto
1493 1309 1706 1394 magis
1732 1309 2150 1376 infitiandum

214 1432 402 1489 totum
426 1447 630 1513 posse
665 1433 859 1489 extra
887 1446 1134 1511 corpus
1165 1423 1414 1488 durare
1441 1424 1765 1509 genique.

218 1561 399 1624 quare
416 1588 432 1616 ‚
452 1561 704 1628 corpus
731 1539 848 1603 ubi
874 1539 1124 1604 interiit
1141 1588 1157 1615 ‚
1178 1539 1460 1626 periisse
1486 1546 1836 1604 necessest

216 1654 539 1719 confiteare
567 1654 857 1719 animam
884 1652 1275 1719 distractam
1301 1653 1371 1718 in
1401 1674 1688 1741 corpore
1716 1660 1867 1719 toto
1887 1704 1902 1718 .

100 1785 174 1830 80⁰
219 1770 434 1856 quippe
463 1771 710 1835 etenim
736 1769 1021 1834 mortale
1051 1776 1327 1834 aeterno
1356 1767 1632 1854 iungere
1663 1775 1732 1833 et
1758 1790 1894 1833 una

219 1885 557 1949 consentire
583 1891 833 1972 putare
862 1891 931 1949 et
956 1883 1146 1971 fungi
1172 1889 1410 1947 mutua
1435 1902 1642 1970 posse

221 1996 592 2085 desiperest:
618 1998 790 2084 quid
818 1999 990 2062 enim
1021 1996 1351 2064 diversius
1383 2018 1533 2062 esse
1561 1997 2001 2085 putandumst

219 2121 320 2176 aut
340 2114 534 2200 magis
560 2115 741 2179 inter
769 2135 844 2177 se
874 2111 1275 2178 disiunctum
1305 2110 1885 2200 discrepitansque
1902 2163 1918 2191 ‚

218 2248 388 2312 quam
414 2228 695 2293 mortale
726 2227 914 2313 quod
943 2235 1046 2293 est
1071 2227 1405 2292 inmortali
1434 2234 1640 2313 atque
1667 2230 1946 2315 perenni

101 2356 174 2400 805
216 2341 479 2407 iunctum
504 2345 574 2407 in
602 2343 888 2408 concilio
919 2363 1156 2408 saevas
1185 2343 1478 2408 tolerare
1505 2343 1839 2430 proeellas
1856 2344 1889 2407 Ρ

102 2469 175 2516 819
219 2455 382 2541 quod
409 2459 463 2522 si
487 2457 667 2524 forte
696 2457 852 2523 ideo
881 2458 1090 2545 magis
1117 2458 1506 2523 immortalis
1536 2457 1949 2535 habendast,

223 2570 386 2655 quod
409 2573 719 2637 letalibus
747 2572 833 2636 ab
863 2573 1064 2638 rebus
1092 2573 1347 2638 munita
1371 2580 1642 2638 tenetur
1658 2622 1674 2648 ‚

219 2694 322 2750 aut
346 2687 491 2773 quia
515 2710 659 2753 non
686 2687 966 2752 veniunt
994 2687 1263 2752 omnino
1295 2688 1509 2753 aliena
1538 2687 1773 2753 salutis
1792 2738 1808 2763 ‚

219 2808 323 2864 aut
347 2802 491 2887 quia
518 2823 696 2888 quae
723 2803 1002 2868 veniunt
1029 2803 1253 2888 aliqua
1280 2804 1541 2868 ratione
1570 2801 1897 2869 recedunt

218 2914 389 2998 pulsa
412 2918 594 3005 prius
627 2938 829 3004 quam
859 2916 1021 3003 quid
1047 2925 1343 2983 noceant
1371 2918 1619 2983 sentire
1650 2940 1970 3004 queamus
1988 2967 2005 2992 ‚

220 3153 461 3228 praeter
490 3150 663 3211 enim
694 3168 895 3232 quam
925 3146 1113 3233 quod
1137 3147 1389 3212 morbis
1421 3169 1570 3212 cum
1601 3146 1907 3235 corporis
1938 3155 2167 3233 aegret
2187 3195 2202 3221 ‚

101 3270 174 3315 ⁸25
216 3256 462 3326 advenit
485 3262 557 3327 id
587 3261 779 3348 quod
808 3283 953 3326 eam
982 3261 1068 3327 de
1096 3262 1301 3327 rebus
1331 3284 1536 3351 saepe
1563 3262 1807 3327 futuris

217 3385 480 3441 macerat
506 3378 713 3463 inque
740 3385 927 3443 metu
950 3378 1121 3441 male
1150 3377 1361 3443 habet
1390 3379 1704 3463 curisque
1730 3377 1971 3465 fatigat
1987 3428 2003 3455 ‚

216 3493 704 3578 praeteritisque
733 3493 903 3556 male
933 3491 1243 3557 admissis
1272 3501 1556 3581 peccata
1583 3492 1974 3557 remordent
1992 3543 2007 3559 .

217 3601 373 3669 adde
400 3605 695 3673 furorem
725 3608 923 3671 animi
949 3608 1296 3697 proprium
1326 3616 1531 3694 atque
1561 3608 1807 3672 oblivia
1832 3630 2054 3673 rerum
2073 3659 2089 3685 ,

215 3716 370 3785 adde
398 3720 584 3807 quod
611 3723 680 3786 in
706 3722 934 3809 nigras
962 3722 1250 3809 lethargi
1273 3724 1595 3809 mergitur
1621 3722 1841 3788 undas
1860 3773 1874 3788 .

100 3842 170 3890 8³⁰
283 3833 386 3901 Nil
409 3837 614 3924 igitur
640 3858 826 3902 mors
856 3845 960 3902 est
987 3837 1078 3902 ad
1105 3859 1233 3902 nos
1260 3859 1481 3924 neque
1509 3838 1802 3926 pertinet
1829 3839 2034 3904 hilum
2052 3889 2068 3914 ‚

216 3950 740 4038 quandoquidem
769 3960 1012 4018 natura
1040 3953 1236 4018 animi
1262 3954 1562 4019 mortalis
1589 3953 1878 4019 habetur
1896 4003 1910 4017 .

218 4162 257 4169 —

532 4168 599 4175 ‘m-

220 4257 308 4307 790
343 4255 502 4320 Quod
550 4260 573 4328 ΙΙ
617 4265 718 4312 798
754 4261 966 4330 perisse
1014 4259 1036 4329 ΙΙ
1073 4265 1172 4314 800
1208 4260 1483 4314 mortalem
1520 4261 1542 4329 ΙΙ
1580 4267 1677 4313 804
1715 4263 1961 4332 peranni.
1999 4261 2020 4331 ΙΙ
2057 4269 2154 4316 805
2192 4262 2366 4317 salvas
2404 4264 2424 4330 ΙΙ

221 4340 956 4408 806-818=v‚351—363.
993 4345 1015 4413 ΙΙ
1066 4349 1166 4398 820
1202 4343 1446 4398 vitalibus
1486 4345 1507 4412 ΙΙ
1556 4349 1656 4396 824
1693 4346 1916 4400 mox-bist
1954 4345 1976 4414 ΙΙ
2024 4348 2218 4417 aegrit.
2255 4344 2276 4414 ΙΙ
2326 4351 2425 4398 826

220 4417 439 4476 Macci-et
472 4426 495 4494 ΙΙ
533 4430 634 4479 829
672 4426 819 4480 Addi
