3042 5192
613 453 754 519 262
1678 449 1778 516 IV

611 625 982 688 Tuumnn
1022 645 1291 698 Arous
1337 645 1517 687 mus
1567 645 1878 686 cnnnno
1926 645 2378 688 runsmusn
2423 647 2642 689 xcrn.
2716 627 2834 690 Ictu

609 725 735 786 eius
763 771 782 804 ,
836 722 1091 786 scilicet
1120 722 1285 784 aeris
1317 769 1329 781 .
1383 720 1506 785 scd
1552 729 2069 807 praecesserant
2098 723 2308 785 aeriae
2335 746 2531 786 aurae
2563 772 2580 800 ,
2628 745 2834 807 neque

608 821 743 883 ulla
787 828 893 883 est
920 819 1215 882 Lucretii
1253 818 1320 880 'm
1364 817 1498 881 hoc
1543 839 1789 902 genere
1830 820 2292 905 neglegentia:
2343 843 2497 884 nam
2528 820 2711 905 quod
2741 830 2834 884 est

608 920 676 981 in
709 942 751 994 1,
768 917 890 981 352
909 967 925 992 ‚
965 919 1254 981 Crescunt
1281 918 1531 980 arbusta
1742 966 1759 996 ‚
1799 918 1978 996 Quod
2005 919 2171 981 cibus
2196 919 2262 981 in
2291 930 2443 982 totas
2470 920 2834 1007 daffimditur,

609 1015 680 1078 id
721 1016 835 1079 vix
875 1015 1066 1079 aliter
1111 1014 1241 1077 dici
1282 1016 1505 1099 potuit
1538 1062 1553 1088 ‚
1607 1036 1733 1078 nec
1773 1015 1966 1078 facile
2011 1017 2296 1080 sentitur
2323 1064 2339 1089 ,
2388 1039 2539 1080 cum
2583 1039 2715 1081 non
2757 1018 2833 1080 sit

611 1112 944 1177 adjectum
987 1116 1052 1176 in
1092 1137 1194 1176 eas
1229 1162 1242 1175 .
1299 1135 1459 1198 ergo
1504 1112 1932 1177 scribendum
1975 1113 2084 1176 hic
2128 1123 2234 1176 est
2274 1126 2455 1201 alque
2496 1137 2596 1177 An
2637 1138 2833 1178 mus.

611 1212 719 1276 vel
758 1261 772 1286 ‚
803 1213 859 1275 si
887 1212 1021 1275 hoc
1048 1212 1258 1274 mavis
1287 1260 1301 1286 ‚
1347 1234 1506 1297 aque
1536 1212 1668 1275 ibus
1700 1260 1712 1273 .
1759 1213 1846 1274 eis
1871 1211 1980 1273 vel
2007 1213 2086 1273 iis
2116 1210 2380 1275 ‹luabus
2410 1212 2685 1298 syllabis
2714 1213 2832 1275 Lu-

612 1311 860 1374 cretius
904 1331 1233 1394 nusquam
1276 1311 1526 1374 utitur:
1578 1311 1656 1373 iis
1699 1308 2212 1395 monosyllabon
2250 1310 2402 1374 libri
2445 1310 2832 1395 aliquotiens

613 1407 935 1471 exhibent
954 1458 968 1483 ,
1013 1408 1284 1493 saepius
1310 1408 1449 1488 lai-3,-
1490 1410 1568 1470 iis
1596 1414 1881 1490 uterque
1910 1429 2000 1482 vt,
2020 1406 2177 1471 1212
2198 1457 2212 1482 ‚
2256 1408 2633 1492 quadratus
2662 1410 2833 1482 111‚34

612 1507 733 1569 267
765 1529 853 1580 iv,
867 1506 991 1570 238
1020 1529 1081 1582 v,
1101 1507 1258 1570 1091
1298 1505 1490 1580 13123
1519 1507 1589 1569 in
1622 1528 1707 1580 w,
1729 1505 1885 1569 1154
1911 1505 2243 1591 oblongus
2272 1507 2487 1592 prima
2514 1529 2712 1571 manu
2738 1511 2832 1586 iis,

614 1602 987 1686 quadratus
1029 1605 1083 1666 is
1112 1604 1243 1686 (ita
1270 1603 1339 1665 in
1367 1601 1708 1666 Aeneidos
1748 1625 1837 1677 ιχ,
1850 1603 1973 1666 274
2002 1602 2349 1668 Mediceus
2381 1607 2643 1691 Insuper
2666 1608 2749 1684 ie,
2774 1607 2833 1668 in

619 1700 816 1763 Ennii
845 1722 1048 1763 versu
1079 1701 1143 1764 Is
1171 1724 1407 1786 pemas
1436 1700 1619 1788 apud
1648 1699 1922 1764 Festum
1949 1702 2171 1787 p.305,
2191 1703 2267 1766 19
2305 1705 2418 1768 ubi
2463 1703 2648 1789 apud
2676 1703 2829 1767 Pau-

614 1799 749 1861 lum
781 1807 888 1862 est
917 1799 1059 1883 llis)
1079 1847 1094 1872 ‚
1123 1800 1192 1862 in
1223 1823 1265 1873 1,
1280 1800 1362 1864 80
1396 1799 1772 1885 quadratus
1801 1801 1869 1862 in
1896 1800 1966 1862 les
1993 1801 2171 1863 rebus
2200 1848 2213 1862 .
2256 1800 2381 1864 sed
2410 1803 2603 1866 isdem
2629 1823 2715 1865 ne
2742 1823 2827 1864 sc-

615 1897 745 1959 mel
775 1896 1044 1981 quidem
1073 1898 1496 1961 membranae
1521 1923 1537 1974 ς
1570 1920 1780 1982 quare
1807 1919 1943 1962 non
1976 1899 2186 1962 ausim
2216 1899 2437 1964 doctis
2468 1901 2827 1965 hominibus

613 1994 936 2058 adsentiri
969 2044 983 2066 ,
1030 1996 1270 2080 quibus
1310 1997 1407 2059 ita
1448 1997 1742 2061 scribere
1784 1997 2033 2081 placuit
2074 1998 2142 2060 in
2185 1999 2390 2074 11,693
2421 2006 2490 2063 et
2516 2001 2585 2063 in
2613 2022 2677 2075 v,
2692 2000 2826 2064 349.

618 2093 751 2156 ibus
777 2094 846 2155 in
875 2094 1040 2166 11‚88
1068 2093 1321 2178 primus
1351 2102 1534 2157 recte
1566 2093 1756 2159 dedit
1784 2094 2287 2182 Havercampus
2306 2146 2321 2170 ‚
2348 2096 2659 2182 idemque
2688 2099 2826 2162 scri-

614 2189 904 2254 bendum
956 2198 1060 2254 est
1101 2192 1170 2253 in
1209 2192 1381 2255 libro
1415 2193 1642 2266 v1‚755
1679 2242 1691 2255 .
1740 2192 1920 2276 apud
1950 2193 2258 2257 Plautum
2300 2197 2379 2259 iis
2418 2196 2530 2258 vel
2572 2198 2656 2259 eis
2692 2218 2824 2260 raro

615 2289 1014 2375 disyllabum
1058 2297 1162 2353 est
1205 2291 1431 2376 priore
1472 2292 1661 2355 brevi
1690 2339 1705 2365 ,
1746 2299 1824 2355 ut
1862 2292 1932 2353 in
1960 2291 2260 2355 Poenulo
2291 2316 2332 2366 ι,
2355 2293 2504 2368 ’1,39
2537 2295 2686 2358 Sata*
2709 2307 2826 2358 erui!

614 2390 888 2451 trecenti.
931 2389 1084 2473 quid
1121 2389 1200 2451 iis
1224 2388 1581 2475 sactemc’s?
1620 2401 1782 2453 tace.
1823 2389 1891 2452 in
1930 2387 2263 2453 Rudentis
2305 2392 2593 2476 prologo
2626 2394 2702 2455 73
2732 2395 2820 2456 Se·

616 2488 755 2558 ‚dent
781 2486 982 2564 eiecti,
1013 2488 1186 2548 navis
1216 2485 1587 2572 confracta-st
1613 2490 1715 2550 iis.
1757 2488 1825 2550 in
1858 2486 2255 2551 Curculione
2286 2490 2438 2562 111‚3
2470 2491 2659 2554 Dives
2680 2514 2818 2556 sum,

611 2585 666 2645 .ςὶ
691 2606 812 2646 non
841 2583 1029 2647 reddo
1058 2585 1143 2646 eis
1172 2585 1373 2670 quibu'
1405 2586 1586 2649 debeo
1603 2635 1616 2648 .
1647 2585 1773 2649 sed
1796 2585 2253 2669 quaerendum
2282 2595 2448 2673 puto
2477 2597 2697 2651 utrum
2722 2588 2817 2650 ali-

616 2679 890 2764 quando
934 2682 1077 2744 eieis
1120 2680 1407 2746 dixerit.
1458 2693 1641 2748 certe
1679 2685 1748 2747 in
1777 2684 2231 2748 Menaechmis
2269 2685 2464 2760 v‚6,7
2495 2686 2816 2750 Baccliiaci

617 2778 864 2862 optime
905 2778 1287 2863 procedunt
1315 2828 1330 2855 ‚
1376 2783 1754 2845 Recordetur
1808 2784 1877 2845 id
1890 2832 1905 2858 ‚
1961 2786 2072 2847 nili
2129 2787 2235 2869 qui
2275 2796 2445 2863 svam,
2504 2787 2654 2872 quid
2700 2786 2818 2848 eieezs

616 2878 785 2942 Preti
822 2880 998 2943 detur
1034 2880 1111 2942 ab
1150 2882 1276 2943 suis
1315 2884 1436 2945 eris
1464 2930 1477 2944 .
1539 2883 1607 2944 in
1650 2881 1948 2967 Captivis
1996 2881 2232 2956 11‚2‚30
2276 2880 2629 2967 legendum
2672 2891 2821 2968 puto·

623 2977 778 3039 Tum
805 2977 992 3061 iyitur
1020 2979 1077 3041 ei
1098 3026 1115 3057 ,
1160 3000 1340 3064 quom
1369 2980 1434 3041 in
1465 2980 1607 3042 eicis
1635 2989 1803 3042 canta
1825 2981 2087 3063 ,qratia-st
2112 2991 2182 3043 ut
2192 2982 2530 3064 praedicas
2544 3030 2561 3060 ‚
2591 2981 2695 3045 ubi
2720 3002 2806 3042 ve-

615 3082 722 3139 tus
759 3074 977 3139 codex
1006 3075 1215 3140 habet
1243 3080 1308 3139 in
1345 3079 1496 3141 aleis
1531 3127 1543 3139 .
1592 3076 1837 3141 ibidem
1869 3077 2164 3152 111‚4,23‚
2202 3080 2315 3143 ubi
2346 3079 2602 3144 Parcus
2627 3081 2691 3143 in
2720 3099 2806 3141 ve-

613 3180 757 3237 tere
788 3175 888 3237 liis
915 3173 1022 3236 vel
1050 3174 1144 3237 lais
1169 3195 1317 3237 esse
1349 3173 1512 3237 dicit
1532 3222 1547 3249 ,
1579 3173 1896 3238 credibile
1928 3184 2033 3240 est
2059 3175 2265 3240 fuisse
2290 3178 2522 3257 Quibus
2548 3178 2809 3262 immaturi

611 3273 795 3335 saluti
816 3271 951 3358 snit
980 3284 1160 3358 atque
1190 3274 1298 3335 eiis
1324 3271 1570 3358 profuit
1598 3321 1611 3335 .
1662 3272 1951 3357 denique
1980 3275 2112 3338 ibus
2140 3273 2369 3360 priore
2401 3285 2703 3361 correpta
2727 3283 2803 3337 est

613 3369 678 3430 in
709 3391 911 3432 versu
941 3368 1166 3432 Titinii
1210 3368 1395 3455 apud
1423 3369 1715 3434 Nonium
1744 3395 1807 3456 p.
1827 3372 2057 3446 486‚17
2091 3373 2197 3437 Eu
2224 3380 2457 3438 θοαῖς-τον
2493 3377 2549 3438 εἰ
2574 3378 2806 3438 moreium

611 3468 738 3528 sicis
765 3466 982 3529 a'mbae
1011 3467 1129 3528 ihu’
1160 3490 1287 3550 pro
1314 3479 1384 3532 ut
1409 3491 1517 3553 290
1546 3470 1813 3532 moribus
1826 3496 1851 3551 ‚-
1879 3470 1991 3533 ubi
2025 3470 2297 3534 codices
2324 3483 2392 3535 ut
2406 3496 2532 3557 pro
2561 3496 2691 3558 eqo,
2709 3493 2803 3556 pro

613 3574 680 3626 uc
707 3587 814 3648 eqo
843 3563 1269 3627 Hermannus
1297 3565 1364 3627 in
1400 3567 1742 3650 opusculis
1773 3616 1788 3638 ‚
1822 3575 2003 3631 tomo
2034 3592 2078 3632 v
2106 3590 2169 3653 p.
2186 3569 2310 3632 ‘270
2331 3619 2344 3632 .
2377 3571 2512 3633 ibus
2538 3570 2799 3652 ambigua

613 3662 987 3746 quantitate
1020 3683 1102 3725 ex
1132 3661 1501 3749 Pomponio
1534 3664 1777 3729 ibidem
1802 3712 1816 3732 ,
1849 3666 2038 3729 Nunc
2066 3668 2311 3752 quando
2342 3669 2581 3731 voluisti
2587 3669 2799 3755 facere,

593 3759 716 3846 fac
757 3760 1048 3844 voluptati
1089 3762 1206 3824 sies
1236 3762 1379 3825 Ibus
1417 3764 1526 3826 vel
1565 3765 1647 3825 sis
1684 3764 1816 3826 ibus
1840 3811 1858 3842 ‚
1912 3764 2074 3827 etin
2106 3775 2499 3849 argumento
2531 3765 2797 3852 Captivo-

614 3881 754 3921 rum
775 3907 790 3934 ‚
823 3858 909 3923 Et
935 3860 1000 3921 in
1031 3860 1161 3922 ibus
1191 3861 1333 3923 emit
1360 3863 1505 3925 olim
1535 3863 1822 3925 amissum
1848 3862 2062 3950 filium
2089 3911 2101 3923 .
2148 3863 2371 3949 priore
2413 3864 2725 3951 producta
2746 3861 2792 3922 in

614 3957 1013 4020 Curculione
1055 3979 1143 4037 lv,
1158 3957 1214 4031 2,
1230 3957 1311 4022 20
1355 3959 1591 4023 Eodem
1630 3960 1829 4024 hercle
1869 3984 1970 4024 vos
1998 3985 2167 4046 pono
2197 3973 2252 4026 et
2278 3987 2482 4048 paro.-
2506 3958 2794 4049 pansa-mni

610 4057 744 4119 estis
771 4055 943 4118 bibus
971 4104 988 4133 ,
1030 4056 1098 4118 in
1135 4054 1348 4119 Milite
1394 4080 1436 4131 1,
1456 4058 1603 4133 l‚74
1639 4059 1933 4122 Latronis
1964 4108 1982 4138 ,
2026 4060 2157 4123 ihu-s·
2197 4062 2577 4126 denumerem
2613 4061 2789 4144 stipen-

611 4156 780 4217 dium
795 4202 813 4233 ‚
842 4155 910 4216 in
942 4152 1356 4218 Truculento
1390 4179 1433 4231 1,
1450 4155 1508 4231 2,
1532 4157 1606 4220 17
1639 4157 1788 4220 lbist
1814 4156 1947 4219 ibus
1964 4161 2215 4242 pziynae
2244 4171 2300 4222 et
2324 4161 2531 4222 viriati
2556 4160 2623 4222 de
2638 4160 2786 4242 prde-

610 4254 864 4317 dom'lnis
893 4255 1205 4338 praedam
1250 4260 1500 4339 ccipere.
1550 4256 1618 4318 in
1661 4255 1905 4340 glossis
1935 4255 2223 4330 Placidi,
2260 4258 2329 4319 in
2362 4256 2643 4321 classicis
2667 4273 2786 4315 auc·

612 4352 870 4414 toribus
891 4351 1084 4426 Maii,
1117 4359 1298 4416 tomo
1330 4376 1408 4416 111
1439 4377 1502 4438 p.
1519 4354 1643 4416 475
1669 4361 1737 4417 et
1764 4355 1832 4417 in
1854 4376 1923 4415 νι
1948 4376 2011 4438 p.
2031 4354 2150 4416 565
2171 4404 2185 4428 ,
2224 4355 2470 4430 mucis,
2498 4357 2564 4418 id
2580 4351 2788 4416 estillic

610 4448 965 4532 legendum
998 4456 1104 4512 est
1135 4450 1278 4512 Ibus
1294 4499 1312 4529 ,
1337 4451 1462 4530 his,
1493 4453 1566 4513 id
1592 4464 1675 4515 esc
1700 4453 1825 4516 illi-5
1850 4501 1861 4512 .
