3042 5192
1332 481 1363 549 I

219 673 362 716 nam
395 651 676 739 quidvis
708 652 903 717 citius
934 651 1212 719 dissolvi
1241 676 1446 741 posse
1473 656 1777 724 videmus
1873 687 1878 690 ·

220 789 413 853 quam
443 790 691 833 rursus
718 767 933 845 refici3
960 790 1091 855 qua
1118 777 1400 857 propter
1427 771 1632 859 longa
1661 772 1793 837 diei

222 882 479 947 infinita
508 890 702 947 aetas
731 891 889 947 ante
918 884 1050 948 acti
1077 886 1400 971 temporis
1431 889 1644 953 omnis

220 996 407 1083 quod
434 997 755 1083 fregisset
783 996 1005 1062 adhuc
1036 997 1424 1065 disturbans
1455 1000 1972 1089 dissoluensque
1992 1054 2006 1079 ‚

93 1131 171 1176 560
216 1135 580 1198 numquam
610 1113 861 1177 relicuo
890 1115 1194 1200 reparari
1222 1123 1526 1202 tempore
1557 1126 1791 1202 posset
1808 1168 1821 1181 .

220 1237 287 1293 at
310 1250 501 1292 nunc
518 1276 535 1304 ‚
558 1229 628 1291 ni
655 1228 892 1291 mirum
908 1277 926 1303 ‚
944 1227 1298 1314 frangendi
1326 1228 1596 1295 reddita
1620 1232 1769 1296 finis

218 1352 408 1408 cert-a
434 1351 699 1419 manet,
722 1343 1037 1429 quoniam
1064 1342 1248 1407 refici
1274 1365 1415 1408 rem
1447 1367 1779 1432 quamque
1808 1346 2109 1412 videmus

221 1468 286 1523 et
308 1458 507 1523 finita
535 1457 734 1522 simul
758 1459 1126 1544 generatim
1155 1465 1462 1544 tempora
1489 1461 1692 1525 rebus

219 1584 403 1639 stare
420 1623 437 1649 ,
462 1573 706 1659 quibus
734 1574 1004 1659 possint
1031 1574 1179 1638 aevi
1209 1575 1597 1661 contingere
1627 1574 1857 1643 florem
1878 1627 1891 1639 .

90 1706 175 1751 565
222 1689 347 1753 huc
382 1686 649 1753 accedit
673 1689 773 1752 uti
790 1737 808 1763 ‚
831 1686 1230 1753 solidissima
1258 1691 1556 1754 materiai

226 1825 515 1891 corpora
542 1825 692 1867 cum
723 1810 1071 1881 constant,
1093 1805 1360 1890 possint
1388 1815 1612 1870 tamen
1641 1807 1861 1870 omnia
1888 1806 2082 1871 reddi

224 1919 443 1984 mollia
474 1940 649 2005 quae
677 1918 847 1983 fiunt
864 1967 879 1994 ‚
903 1924 1018 1982 aer
1035 1968 1051 1995 ,
1074 1940 1252 2005 aqua
1268 1968 1283 1993 ‚
1306 1927 1490 1984 terra
1506 1970 1521 1997 ‚
1544 1942 1836 2008 vapores
1855 1971 1903 2003 ‚,

92 2051 176 2095 569
226 2033 595 2099 admixtum
623 2033 936 2119 quoniam
968 2033 1173 2099 semel
1202 2042 1307 2099 est
1333 2035 1401 2098 in
1429 2037 1633 2100 rebus
1659 2038 1891 2101 inane:

223 2158 292 2213 at
318 2156 565 2213 contra
594 2149 650 2213 si
677 2148 903 2213 mollia
929 2149 1066 2214 sint
1094 2147 1462 2235 primordia
1488 2172 1712 2215 rerum
1730 2201 1747 2227 ‚

223 2262 400 2327 unde
431 2272 687 2350 queant
713 2263 918 2328 validi
947 2264 1165 2328 silices
1193 2263 1576 2351 ferrumque
1607 2267 1818 2331 creari

224 2400 357 2443 non
386 2379 645 2465 poterit
671 2379 843 2443 ratio
872 2377 1100 2469 reddi:
1122 2399 1276 2443 nam
1304 2378 1610 2446 funditus
1641 2381 1852 2445 omnis

228 2495 546 2581 principio
578 2492 993 2558 fundamenti
1020 2500 1264 2558 natura
1293 2495 1549 2560 carebit
1565 2545 1608 2573 ·.

226 2618 377 2673 sunt
403 2610 611 2696 igitur
641 2607 858 2673 solida
886 2608 1208 2695 pollentia
1235 2609 1656 2695 simplicitate
1674 2661 1691 2686 ‚

89 2739 177 2785 575
229 2746 503 2810 quorum
535 2722 880 2788 condenso
908 2724 1120 2810 magis
1150 2725 1368 2788 omnia
1398 2726 1754 2790 conciliatu

227 2840 425 2904 artari
454 2846 742 2926 possunt
767 2838 1163 2925 validasque
1193 2839 1550 2904 ostendere
1579 2841 1738 2904 viris
1757 2889 1770 2904 .

306 2954 522 3018 Porro
550 2955 608 3017 si
634 2954 884 3018 nullast
909 2952 1299 3041 frangendis
1328 2953 1598 3019 reddita
1628 2950 1776 3019 finis

229 3069 654 3155 corporibus,
674 3078 900 3134 tamen
928 3091 1013 3133 ex
1044 3078 1318 3135 aeterno
1352 3078 1655 3155 tempore
1688 3069 2016 3154 quaedam

227 3205 395 3248 nunc
427 3185 626 3249 etiam
653 3204 973 3271 superare
1000 3196 1348 3250 necessest
1377 3204 1667 3270 corpora
1693 3184 1896 3249 rebus
1917 3233 1931 3257 ‚

87 3315 176 3361 580
227 3320 391 3385 quae
417 3321 559 3363 non
589 3298 747 3364 dum
776 3299 1043 3364 clueant
1070 3299 1206 3364 ullo
1236 3306 1565 3385 temptata
1592 3298 1877 3384 periclo:

228 3422 295 3479 at
324 3415 637 3500 quoniam
663 3413 878 3501 fragili
905 3422 1150 3479 natura
1176 3413 1487 3501 praedita
1515 3421 1830 3478 constant
1849 3462 1863 3489 ‚

227 3527 570 3616 discrepat
596 3539 940 3595 aeternum
965 3536 1233 3616 tempus
1263 3529 1566 3615 potuisse
1595 3550 1863 3593 manere

225 3644 805 3709 innumerabilibus
834 3644 1049 3730 plagis
1076 3652 1323 3710 vexata
1349 3666 1472 3730 per
1501 3665 1739 3708 aevom
1756 3694 1770 3707 .

229 3757 516 3846 denique
544 3760 673 3824 iam
703 3761 1016 3845 quoniam
1043 3760 1409 3846 generatim
1436 3754 1704 3824 reddita
1729 3760 1879 3823 finis

89 3888 176 3935 5⁸5
228 3873 569 3939 crescendi
598 3874 801 3938 rebus
831 3862 1100 3939 constat
1125 3876 1463 3961 vitamque
1492 3873 1799 3949 tenendi,

89 4003 177 4050 568
230 4010 360 4075 quo
388 3997 592 4075 pacto
616 3989 781 4054 fiant
810 3997 879 4054 et
909 4011 1043 4076 qua
1069 3991 1135 4054 vi
1167 4011 1472 4076 quaeque
1500 3997 1847 4075 gerantur,

90 4119 178 4164 556
226 4112 295 4169 et
323 4103 484 4190 quid
514 4125 825 4192 quaeque
856 4112 1108 4192 queant
1135 4127 1257 4192 per
1284 4104 1564 4170 foedera
1592 4104 1886 4175 naturai,

2369 494 2453 560 21

234 4369 330 4415 562
365 4366 519 4419 refice
557 4367 579 4435 11
616 4364 828 4421 demus.
867 4368 889 4435 ΙΙ
926 4374 1025 4420 569
1052 4367 1464 4438 Admixtumque
1500 4366 1522 4434 ΙΙ
1560 4372 1658 4419 578
1695 4382 1956 4436 quaeque.
1995 4362 2016 4431 ΙΙ
2053 4369 2151 4415 580
2188 4364 2392 4417 civcant
2430 4361 2449 4428 11

234 4452 331 4500 584
364 4450 641 4520 generatin
680 4448 701 4517 ΙΙ
737 4456 834 4503 585
874 4449 1193 4505 Crescendis
