3042 5192
1324 453 1418 522 III
2340 462 2474 531 193

231 628 466 692 risium
499 627 735 713 p.114‚
776 627 934 691 item
964 627 1033 690 in
1073 625 1364 691 Hercule
1401 628 1560 693 1095
1604 628 1892 703 Seneca,
1933 642 2218 718 quattuor
2258 633 2479 700 littera

231 751 276 791 a
303 734 427 792 aut
455 726 932 813 praetermissa
953 733 1074 789 aut
1101 726 1169 790 in
1194 735 1679 792 consonantem
1703 726 1945 792 durata
1961 778 1975 792 .
2007 752 2226 815 neque
2258 738 2479 797 tamen

231 827 371 891 ullo
411 824 620 890 modo
667 822 985 887 credibile
1015 832 1123 888 est
1152 824 1619 889 Germanicum
1648 825 2001 890 Caesarem
2036 828 2106 891 in
2132 829 2345 895 Arato
2378 831 2475 896 di-

229 925 414 989 xisse
452 924 726 989 Graecia
754 945 1172 1008 praecurram
1205 925 1411 1008 potia-s·
1427 946 1625 1010 *quam
1654 926 1967 1011 m‘anqula
1994 927 2196 991 dicam
2215 976 2234 1006 ,
2287 929 2475 1014 quod

231 1024 290 1088 ei
321 1021 678 1108 adfingunt
707 1019 979 1085 codices
1008 1019 1332 1085 Prisciani
1361 1044 1425 1108 p.
1447 1021 1647 1085 1358:
1685 1023 2103 1088 verissimum
2130 1022 2335 1090 fuerit
2362 1051 2474 1091 cur

229 1124 414 1187 divite
454 1122 668 1206 linqua
703 1120 951 1185 Graeca
977 1142 1214 1204 param
1253 1142 1491 1199 curem,
1523 1121 1851 1207 potiusque
1889 1122 2201 1206 aianqtda
2239 1123 2473 1192 dicam.

231 1220 531 1308 Sulpicia
571 1239 842 1304 quoque
881 1215 1229 1302 indignum
1270 1224 1377 1280 est
1416 1215 1604 1301 quod
1642 1217 1886 1303 legitur
1925 1219 1996 1282 in
2050 1221 2256 1284 satira
2297 1222 2437 1287 eius
2456 1272 2472 1299 ,

229 1320 374 1384 Nec
400 1319 671 1382 tn‘metro
710 1315 910 1379 iambo
936 1338 1048 1379 nec
1077 1315 1184 1401 qui
1208 1314 1370 1400 pede
1392 1314 1645 1402 fractus·
1675 1316 1883 1380 eodem
1907 1342 1934 1398 ,-
1973 1338 2145 1403 quae
2186 1319 2346 1384 mihi
2374 1322 2470 1386 vi·

231 1416 434 1481 detur
464 1413 815 1501 scripsisse
844 1413 985 1477 Neo
1022 1413 1327 1493 metro,
1364 1436 1476 1477 nec
1502 1415 1613 1500 qui
1631 1413 1883 1500 fractus
1907 1416 2069 1500 pede
2105 1418 2345 1483 {ambus
2371 1443 2470 1485 eo-

229 1516 368 1579 dem
401 1512 667 1577 Fortiter
692 1513 884 1576 irasci
912 1511 1128 1574 didicit
1151 1510 1305 1574 duce
1340 1507 1723 1575 Clazomenio
1754 1560 1767 1575 .
1825 1514 2132 1578 scaenica
2169 1516 2470 1595 licentia,

229 1634 352 1698 per
384 1609 876 1699 diphthongum
906 1657 922 1684 ‚
965 1608 1092 1672 nisi
1120 1606 1352 1685 fallor,
1380 1607 1675 1674 Lucilius
1705 1609 1889 1696 apud
1917 1609 2207 1677 Nonium
2235 1638 2299 1701 p.
2321 1616 2464 1698 19‚1

230 1713 309 1777 In
336 1722 506 1775 terra
530 1708 668 1796 suit
693 1707 1004 1795 lumfaqus
1018 1756 1037 1788 ‚
1081 1714 1150 1771 et
1178 1730 1240 1793 p.
1257 1705 1356 1783 26,
1370 1706 1410 1770 5
1449 1708 1820 1793 Cmspmem
1862 1718 1972 1773 aut
1994 1734 2212 1776 varam
2233 1713 2434 1801 fuisse
2450 1765 2469 1797 ,

227 1809 406 1875 idem
450 1805 634 1893 apud
665 1806 1051 1871 Ciceronem
1096 1804 1181 1869 de
1225 1804 1468 1870 finibus
1499 1805 1599 1881 1‚9
1630 1806 1913 1871 Malui-sti
1938 1808 2065 1872 dici
2105 1818 2175 1874 et
2201 1811 2283 1875 Id
2308 1816 2474 1900 quod

225 1908 501 1972 mamis&
516 1956 532 1970 .
554 1905 661 1969 his
685 1904 885 1991 paulo
913 1902 1291 1969 laudatiora
1313 1911 1470 1968 sunt
1493 1924 1668 1989 quae
1689 1902 1759 1966 in
1784 1928 1850 1968 m
1874 1904 2165 1972 litteram
2188 1920 2467 1978 exeunt:

227 2027 450 2092 neque
482 2025 562 2069 ea
591 2003 679 2069 ad
719 2003 852 2068 hoc
891 2024 1103 2089 genus
1143 2002 1514 2088 pertinent,
1558 2002 1615 2066 si
1641 2022 1875 2066 verum
1919 2012 2027 2069 est
2056 2007 2244 2091 quod
2274 2009 2363 2074 ad
2390 2011 2466 2075 li-

224 2107 426 2170 brum
455 2103 661 2179 11,991
697 2100 868 2176 dixi,
908 2102 976 2165 in
1018 2101 1124 2166 his
1156 2122 1308 2165 esse
1352 2100 1678 2188 syllabam
1714 2109 1956 2165 natura
1997 2103 2295 2190 longam.
2340 2110 2465 2173 ita-

229 2225 363 2290 que
395 2204 601 2267 avium
630 2199 892 2265 duabus
933 2199 1151 2285 longis
1181 2198 1457 2285 syllabis
1484 2197 1743 2262 Ennius
1775 2197 1976 2276 dixit,
2017 2203 2244 2266 Avium
2270 2229 2463 2290 prae-

216 2303 461 2390 petibus
479 2349 498 2382 ,
540 2298 722 2388 apud
753 2298 1140 2363 Ciceronem
1162 2295 1256 2372 ,de
1288 2295 1696 2360 divinatione
1726 2318 1770 2371 1,
1796 2297 1946 2372 108,
1974 2298 2132 2363 item
2164 2299 2465 2368 Catullus

225 2401 529 2468 similiter
564 2399 910 2464 Cama-ium
936 2396 1089 2460 mihi
1103 2397 1411 2482 pessimae
1426 2396 1679 2481 puellae
1690 2443 1711 2475 ,
1743 2401 1810 2459 et
1836 2395 2162 2462 Horatius
2192 2399 2307 2464 Vos
2334 2403 2467 2468 lene

225 2500 547 2567 consilinm
574 2508 633 2561 el
655 2497 813 2561 datis
842 2506 898 2560 et
924 2496 1066 2560 dato
1081 2544 1099 2574 ,
1144 2493 1312 2559 Hinc
1341 2516 1514 2558 omne
1547 2495 1931 2580 principium
1967 2494 2086 2561 huc
2127 2498 2295 2586 refer
2335 2504 2463 2565 exi-

223 2612 354 2664 mm
383 2647 397 2661 .
442 2597 513 2660 in
538 2595 647 2659 his
675 2597 701 2658 i
728 2595 1016 2659 litteram
1043 2593 1480 2679 pinguescere
1508 2592 1936 2679 perspicuum
1968 2603 2071 2659 est
2092 2645 2106 2659 .
2161 2619 2368 2682 quare
2396 2601 2465 2664 in

229 2695 513 2760 Graecis
555 2692 755 2757 huius
782 2690 966 2756 modi
987 2690 1152 2755 nihil
1180 2689 1554 2755 admittitur
1580 2714 1595 2754 τ
1646 2711 1800 2754 nam
1830 2691 2225 2759 Pharsaliam
2253 2709 2469 2765 coeunt

227 2793 498 2859 Catullo
527 2791 831 2877 imperite
862 2812 1000 2855 non
1041 2790 1203 2854 nulli
1232 2788 1743 2875 adscripserunt
1771 2813 1786 2852 ι
1831 2789 1954 2854 sed
1980 2791 2050 2855 in
2077 2792 2333 2861 Latinis
2364 2821 2463 2863 co-

220 2893 482 2958 ‚mbimn
521 2889 875 2954 Lucretius
918 2912 980 2965 v,
1002 2888 1158 2954 1013
1203 2895 1272 2953 et
1314 2887 1617 2952 Catullus
1661 2887 1760 2964 62,
1779 2888 1859 2951 57
1890 2887 2207 2956 dixerunt
2246 2894 2463 2960 tribus

225 2990 511 3079 syllabis
529 3037 546 3065 ‚
584 2987 867 3052 Ovidius
896 2999 954 3053 et
977 2989 1156 3074 spissi
1183 2988 1377 3052 litoris
1403 2988 1660 3051 Antium
1686 2987 2321 3073 metamorphoseon
2349 3016 2461 3069 xv,

221 3090 351 3155 '718
368 3138 385 3163 ,
425 3087 760 3152 Iuvenalis
803 3087 1010 3151 satira
1038 3085 1223 3162 v1,82
1266 3086 1551 3150 comitata
1591 3095 1677 3149 est
1702 3085 1918 3170 qupia
1952 3087 2221 3168 ludium,
2264 3088 2460 3154 Luci-

219 3189 352 3253 lius
401 3187 555 3252 Inde
597 3184 1080 3251 Dicaearchimn
1117 3184 1383 3271 pop-ulos
1420 3183 1768 3270 Delumque
1822 3184 2119 3248 minorem
2149 3233 2163 3247 .
2217 3185 2350 3250 hoc
2391 3187 2462 3251 in

219 3287 414 3353 Festi
443 3283 678 3350 codice
706 3306 770 3370 p.
789 3284 907 3348 122
938 3283 1261 3369 scriptum
1290 3290 1395 3347 est
1415 3283 1893 3346 diciarckicmn:
1918 3302 2142 3347 veram
2171 3284 2462 3369 genetivi

220 3387 514 3451 formam
564 3382 970 3448 confirmabo
1022 3381 1111 3447 ad
1152 3382 1392 3446 librum
1443 3379 1601 3457 v‚85
1633 3429 1647 3443 .
1716 3380 2095 3446 Dicarcheo-9
2138 3381 2298 3446 Silio
2344 3392 2462 3449 aut

223 3484 449 3548 Statio
472 3481 746 3567 placere
766 3481 991 3567 potuit
1007 3529 1023 3557 ‚
1053 3502 1190 3545 non
1210 3479 1503 3544 Lucilio:
1526 3478 2019 3545 Dicaearchemn
2032 3528 2050 3559 ,
2075 3479 2262 3564 quod
2283 3481 2458 3546 Mul-

219 3584 408 3647 lerus
437 3579 631 3656 fecit,
659 3579 973 3644 Latinum
1003 3599 1153 3643 esse
1183 3599 1357 3663 nego
1377 3626 1393 3653 ,
1437 3597 1658 3661 neque
1686 3578 1867 3642 dewm
1892 3578 2427 3665 monosyllabum
2444 3629 2459 3653 ,

223 3678 417 3767 quod
457 3678 568 3742 ille
598 3700 641 3743 a
667 3700 741 3742 se
783 3677 1170 3765 saepissime
1211 3677 1642 3742 observatum
1683 3674 1915 3740 scribit
1942 3724 1958 3752 ,
1999 3683 2193 3739 extra
2219 3698 2460 3742 versus

221 3778 577 3845 scaenicos
622 3778 975 3863 quisquam
1020 3775 1191 3840 dixit
1217 3825 1231 3839 .
1277 3781 1657 3862 posuerunt
1694 3782 1918 3839 tamen
1957 3775 2219 3839 balteum
2258 3783 2326 3839 et
2365 3777 2459 3840 al-

219 3902 400 3944 veum
441 3896 566 3964 per
609 3875 1084 3964 diphthongon
1129 3873 1458 3960 disyllaba
1498 3873 1900 3957 epitomator
1936 3871 2189 3936 Iliados
2227 3871 2350 3939 632
2392 3880 2461 3938 et

223 3977 489 4042 Statius
519 3973 909 4039 Thebaidos
937 3997 1000 4050 v,
1022 3975 1051 4038 1
1073 4023 1090 4050 ,
1135 3971 1259 4037 sed
1303 3972 1461 4048 soli,
1505 3992 1725 4057 neque
1765 3971 1860 4035 ita
1904 3971 2258 4056 quisquam
2306 3971 2459 4037 The-

220 4098 394 4140 seum
433 4081 553 4139 aut
589 4073 899 4160 Orphemn
941 4071 1112 4137 dixit
1142 4118 1157 4146 ,
1202 4072 1270 4135 in
1314 4070 1556 4157 quibus
1600 4093 1631 4133 e
1661 4067 1914 4135 vocalis
1946 4068 2206 4135 Graeca
2241 4091 2389 4133 cum
2418 4094 2461 4133 u

221 4172 469 4238 Latina
493 4193 634 4236 non
664 4171 801 4236 coit
821 4220 836 4235 .
1481 4172 1494 4187 “

391 4270 537 4335 919.
591 4290 1008 4345 νιΤΛΜρυΕ
1078 4290 1488 4345 anonim-:r
1524 4315 1538 4330 .
1625 4265 1832 4330 Recte
1888 4264 2264 4350 Naugerius
2321 4286 2459 4327 RE-

224 4392 550 4446 qun1r.

390 4468 536 4533 922.
567 4465 738 4533 Nnc
770 4488 1272 4533 nsssmnmmu
1315 4486 1616 4529 Nosrni
1647 4484 1795 4526 nos
1825 4483 2119 4525 Amorr
2160 4482 2457 4525 uanum.
