3042 5192
93 912 167 955 255

88 1484 167 1529 870

88 3204 174 3249 885

1336 492 1367 559 I

218 685 511 750 ossaque
545 671 623 728 et
653 663 924 727 omnino
954 684 1164 727 venas
1193 665 1542 751 partisque
1571 665 1829 730 cruoris
1847 714 1863 739 ‚

214 782 325 843 fiet
349 781 453 843 uti
483 780 684 843 cibus
716 779 932 843 omnis
949 826 966 853 ‚
991 786 1061 842 et
1089 777 1317 843 aridus
1348 787 1415 843 et
1442 780 1664 864 liquor
1692 779 1835 865 ipse
1854 829 1868 849 ,

218 915 297 958 ex
325 894 730 978 alienigenis
759 894 964 958 rebus
994 902 1306 959 constare
1337 902 1610 980 putetur
1627 943 1644 969 ‚

218 1010 483 1073 ossibus
515 1017 592 1072 et
621 1008 849 1072 nervis
877 1009 1200 1093 venisque
1230 1017 1298 1074 et
1327 1011 1649 1095 sanguine
1677 1009 1887 1074 mixto
1908 1060 1921 1073 .

218 1132 573 1210 praeterea
606 1144 784 1209 quae
814 1144 1099 1208 cumque
1130 1144 1167 1186 e
1196 1132 1379 1188 terra
1407 1146 1703 1210 corpora
1730 1135 2044 1189 crescunt

215 1240 268 1301 si
296 1247 454 1303 sunt
482 1239 557 1301 in
590 1238 795 1303 terris
812 1286 829 1312 ‚
852 1246 1097 1303 terram
1128 1248 1440 1304 constare
1468 1248 1815 1304 necessest

220 1376 297 1417 ex
326 1353 724 1439 alienigenis
741 1401 758 1428 ‚
783 1373 957 1437 quae
986 1354 1186 1418 terris
1223 1355 1616 1419 exoriuntur
1633 1404 1647 1418 .

218 1467 506 1532 transfer
532 1468 704 1531 item
721 1516 737 1543 ,
770 1466 1050 1533 totidem
1079 1470 1303 1534 verbis
1331 1479 1524 1534 utare
1553 1470 1778 1535 licebit
1795 1520 1810 1534 .

218 1585 281 1646 in
308 1584 503 1668 lignis
535 1583 604 1647 si
629 1582 891 1647 flamma
916 1584 1082 1650 latet
1108 1584 1462 1670 fumusque
1493 1586 1793 1670 cinisque
1811 1634 1828 1660 ‚

222 1719 299 1762 ex
328 1698 725 1785 alienigenis
755 1700 1129 1764 consistant
1156 1700 1337 1786 ligna
1366 1709 1743 1766 necessest.

222 1822 573 1898 praeterea
604 1812 803 1877 tellus
834 1835 1006 1899 quae
1037 1836 1327 1900 corpora
1355 1837 1640 1900 cumque
1670 1815 1819 1889 alit,
1850 1830 2053 1902 auget

223 1949 297 1991 ex
338 1928 733 2015 alienigenis
752 1978 768 2004 ‚
793 1950 965 2014 quae
996 1930 1381 2016 alienigenis
1411 1930 1719 1995 oriuntur
1737 1980 1750 1993 .

147 2073 172 2102 a
296 2042 661 2129 Linquitur
690 2043 799 2106 hic
830 2043 1159 2129 quaedam
1190 2044 1498 2109 latitandi
1527 2047 1722 2132 copia
1749 2045 1968 2109 tenvis
1985 2095 2001 2121 ‚

220 2156 285 2221 id
314 2156 502 2244 quod
532 2159 980 2243 Anaxagoras
1009 2160 1135 2224 sibi
1167 2159 1398 2234 sumit,
1421 2166 1497 2223 ut
1526 2162 1831 2225 omnibus
1861 2162 2073 2225 omnis

222 2293 325 2335 res
354 2282 558 2359 putet
586 2273 900 2337 inmixtas
929 2274 1131 2339 rebus
1162 2275 1425 2339 latitare
1444 2322 1458 2349 ,
1482 2274 1607 2338 sed
1633 2275 1798 2339 illud

223 2408 549 2473 apparere
580 2408 785 2450 unum
803 2436 820 2463 ‚
843 2388 1029 2453 cuius
1061 2389 1195 2454 sint
1220 2388 1504 2476 plurima
1532 2391 1740 2454 mixta

222 2510 283 2566 et
310 2505 527 2588 magis
556 2503 625 2565 in
652 2511 972 2589 promptu
1001 2505 1348 2590 primaque
1375 2505 1445 2568 in
1472 2504 1695 2568 fronte
1723 2506 1976 2570 locata.

223 2616 402 2702 quod
430 2626 665 2682 tamen
694 2638 735 2680 a
763 2638 923 2682 vera
950 2618 1151 2705 longe
1178 2620 1438 2683 ratione
1467 2620 1875 2706 repulsumst
1891 2671 1905 2685 .

223 2734 665 2797 conveniebat
693 2733 864 2797 enim
889 2732 1120 2820 fruges
1145 2755 1419 2820 quoque
1449 2756 1652 2821 saepe
1671 2785 1687 2811 ‚
1709 2737 1945 2800 minaci

223 2848 463 2912 robore
496 2869 646 2911 cum
675 2847 821 2911 saxi
847 2848 1246 2934 franguntur
1262 2899 1279 2925 ‚
1301 2851 1563 2915 mittere
1595 2852 1853 2936 signum

225 2963 567 3047 sanguinis
597 2972 714 3027 aut
742 2963 993 3048 aliquid
1010 3012 1027 3039 ‚
1047 2972 1286 3029 nostro
1319 2952 1493 3050 quae
1523 2987 1811 3052 corpore
1840 2968 2142 3044 alunt-un

223 3096 373 3138 cum
398 3076 603 3163 lapidi
628 3076 920 3164 lapidem
951 3080 1225 3144 terimus
1241 3128 1258 3155 ‚
1279 3102 1552 3145 manare
1583 3103 1889 3145 cruorem
1907 3111 1949 3146 .·

224 3192 540 3255 consimili
568 3181 829 3256 ratione
858 3194 1106 3260 herbas
1137 3217 1410 3282 quoque
1438 3218 1643 3283 saepe
1675 3196 1960 3263 decebat

222 3314 287 3369 et
310 3307 529 3372 laticis
559 3307 773 3372 dulcis
800 3317 1027 3394 guttas
1058 3310 1383 3396 similique
1412 3332 1655 3397 sapore

228 3421 485 3487 mittere
504 3472 520 3497 ‚
541 3423 876 3508 lanigerae
905 3425 1083 3510 quali
1116 3433 1274 3490 sunt
1301 3427 1508 3492 ubere
1537 3427 1730 3493 lactis
1749 3479 1765 3505 ‚

222 3537 472 3602 scilicet
489 3587 506 3613 ‚
531 3546 603 3601 et
629 3537 841 3624 glebis
874 3546 1199 3604 terrarum
1230 3562 1434 3627 saepe
1460 3541 1675 3608 friatis

221 3648 580 3716 herbarum
610 3674 858 3738 genera
888 3662 957 3718 et
983 3653 1212 3741 fruges
1240 3655 1652 3743 frondesque
1678 3658 1894 3723 videri

219 3763 573 3853 dispertita
596 3768 772 3832 inter
800 3776 1047 3833 terram
1076 3770 1339 3836 latitare
1370 3773 1620 3869 minute
1639 3823 1656 3849 ‚

220 3890 564 3965 postremo
596 3882 663 3946 in
692 3882 887 3968 lignis
917 3886 1207 3949 cinerem
1234 3886 1622 3973 fumumque
1649 3888 1862 3953 videri
1883 3941 1899 3964 ‚

220 4014 363 4059 cum
392 3996 782 4084 praefracta
808 3998 1032 4064 forent
1050 4049 1065 4076 ,
1086 4000 1393 4088 ignisque
1422 4003 1631 4068 latere
1661 4006 1954 4069 minutos
1972 4054 1986 4068 .

219 4129 500 4193 quorum
528 4112 622 4175 nil
649 4112 795 4177 fieri
825 4116 1140 4199 quoniam
1168 4119 1522 4183 manifesta
1552 4119 1755 4184 docet
1782 4141 1893 4184 res
1912 4168 1927 4196 ,

2372 496 2454 562 31

225 4392 321 4439 866
344 4391 603 4460 sanieque
654 4392 677 4460 ss
724 4393 919 4447 mixta.
969 4397 991 4464 Η
1038 4401 1137 4447 874
1163 4412 1297 4465 quae
1320 4395 1479 4466 lignis
1528 4397 1548 4464 ΙΙ
1599 4401 1698 4448 882
1725 4412 1842 4448 cum
1869 4396 1920 4447 in
1956 4395 1979 4462 ΙΙ
2017 4399 2116 4446 884
2143 4394 2194 4447 in
2221 4391 2446 4464 lapidem

226 4478 456 4527 tenemus
498 4472 521 4538 ΙΙ
559 4479 659 4526 885
688 4474 867 4529 herbis
905 4478 927 4545 ΙΙ
964 4483 1064 4531 886
1089 4476 1273 4531 latices
1311 4480 1331 4547 ΙΙ
1369 4486 1468 4531 890
1495 4481 1548 4532 in
1587 4479 1607 4548 ΙΙ
1645 4485 1742 4531 893
1769 4495 1861 4533 res
1884 4486 2149 4533 musaeum.
