3042 5192
1345 432 1439 501 111

110 627 200 673 235
253 630 411 674 rara
441 606 636 694 quod
668 607 811 671 eius
841 607 1011 672 enim
1039 612 1310 671 constat
1335 614 1579 671 natura
1596 655 1612 683 ,
1629 616 1979 672 necessest

255 725 432 789 aeris
459 724 642 787 inter
674 742 826 786 eum
852 719 1219 807 primordia
1244 721 1453 786 multa
1478 723 1730 788 moveri
1750 772 1764 786 .

252 840 389 903 iam
416 838 674 924 triplex
702 837 900 901 animi
930 845 1036 902 est
1060 836 1262 922 igitur
1290 844 1537 902 natura
1562 844 1866 925 reperta:

254 976 387 1017 nec
414 961 649 1017 tamen
675 951 847 1016 haec
876 958 984 1016 sat
1010 958 1172 1015 sunt
1198 949 1288 1014 ad
1316 972 1589 1017 sensum
1618 959 1861 1017 cuncta
1888 951 2284 1028 creandum3

254 1068 357 1132 nil
384 1068 631 1132 horum
662 1065 977 1152 quoniam
1003 1065 1242 1152 recipit
1272 1086 1469 1151 quem
1495 1087 1702 1153 posse
1733 1088 1963 1131 creare
1982 1115 1998 1142 ‚

112 1202 202 1248 2⁴0
254 1182 633 1248 sensiferos
661 1189 886 1245 motus
916 1178 1249 1266 quaedam
1275 1182 1379 1246 vis
1407 1183 1631 1246 menti’
1659 1182 1921 1246 volutat
1938 1231 1953 1244 .

257 1306 511 1384 quarta
541 1317 815 1382 quoque
842 1295 948 1360 his
975 1296 1175 1382 igitur
1206 1295 1539 1382 quaedam
1565 1304 1810 1361 natura
1835 1302 2182 1361 necessest

256 1412 727 1478 adtribuatur:
752 1419 900 1478 east
928 1411 1197 1476 omnino
1226 1411 1510 1475 nominis
1543 1432 1822 1497 expers3

257 1548 398 1613 qua
423 1547 651 1613 neque
679 1525 987 1591 mobilius
1019 1525 1381 1612 quicquam
1409 1545 1631 1611 neque
1659 1526 1924 1590 tenvius
1955 1532 2181 1590 exstat
2197 1573 2213 1600 ‚

257 1664 389 1706 nec
416 1642 631 1727 magis
662 1648 731 1705 et
758 1641 986 1726 parvis
1015 1648 1084 1705 et
1110 1640 1368 1706 levibus
1399 1660 1485 1704 ex
1514 1639 1891 1716 elementis3

117 1776 207 1821 2⁴5
261 1755 633 1821 sensiferos
658 1762 884 1820 motus
913 1775 1085 1841 quae
1116 1753 1291 1820 didit
1316 1755 1532 1841 prima
1560 1776 1683 1841 per
1712 1762 1897 1819 artus
1917 1804 1931 1818 .

262 1872 476 1958 prima
504 1870 718 1935 cietur
750 1870 921 1934 enim
939 1918 955 1945 ‚
976 1870 1205 1956 parvis
1232 1868 1536 1956 perfecta
1560 1869 1827 1957 figuris:

262 1984 419 2050 inde
448 1985 637 2050 calor
662 1991 887 2049 motus
918 1993 989 2048 et
1011 1984 1197 2049 venti
1227 2005 1429 2049 caeca
1455 1992 1761 2072 potestas

263 2100 507 2187 accipit
524 2149 541 2176 ‚
562 2099 721 2164 inde
750 2104 866 2163 aer
883 2122 899 2162 ε
919 2096 1079 2163 inde
1109 2100 1331 2172 omnia
1354 2099 1817 2165 mobilitantur
1834 2147 1850 2174 ‚

265 2217 650 2280 concutitur
681 2214 953 2300 sanguis
971 2261 985 2290 ,
1008 2222 1151 2279 tum
1177 2215 1437 2279 viscera
1465 2214 1963 2300 persentiscunt

119 2348 208 2392 250
264 2331 520 2405 omnia,
541 2329 900 2417 postremis
931 2327 1133 2394 datur
1163 2330 1427 2394 ossibus
1457 2336 1663 2414 atque
1690 2325 1995 2392 medullis

265 2447 402 2510 sive
430 2444 752 2531 voluptas
784 2451 889 2509 est
917 2444 1059 2508 sive
1091 2450 1199 2507 est
1227 2444 1611 2508 contrarius
1641 2443 1846 2508 ardor
1865 2493 1879 2508 .

265 2583 389 2625 nec
416 2569 675 2624 temere
703 2559 837 2623 huc
867 2557 1065 2623 dolor
1094 2579 1309 2644 usque
1337 2565 1571 2644 potest
1599 2566 1953 2644 penetrare
1983 2581 2206 2646 neque
2233 2581 2389 2624 acre

264 2696 659 2762 permanare
686 2674 929 2738 malum
946 2721 963 2749 ‚
987 2673 1147 2759 quin
1176 2673 1399 2737 omnia
1425 2674 1905 2759 perturbentur

266 2812 479 2876 usque
508 2789 682 2854 adeo
712 2797 791 2853 ut
816 2789 995 2853 vitae
1026 2785 1203 2852 desit
1228 2787 1419 2852 locus
1449 2796 1657 2873 atque
1686 2789 1925 2855 animai

122 2922 211 2967 255
268 2904 617 2991 diffugiant
645 2911 874 2991 partes
902 2924 1025 2990 per
1053 2902 1280 2967 caulas
1310 2904 1618 2988 corporis
1649 2905 1861 2968 omnis
1881 2954 1895 2968 .

267 3019 387 3084 sed
416 3020 812 3106 plerumque
839 3018 915 3082 fit
940 3018 1012 3082 in
1039 3039 1297 3082 summo
1328 3018 1521 3103 quasi
1551 3038 1835 3104 corpore
1863 3018 2011 3082 finis

268 3135 592 3199 motibus:
614 3133 793 3197 hanc
822 3133 910 3197 ob
938 3154 1077 3197 rem
1107 3132 1313 3198 vitam
1338 3133 1681 3197 retinemu’
1709 3132 2042 3197 valentes.

346 3248 549 3313 Nunc
578 3269 660 3312 ea
690 3269 828 3334 quo
858 3255 1061 3334 pacto
1090 3248 1267 3311 inter
1296 3268 1447 3312 sese
1474 3248 1683 3311 mixta
1714 3247 2088 3333 quibusque

271 3371 539 3450 compta
563 3362 786 3428 modis
813 3363 1086 3449 vigeant
1111 3363 1440 3427 rationem
1466 3361 1755 3427 reddere
1784 3371 2090 3428 aventem

141 3494 230 3541 260
283 3478 617 3544 abstrahit
643 3479 920 3542 invitum
947 3478 1149 3564 patrii
1177 3477 1502 3542 sermonis
1536 3487 1836 3564 egestas:

275 3593 395 3657 sed
423 3602 656 3659 tamen
671 3641 688 3669 ,
714 3601 793 3659 ut
820 3600 1060 3681 potero
1091 3594 1465 3657 summatim
1494 3594 1824 3680 attingere
1841 3642 1858 3670 ,
1879 3601 2148 3679 tangam
2167 3642 2180 3655 .

271 3708 440 3776 inter
471 3709 647 3773 enim
676 3715 953 3772 cursant
978 3705 1347 3795 primordia
1373 3708 1853 3795 principiorum

268 3822 559 3890 motibus
585 3824 763 3887 inter
793 3844 867 3887 se
884 3872 901 3898 ‚
927 3823 1022 3887 nil
1048 3828 1127 3887 ut
1153 3823 1488 3888 secernier
1515 3844 1720 3888 unum

272 3939 483 4023 poscit
509 3959 640 4003 nec
667 3939 887 4024 spatio
916 3939 1059 4003 fieri
1089 3936 1303 4003 divisa
1328 3946 1641 4024 potestas
1659 3987 1674 4014 ‚

284 4154 455 4164 -ἡ-

2411 437 2505 505 87

283 4249 375 4296 236
411 4245 552 4297 inter
575 4261 694 4297 eum
718 4246 817 4299 bis.
857 4248 879 4316 ΙΙ
915 4247 1147 4316 mqueri.
1187 4246 1208 4314 ΙΙ
1244 4252 1344 4299 239
1382 4248 1583 4318 recepit
1617 4264 1766 4301 mens
1805 4246 1826 4314 ΙΙ
1863 4252 1963 4299 240
1998 4262 2100 4316 que
2134 4251 2310 4298 mente
2346 4245 2366 4312 ΙΙ
2405 4251 2501 4297 243

282 4328 452 4382 tenuis
490 4326 512 4392 ΙΙ
550 4333 653 4380 244
691 4345 722 4380 e
744 4329 925 4399 parvis
962 4331 983 4398 ΙΙ
1020 4336 1119 4384 249
1155 4339 1267 4384 tum
1305 4331 1522 4402 sanguis
1560 4331 1581 4398 ΙΙ
1618 4330 2023 4401 persentisiunt.
2060 4329 2083 4397 u
2120 4335 2218 4383 254
2255 4335 2315 4381 ut
2352 4336 2504 4382 omis-

283 4431 412 4464 sum.
451 4411 473 4481 u
513 4417 614 4464 255
654 4411 856 4465 culvias
896 4414 917 4482 ΙΙ
953 4419 1051 4466 257
1090 4413 1352 4467 valemus.
