3042 5192
821 1394 918 1477 T.
970 1395 1516 1479 LUCRETI
1594 1398 1888 1481 CARI

400 1622 634 1722 DE
762 1600 1391 1727 RERUM
1485 1552 2288 1776 NATURA

954 1867 1266 1933 LIBER
1317 1868 1741 1935 PRIMUS.

1148 2103 1554 2111 ——-———-—--—.—-

224 2335 674 2459 Aeneadum
704 2396 1035 2481 genetrix,
1056 2395 1395 2460 hominum
1425 2395 1785 2482 divomque
1812 2400 2125 2487 voluptas
2142 2448 2157 2471 ,

224 2509 397 2574 alma
427 2507 668 2573 Venus
682 2556 698 2585 ‚
722 2508 889 2573 caeli
917 2510 1150 2575 subter
1178 2508 1472 2575 labentia
1500 2510 1691 2596 signa

226 2646 399 2709 quae
428 2644 617 2688 mare
644 2625 1058 2710 navigerum,
1081 2644 1256 2709 quae
1283 2631 1504 2689 terras
1532 2624 1987 2711 frugiferentis

225 2739 692 2814 concelebrem,
713 2717 837 2826 per
865 2746 935 2803 te
962 2739 1277 2824 quoniam
1304 2760 1515 2826 genus
1547 2761 1741 2804 omne
1771 2716 2198 2806 animantum'

138 2871 166 2915 5
227 2844 605 2939 concipitur
631 2853 919 2938 visitque
951 2862 1261 2918 exortum
1285 2854 1534 2918 lumina
1561 2854 1723 2919 solis
1741 2904 1754 2917 .

222 2976 294 3032 te
310 3017 329 3043 ‚
353 2966 517 3043 dea,
537 2975 605 3031 te
633 2966 897 3054 fugiunt
922 2969 1105 3032 venti
1125 3017 1141 3043 ‚
1162 2975 1231 3031 te
1260 2968 1487 3033 nubila
1515 2968 1681 3031 caeli

221 3081 727 3168 adventumque
754 3090 943 3147 tuum
959 3130 975 3157 ‚
996 3081 1120 3147 tibi
1148 3080 1371 3145 suavis
1402 3079 1688 3144 daedala
1715 3081 1914 3145 tellus

225 3197 579 3262 summittit
604 3196 805 3261 flores
822 3246 838 3273 ‚
860 3197 982 3263 tibi
1009 3194 1238 3260 rident
1267 3214 1566 3280 aequora
1592 3195 1786 3282 ponti

220 3312 696 3398 placatumque
724 3313 895 3377 nitet
924 3310 1165 3375 diffuso
1195 3309 1441 3373 lumine
1470 3310 1724 3374 eaelum
1737 3360 1750 3373 .

98 3442 156 3487 ιο
218 3446 373 3490 nam
403 3426 598 3491 simul
625 3446 707 3490 ac
734 3427 993 3512 speeies
1020 3424 1429 3511 patefactast
1454 3446 1664 3489 verna
1694 3423 1824 3488 diei

219 3549 293 3606 et
318 3550 627 3606 reserata
650 3541 836 3627 viget
862 3539 1236 3627 genitabilis
1264 3561 1429 3604 aura
1455 3540 1713 3615 favoni,

217 3656 443 3720 aeriae
471 3656 756 3742 primum
781 3654 1091 3720 volueres
1120 3662 1189 3719 te
1208 3703 1224 3730 ,
1247 3653 1431 3730 diva,
1453 3662 1776 3739 tuumque

217 3770 600 3857 significant
624 3770 859 3835 initum
886 3766 1475 3856 perculsaeeorda
1500 3776 1620 3833 tua
1646 3769 1741 3831 vi.
1851 3812 1856 3815 ψ

98 3900 154 3945 15
216 3883 381 3947 inde
409 3883 593 3948 ferae
621 3884 923 3971 pecudes
950 3884 1330 3971 persultant
1356 3883 1604 3969 pabula
1632 3884 1810 3946 laeta

94 4013 153 4059 14
220 4008 292 4062 et
318 3998 601 4085 rapidos
630 4007 907 4064 tranant
937 3999 1178 4063 amnis:
1199 3999 1296 4062 ita
1325 4005 1526 4082 capta
1552 3998 1783 4082 lepore

96 4127 153 4173 16
218 4120 288 4177 te
319 4115 626 4199 sequitur
655 4112 899 4199 cupide
928 4135 1064 4199 quo
1095 4102 1430 4198 quemque
1457 4110 1778 4175 inducere
1806 4111 2061 4197 pergis.

216 4225 514 4314 denique
542 4250 666 4315 per
694 4227 902 4293 maria
929 4246 1009 4290 ae
1036 4228 1280 4292 montis
1311 4225 1685 4312 fluviosque
1714 4226 1977 4310 rapacis

224 4457 291 4504 16
325 4455 496 4523 tergis
511 4493 525 4507 .

1972 4549 2002 4612 l
2024 4552 2046 4573 ο
