3042 5192
401 916 526 961 1445

595 378 737 446 204
1675 375 1742 440 V

590 554 721 616 iam
750 573 932 616 mare
960 550 1263 614 velivolis
1290 549 1576 614 florebat
1602 550 1941 637 puppibus
1959 598 1974 624 ‚
2000 558 2069 614 et
2097 573 2206 616 res

589 668 832 732 auxilia
862 688 941 730 ac
971 666 1192 730 socios
1219 666 1350 729 iam
1377 671 1581 752 pacto
1611 663 1889 728 foedere
1917 664 2293 742 habebant,

590 782 993 846 carminibus
1023 801 1173 845 cum
1201 801 1311 844 res
1339 787 1567 865 gestas
1598 801 1882 867 coepere
1911 786 2155 865 pOEtae

592 896 895 962 tradere:
917 918 1044 960 nec
1071 895 1281 959 multo
1310 895 1477 982 priu’
1507 902 1666 959 sunt
1694 895 2020 960 elementa
2045 905 2317 984 reperta
2336 948 2349 961 .

588 1019 954 1100 propterea
982 1009 1145 1096 quid
1176 1011 1265 1074 sit
1292 1010 1477 1095 prius
1507 1016 1729 1074 actum
1757 1013 2094 1098 respicere
2124 1021 2310 1078 aetas

588 1136 822 1193 nostra
849 1127 1084 1212 nequit
1101 1175 1116 1201 ‚
1166 1125 1294 1189 nisi
1323 1144 1458 1210 qua
1487 1125 1662 1188 ratio
1692 1127 1975 1212 vestigia
2001 1136 2364 1192 monstrat.

671 1241 955 1327 Navigia
983 1248 1185 1325 atque
1216 1240 1359 1325 agri
1387 1239 1715 1317 culturas,
1736 1243 2032 1318 moenia,
2053 1243 2237 1328 leges
2257 1293 2271 1318 ‚

589 1378 803 1431 arma,
824 1357 968 1420 vias
987 1404 1003 1430 ‚
1022 1361 1251 1419 vestes
1269 1404 1285 1432 ‚
1304 1363 1373 1419 et
1401 1362 1630 1419 cetera
1658 1354 1745 1420 de
1773 1377 2018 1441 genere
2045 1357 2285 1441 horum
2304 1408 2318 1426 ,

399 1491 524 1537 1450
585 1470 912 1559 praemia,
937 1469 1209 1534 delicias
1240 1491 1510 1555 quoque
1539 1471 1719 1534 vitae
1747 1469 2052 1536 funditus
2082 1474 2292 1537 omnis
2312 1522 2326 1540 .

400 2064 524 2109 1455

589 1585 880 1650 carmina
897 1635 912 1661 ‚
930 1586 1228 1670 picturas
1246 1634 1262 1662 ‚
1286 1592 1354 1649 et
1385 1584 1671 1648 daedala
1699 1586 1889 1669 signa
1917 1586 2130 1671 polire
2148 1637 2164 1662 ,

587 1723 751 1765 usus
782 1708 850 1764 et
874 1701 1194 1786 impigrae
1223 1698 1415 1764 simul
1444 1700 1858 1787 experientia
1882 1703 2122 1766 mentis

588 1815 905 1903 paulatim
935 1814 1166 1879 docuit
1190 1813 1622 1901 pedetemtim
1650 1814 2147 1901 progredientis
2166 1867 2179 1879 .

588 1931 685 1995 sic
713 1951 916 1995 unum
946 1929 1267 2016 quicquid
1293 1929 1615 2017 paulatim
1642 1930 1979 2017 protrahit
2007 1939 2195 1995 aetas

589 2047 659 2110 in
686 2045 977 2110 medium
1004 2045 1315 2130 ratioque
1343 2045 1410 2106 in
1441 2044 1703 2108 luminis
1735 2046 1927 2132 erigit
1956 2067 2144 2110 oras:

589 2183 875 2247 namque
903 2159 1039 2224 alid
1070 2181 1153 2223 ex
1183 2158 1311 2222 alio
1344 2158 1715 2223 clarescere
1745 2162 2187 2225 conveniebat
2205 2210 2220 2236 ‚

588 2277 844 2342 artibus
873 2276 963 2341 ad
991 2295 1314 2339 summum
1344 2273 1563 2339 donec
1590 2296 1837 2340 venere
1868 2297 2217 2341 cacumen.

604 2556 728 2602 1442
769 2549 909 2602 Tum
945 2548 965 2618 ΙΙ
1003 2557 1227 2620 propter
1251 2549 1475 2603 odores.
1514 2548 1535 2620 Η
1579 2556 1708 2603 1444
1744 2567 1966 2621 caepere
2004 2549 2023 2620 ΙΙ
2067 2557 2196 2604 1449
2233 2560 2287 2604 ct¹
2322 2560 2586 2607 omissum.
2625 2552 2644 2622 ΙΙ
2685 2556 2786 2602 1451

596 2632 792 2702 polito,
831 2631 851 2700 ΙΙ
893 2638 1022 2685 1456
1059 2631 1224 2686 corde
1248 2632 1526 2686 videbant.
