3042 5192
594 472 679 539 16
1687 472 1718 540 I

583 666 732 710 esse
760 645 829 709 in
856 645 1059 710 rebus
1087 645 1284 709 inane
1312 652 1538 710 tamen
1563 645 1819 711 fateare
1847 654 2225 711 necessest.

429 778 527 824 400
579 760 921 846 multaque
949 768 1305 847 praeterea
1330 760 1453 825 tibi
1478 782 1758 847 possum
1787 760 2368 827 commemorando

582 882 973 963 argumenta
997 875 1199 940 fidem
1228 873 1426 940 dictis
1455 875 1828 942 conradere
1855 877 2106 941 nostris
2124 926 2139 940 .

581 1012 813 1054 verum
841 991 1058 1054 animo
1089 991 1254 1055 satis
1280 990 1451 1055 haec
1476 990 1762 1077 vestigia
1788 1010 2000 1076 parva
2026 993 2252 1077 sagaci

586 1113 744 1170 sunt
761 1154 776 1182 ‚
798 1127 921 1192 per
952 1126 1125 1192 quae
1153 1106 1376 1192 possis
1406 1126 1818 1191 cognoscere
1849 1113 2077 1171 cetera
2101 1115 2282 1170 tute:

583 1241 868 1306 namque
899 1241 1099 1284 canes
1128 1226 1205 1284 ut
1231 1220 1656 1306 montivagae
1684 1241 2011 1307 persaepe
2046 1218 2213 1284 ferai

432 1354 528 1399 405
580 1335 853 1399 naribus
879 1335 1228 1400 inveniunt
1253 1335 1540 1403 intectas
1568 1333 1814 1400 fronde
1845 1337 2107 1422 quietes
2124 1384 2140 1410 ‚

586 1470 735 1513 cum
763 1449 967 1513 semel
993 1449 1388 1515 institerunt
1412 1450 1698 1535 vestigia
1726 1457 1914 1514 certa
1939 1450 2071 1514 viai
2089 1498 2105 1523 ‚

586 1564 682 1627 sic
710 1562 846 1628 alid
876 1585 961 1627 ex
991 1563 1119 1627 alio
1148 1585 1272 1649 per
1300 1571 1369 1627 te
1397 1571 1543 1627 tute
1570 1564 1717 1649 ipse
1744 1562 1977 1627 videre

584 1677 830 1743 talibus
856 1679 927 1743 in
955 1678 1157 1743 rebus
1186 1678 1443 1763 poteris
1472 1698 1846 1762 caecasque
1873 1678 2168 1743 latebras

586 1793 921 1858 insinuare
951 1794 1164 1859 omnis
1195 1800 1265 1856 et
1289 1812 1526 1856 verum
1551 1791 1954 1878 protrahere
1983 1792 2174 1857 inde.

434 1924 531 1969 410
586 1907 773 1993 quod
800 1910 856 1972 si
883 1909 1170 1995 pigraris
1197 1906 1554 1992 paulumve
1581 1909 1944 1973 recesseris
1974 1908 2060 1973 ab
2089 1930 2163 1972 re
2182 1956 2197 1983 ‚

586 2022 718 2087 hoc
743 2024 866 2087 tibi
896 2023 980 2088 de
1009 2025 1212 2111 plano
1242 2045 1519 2109 possum
1547 2024 1939 2110 promittere
1958 2071 1973 2101 ,
1996 2023 2295 2088 Memmi:

584 2159 801 2223 usque
831 2136 1002 2202 adeo
1018 2138 1259 2227 ‚largos
1286 2139 1572 2205 haustus
1605 2160 1640 2203 0
1672 2138 1950 2204 fontibu’
1978 2139 2236 2225 magnis

584 2252 809 2339 lingua
836 2275 984 2318 meo
1016 2255 1241 2319 suavis
1271 2253 1393 2320 diti
1421 2253 1506 2319 de
1535 2262 1814 2341 pectore
1842 2252 2085 2317 fundet
2102 2302 2117 2323 ,

587 2380 664 2431 ut
690 2389 927 2433 verear
955 2390 1040 2433 ne
1068 2368 1274 2435 tarda
1297 2369 1485 2455 prius
1512 2390 1637 2455 per
1662 2370 1960 2433 membra
1989 2376 2304 2433 senectus

433 2499 531 2544 415
588 2491 819 2569 serpat
848 2492 917 2546 et
942 2483 1010 2545 in
1039 2483 1234 2547 nobis
1261 2484 1424 2547 vitai
1454 2483 1747 2549 claustra
1774 2482 2074 2547 resolvat
2089 2531 2106 2557 ‚

590 2618 787 2682 quam
818 2597 936 2661 tibi
967 2597 1053 2660 de
1084 2598 1321 2683 quavis
1350 2618 1485 2663 una
1512 2618 1587 2661 re
1615 2597 1923 2663 versibus
1954 2596 2166 2658 omnis

589 2719 1131 2797 argumentorum
1157 2713 1245 2777 sit
1273 2712 1469 2798 copia
1495 2712 1701 2776 missa
1726 2732 1850 2797 per
1879 2710 2058 2774 auris
2076 2757 2090 2771 .

676 2825 815 2890 Sed
841 2848 1021 2891 nunc
1048 2835 1128 2893 ut
1153 2834 1457 2913 repetam
1487 2832 1803 2912 coeptum
1829 2833 2184 2912 pertexere
2214 2821 2409 2885 dictis
2431 2870 2446 2895 ,

592 2941 804 3007 omnis
822 2990 837 3018 ,
857 2950 935 3006 ut
966 2950 1103 3018 est,
1125 2942 1326 3028 igitur
1352 2962 1477 3028 per
1506 2963 1582 3007 80
1610 2949 1855 3006 natura
1886 2939 2149 3004 duabus

435 3072 532 3119 420
590 3056 892 3121 constitit
917 3056 989 3121 in
1014 3056 1250 3122 rebus:
1272 3077 1428 3120 nam
1457 3076 1748 3142 corpora
1776 3062 1938 3120 sunt
1955 3103 1970 3130 ‚
1996 3062 2064 3118 et
2089 3054 2285 3117 inane
2305 3100 2319 3119 .

587 3170 757 3236 haec
786 3172 855 3235 in
885 3193 1020 3258 quo
1052 3173 1184 3236 sita
1212 3179 1370 3235 sunt
1399 3178 1469 3235 et
1498 3192 1634 3256 qua
1659 3169 1931 3257 *diversa
1958 3176 2342 3234 moventur.

590 3307 838 3371 corpus
869 3286 1040 3349 enim
1066 3307 1190 3372 per
1220 3306 1294 3348 80
1324 3285 1691 3349 communis
1723 3282 1996 3347 dedicat
2031 3303 2178 3346 0880

592 3420 866 3475 sensus3
891 3399 995 3461 cui
1021 3399 1152 3462 nisi
1178 3398 1393 3484 prima
1417 3395 1588 3461 fides
1615 3395 1901 3460 fundata
1927 3395 2179 3460 valebit
2196 3446 2210 3468 ‚

588 3511 755 3576 haut
783 3512 910 3576 erit
939 3511 1218 3575 occultis
1250 3510 1335 3575 de
1365 3511 1570 3576 rebus
1600 3532 1734 3596 quo
1763 3509 2134 3575 referentes

433 3645 530 3690 425
590 3627 979 3692 confirmare
1010 3625 1207 3690 animi
1237 3626 1594 3712 quiequam
1621 3626 1883 3690 ratione
1915 3646 2268 3711 queamus.

588 3750 729 3806 tum
757 3762 964 3827 porro
993 3740 1182 3804 locus
1212 3762 1291 3804 ac
1322 3741 1612 3827 spatium
1629 3790 1644 3817 ‚
1670 3740 1856 3827 quod
1882 3741 2079 3804 inane
2105 3760 2423 3803 vocamus
2443 3788 2456 3813 ‚

588 3858 645 3920 si
673 3855 921 3919 nullum
952 3853 1160 3931 foret,
1181 3854 1348 3919 haut
1374 3876 1658 3940 usquam
1687 3857 1816 3920 sita
1844 3876 2133 3941 corpora
2160 3862 2442 3941 possent

591 3992 739 4035 esse
767 3991 988 4055 neque
1018 3969 1286 4033 omnino
1319 3990 1658 4055 quoquam
1689 3969 1955 4036 diversa
1980 3990 2238 4044 meare3

586 4083 659 4148 id
689 4082 877 4170 quod
903 4084 1033 4147 iam
1062 4105 1308 4171 supera
1337 4084 1456 4150 tibi
1482 4086 1686 4172 paulo
1719 4084 2133 4150 ostendimus
2163 4092 2352 4147 ante.

432 4214 531 4262 430
586 4205 940 4284 praeterea
965 4199 1059 4263 nil
1087 4208 1193 4264 est
1221 4199 1409 4286 quod
1442 4201 1667 4287 possis
1700 4198 1924 4263 dicere
1954 4199 2039 4263 ab
2071 4200 2246 4262 omni

591 4439 689 4487 404
727 4432 923 4487 ferare.
961 4433 981 4501 ΙΙ
1019 4441 1112 4486 411
1153 4441 1318 4505 ptano
1357 4435 1375 4502 11
1414 4440 1511 4486 412
1550 4449 1801 4505 magnes.
1842 4434 1861 4500 ΙΙ
1899 4439 1997 4485 414
2025 4449 2181 4485 urear
