3042 5192
1271 473 1367 542 111
2297 477 2434 546 155

203 647 443 712 dratus
473 645 763 711 Flemides
796 695 810 709 .
857 646 1190 732 oblongus
1239 648 1523 733 oaliyim‘s
1563 649 1847 714 tambram
1877 697 1891 712 .
1937 649 2093 714 olim
2129 650 2437 735 impressi

199 747 323 810 irai
343 746 482 834 sax
519 767 858 831 numquam
900 752 970 809 et
1006 745 1257 810 umbra-3
1284 793 1299 808 .
1341 745 1494 810 Itali
1520 748 1738 832 perite
1769 749 1906 812 Nec
1944 771 2180 813 nnus
2222 772 2434 825 ιιιᾼι,

203 854 336 909 tum
360 843 633 908 Fimn'da
664 865 1225 908 surrunnnns.
1251 842 1377 908 sed
1402 845 1686 909 umbram
1712 846 2047 910 ambr-aeva
2075 848 2437 913 accusandi

201 963 361 1007 casu
391 942 599 1006 scribi
627 963 767 1006 non
799 940 1067 1007 debuit:
1096 942 1460 1007 ablativum
1496 965 1703 1029 supra
1734 944 2139 1009 firmavimus
2168 945 2258 1010 ad
2285 968 2435 1012 ver-

199 1063 342 1105 sum
373 1040 463 1105 39
482 1089 498 1115 ,
526 1039 838 1127 idemque
869 1040 1072 1105 estin
1099 1041 1275 1105 libro
1305 1063 1368 1117 v,
1385 1041 1508 1106 482
1529 1090 1543 1104 .

361 1140 513 1205 305.
558 1160 894 1204 ‹al-:mnis
928 1177 999 1187 —
1035 1161 1273 1203 ‘rsus
1301 1161 1669 1204 PEerxA
1696 1162 2076 1225 varoms.
2106 1141 2435 1207 Marullus

199 1259 549 1302 rAvoms
579 1285 594 1299 .
629 1236 1052 1302 Wakefieldo
1096 1259 1244 1302 cum
1274 1238 1412 1302 suis
1442 1238 1697 1326 placuit
1722 1241 1969 1326 vaporis
1996 1265 2021 1322 ‚-
2064 1239 2253 1325 quod
2283 1242 2434 1327 quis

198 1335 442 1400 credat
458 1385 474 1411 ‚
503 1337 632 1401 nisi
662 1337 778 1422 qui
807 1357 926 1400 eos
952 1335 1119 1400 nihil
1145 1336 1533 1422 intellegere
1561 1338 1964 1403 intellexerit
1981 1337 2015 1400 Ρ

359 1435 513 1500 306.
552 1435 801 1499 Itu-nn
841 1456 1270 1511 urnasque
1314 1457 1561 1500 sxras
1609 1458 1918 1501 ci-:nvos
1962 1457 2434 1513 saevosque

197 1556 286 1597 u:
301 1556 344 1598 o
361 1556 410 1597 n
425 1556 468 1597 n
484 1555 518 1598 s
550 1583 564 1597 .
604 1533 736 1598 Hic
761 1533 1002 1598 iterum
1030 1532 1195 1598 illud
1224 1535 1590 1600 absurdum
1615 1539 1775 1602 inter
1799 1548 2091 1624 uvasque
2118 1537 2400 1623 legimus
2417 1587 2434 1616 ‚

197 1631 388 1718 quod
420 1632 514 1697 ad
544 1655 613 1708 11,
630 1631 756 1698 548
781 1631 1069 1697 vidimus
1100 1633 1532 1699 scribendum
1571 1657 1719 1701 esse
1747 1635 1941 1699 liu-122
1957 1657 2398 1712 nurnaoun
2418 1687 2433 1701 .

196 1731 326 1796 hoc
353 1753 530 1796 vero
571 1753 722 1795 cum
762 1733 1152 1797 accusativo
1183 1733 1496 1820 coniungi
1521 1756 1663 1798 non
1690 1754 1897 1819 posse
1925 1741 2211 1819 apparet
2243 1758 2258 1798 ε
2299 1757 2435 1821 quo

194 1830 270 1895 fit
293 1838 378 1895 ut
406 1832 533 1895 sita
561 1842 647 1896 est
671 1831 876 1896 scribi
909 1853 1049 1896 non
1078 1829 1327 1897 debeat
1350 1881 1366 1909 ,
1409 1830 1600 1918 quod
1625 1831 1788 1897 fecit
1814 1831 2184 1897 Brixiensis
2215 1832 2436 1898 editor

197 1951 345 1993 cum
391 1928 687 1993 Marullo
731 1937 800 1994 et
840 1930 1080 1994 ceteris
1111 1979 1125 1993 .
1172 1938 1279 1995 est
1318 1939 1542 1996 autem
1580 1929 1938 2017 legendum
1977 1932 2435 2019 Imaque,

195 2051 276 2091 ss
293 2050 330 2092 c
348 2050 394 2092 u
411 2050 450 2091 s
491 2050 695 2092 cervos
717 2051 1044 2115 saevosque
1069 2029 1301 2093 leones.
1331 2037 1409 2094 ut
1435 2029 1792 2094 Lucretius
1818 2032 2240 2115 inter-utraque
2266 2040 2467 2095 εεουε·

195 2125 439 2191 addito
470 2127 857 2191 accusativo
888 2125 1101 2201 dixit,
1143 2128 1239 2191 ita
1268 2128 1437 2193 Cato
1466 2129 1773 2215 utumque
1798 2150 2014 2207 secus,
2050 2127 2178 2190 nisi
2204 2126 2434 2201 fallor,

196 2223 280 2289 de
335 2246 420 2289 re
472 2225 726 2289 rustica
769 2246 915 2311 cap.
946 2224 1046 2299 21,
1076 2226 1116 2289 3
1159 2226 1406 2291 Dextra
1441 2227 1691 2291 εἰηὲεἰνά
1718 2226 2092 2313 foramina,
2131 2227 2438 2312 utramque

192 2347 364 2388 secus
393 2326 709 2404 laminas,
752 2325 1129 2389 sublaminas
1145 2326 1420 2410 pollulas
1451 2326 1719 2388 minutas
1745 2323 2109 2410 mpponito.
2154 2343 2281 2385 nec
2312 2321 2434 2386 du-

195 2423 374 2487 bium
407 2430 520 2487 est
548 2422 708 2509 quin
734 2446 906 2487 secus
932 2423 1345 2510 praepositio
1394 2445 1539 2487 eam
1579 2422 2149 2487 constructionem
2196 2418 2435 2485 admit-

195 2528 337 2599 tatg
382 2542 791 2608 quamquam
821 2521 1164 2587 Charisius
1191 2545 1256 2608 p.
1275 2523 1351 2586 61
1383 2523 1455 2586 id
1480 2523 1648 2608 quod
1680 2523 1896 2608 vulqus
1931 2530 2228 2607 usurpet,
2264 2542 2437 2585 seems

189 2623 368 2686 illum
413 2622 585 2699 sedi,
627 2620 740 2685 Ιιοσ
774 2631 863 2684 est
884 2622 1216 2685 secundum
1255 2622 1465 2701 illum,
1506 2631 1565 2684 et
1605 2643 1822 2685 novum
1864 2631 1923 2685 et
1957 2619 2275 2684 sordidum
2314 2642 2438 2683 εεεε

195 2718 394 2797 dicit,
428 2740 582 2783 cum
609 2726 834 2783 tamen
875 2720 1021 2804 ipse
1047 2741 1112 2805 p.
1133 2719 1251 2783 195
1283 2718 1749 2805 Sempronium
1777 2718 2227 2792 Asellionem,
2266 2724 2435 2781 tem-

191 2819 384 2904 poris
419 2816 801 2882 Gracchani
831 2819 1227 2904 scriptorem
1257 2865 1273 2893 ,
1317 2817 1751 2881 historiarum
1778 2817 1950 2881 libro
1978 2839 2099 2880 xw
2128 2816 2241 2881 Ιιοσ
2265 2839 2437 2880 εοεαε

190 2918 256 2981 in
285 2916 622 3001 temporis
651 2916 1134 3002 significatione
1160 2917 1471 3004 posuisse
1509 2924 1801 2980 testetur
1830 2963 1844 2977 .
1894 2921 1964 2979 et
2001 2913 2171 2978 haec
2214 2921 2284 2978 et
2321 2937 2433 2978 ce-

187 3023 340 3079 tera
391 3013 484 3078 de
525 3037 698 3079 ‚seem
742 3015 1243 3103 praepositione
1285 3014 1629 3078 Gesnerus
1679 3015 1750 3078 in
1800 3013 2209 3077 thesaurum·
2244 3034 2437 3076 suum

189 3112 494 3178 contulit
510 3162 524 3176 .
549 3116 953 3178 cirmmweom
979 3113 1440 3200 lexicographi
1462 3112 1945 3197 consignarunt
1959 3160 1975 3186 ‚
1996 3110 2438 3195 neglexerunt

187 3216 502 3278 αηείεεαιε
523 3261 544 3292 ,
582 3213 914 3298 Ionqiseous
935 3261 954 3293 ‚
998 3232 1171 3298 quae
1215 3219 1374 3276 sunt
1410 3212 1480 3275 in
1518 3209 1860 3296 glossariis
1897 3208 2195 3273 Labbaei
2217 3256 2233 3284 ‚
2274 3208 2436 3271 item

173 3324 533 3398 postsecus,
564 3310 752 3396 quod
777 3310 941 3374 nihil
970 3311 1239 3376 omnino
1271 3332 1421 3375 esse
1451 3307 1616 3373 dicit
1645 3308 1863 3395 Caper
1889 3331 1954 3395 p.
1970 3306 2164 3370 2243.

361 3409 511 3474 308.
557 3430 830 3472 TAMEN
883 3430 1075 3473 ILLA
1127 3430 1587 3484 nnnmourr
1636 3406 1986 3471 NATURA
2038 3425 2434 3480 CUIUSQUE

183 3531 288 3572 An
308 3530 445 3573 mu
486 3528 882 3571 vas-nom
922 3529 1174 3570 rmum
1195 3556 1208 3570 .
1239 3507 1425 3571 Bene
1452 3505 1813 3579 Marullus,
1855 3503 2156 3589 quamvis
2184 3501 2435 3566 Wake-

180 3606 441 3671 fieldus
468 3612 704 3692 neget,
744 3604 1144 3670 Nuus-,An
1162 3654 1178 3681 ,
1219 3613 1297 3670 ut
1324 3604 1528 3692 paulo
1558 3611 1720 3691 post
1747 3603 1872 3668 320
1913 3604 2111 3690 Usque
2140 3602 2292 3666 adeo
2321 3623 2435 3664 na-

179 3717 486 3770 tun-arum
511 3704 760 3790 vesciqia
787 3704 985 3790 linqui
1007 3704 1277 3769 Parvola
1296 3751 1310 3765 .
1336 3702 1461 3768 sed
1486 3702 1665 3767 idem
1686 3702 2015 3766 Marullus
2042 3700 2271 3765 nescio
2304 3718 2440 3783 qua

181 3826 258 3868 re
292 3803 634 3890 deceptus
664 3802 933 3888 scripsit
961 3804 1239 3867 animus:
1277 3804 1471 3867 animi
1497 3809 1686 3865 recte
1713 3809 2000 3887 uterque
2032 3798 2282 3872 codex,
2313 3795 2439 3861 sed

185 3902 577 3990 quadratus
603 3909 950 3988 postremo
980 3903 1005 3966 i
1034 3922 1120 3965 ex
1148 3926 1181 3965 e
1207 3900 1390 3966 facto
1419 3901 1635 3988 prima
1661 3921 1863 3963 manu
1881 3949 1894 3963 .

365 4001 509 4065 317.
541 4022 696 4065 ror
727 4021 1056 4066 nomn-tn
1098 4020 1310 4075 Quon
1353 4021 1557 4063 sun-r
1584 4049 1598 4063 .
1648 3999 2010 4064 Corrector
2039 3994 2314 4080 oblongi
2340 3994 2437 4057 ni-

185 4100 319 4164 mis
355 4100 623 4163 curiose
652 4109 798 4185 quot
820 4109 1000 4161 smzt.
1047 4104 1332 4182 uterque
1362 4096 1582 4161 codex
1608 4098 1679 4162 in
1706 4119 1907 4162 versu
1941 4095 2103 4161 1090
2132 4094 2297 4181 quod
2318 4093 2439 4169 υἱε,

185 4195 622 4284 quadratus'
603 4219 676 4262 m
702 4219 792 4272 vr,
805 4196 930 4260 703
959 4197 1238 4283 aliquod.
1270 4217 1357 4259 ne
1381 4196 1665 4281 septimo
1690 4194 1960 4306 quidem
1981 4194 2067 4258 ab
2088 4192 2255 4255 urbe
2280 4209 2438 4252 con-

185 4295 344 4361 dita
383 4295 653 4360 saeculo
685 4302 940 4359 certum
971 4294 1308 4360 scribendi
1339 4294 1694 4358 discrimen
1723 4293 1880 4357 fuit.
1910 4293 1981 4356 in
2007 4292 2154 4375 lege
2185 4285 2444 4351 Thoria

184 4395 276 4459 26
316 4395 505 4474 Quod
530 4396 783 4482 qui-sque
812 4393 1131 4480 pecudes
1105 4416 1173 4457 m
1200 4394 1407 4459 culleis
1433 4396 1633 4458 via-eve
1661 4393 1946 4479 publicas
1984 4388 2216 4453 itineri-s
2254 4406 2443 4448 causa

183 4494 561 4558 iudana-it.
604 4493 720 4559 vix
750 4491 1070 4557 credibile
1110 4498 1218 4557 est
1255 4491 1389 4556 hoc
1417 4492 1527 4556 vel
1570 4489 1997 4556 doctissimos
2024 4481 2388 4551 fefellisse
2370 4503 2442 4547 m
