3042 5192
1344 452 1439 520 111
2368 454 2504 522 199

271 628 405 691 Tuo
433 626 750 700 imbuisse,
791 625 990 712 eforo
1018 626 1305 705 otiosam,
1342 648 1456 689 sua
1496 627 1811 711 occupati,
1858 626 2027 691 Novi
2062 627 2370 707 umbilici,
2411 630 2511 693 die

260 727 475 790 otiosi.-
527 722 817 788 Horatio
863 724 932 786 in
992 724 1352 789 carminum
1413 722 1599 796 111‚21
1648 745 1789 787 non
1850 724 2059 788 ausim
2118 724 2505 794 adscribere

256 848 432 888 mero
475 823 804 887 incaluisse
827 869 846 901 ‚
904 828 972 885 et
1016 820 1298 886 Ovidius
1343 820 1531 886 hiare
1581 822 1813 886 maluit
1862 843 2160 888 amorum
2207 848 2277 900 11,
2300 824 2505 900 13‚21‚

248 922 661 1009 precibusque
699 922 850 985 meis
874 921 1034 1009 save
1063 920 1348 1008 Ilitkyz'a.
1395 920 1519 985 sed
1551 919 1738 1006 quod
1767 921 2048 986 maxime
2074 923 2503 988 memorabile

259 1028 403 1098 est,
423 1041 565 1085 non
587 1020 828 1105 exigua
854 1040 1016 1104 pars
1045 1025 1396 1104 poetarum
1417 1020 1504 1084 ab
1537 1019 1813 1084 elisione
1832 1021 2313 1086 vocabulorum
2341 1024 2503 1086 'iam-

255 1120 567 1184 bicorum
605 1117 876 1184 omnino
923 1117 1434 1195 abstinuerunt3
1479 1119 1761 1203 primum
1801 1117 2072 1203 quidem
2103 1120 2504 1205 quicumque

256 1224 536 1304 praeter
567 1216 897 1281 Catullum
938 1224 1007 1281 et
1033 1215 1459 1302 Propertium
1489 1215 1792 1282 Undenis
1833 1215 2256 1303 pedibusque
2299 1218 2502 1304 sylla·

255 1317 505 1402 bisque
528 1315 946 1400 scripserunt
961 1363 979 1392 ‚
1009 1314 1320 1380 Tibullus
1343 1336 1492 1379 cum
1513 1313 1865 1410 Lygdamo
1891 1321 1960 1379 et
1983 1314 2279 1402 Sulpicia
2294 1364 2311 1393 ‚
2343 1315 2503 1380 Ovi-

258 1413 416 1479 dius
436 1462 454 1491 ,
498 1413 937 1499 Priapeorum
964 1419 1212 1501 poetae
1232 1462 1247 1488 ‚
1291 1412 1621 1478 Martialis
1640 1461 1656 1488 ‚
1686 1411 1812 1476 sed
1839 1412 2029 1477 multi
2060 1435 2333 1498 quoque
2364 1413 2503 1486 alii,

256 1512 522 1580 Ennius
560 1511 630 1575 in
670 1510 1077 1577 hexametris
1096 1559 1113 1588 ‚
1170 1510 1394 1577 Varro
1450 1518 1644 1577 extra
1687 1509 2027 1576 Sotadeos
2046 1559 2062 1586 ‚
2112 1510 2470 1576 Lucretius
2488 1558 2503 1583 ,

256 1609 576 1676 Valerius
609 1609 779 1676 Cato
796 1657 814 1686 ‚
860 1609 1137 1675 Gratius
1155 1659 1171 1686 ‚
1211 1609 1524 1675 Manilius
1543 1657 1559 1684 ‚
1604 1607 1856 1674 Iliados
1890 1608 2225 1696 interpres
2244 1657 2261 1686 ‚
2304 1608 2502 1673 Colu-

255 1708 461 1773 mella
477 1756 496 1784 ‚
537 1706 812 1773 Persius
829 1755 845 1772 .
885 1708 955 1773 in
980 1707 1553 1795 hendecasyllabo
1580 1716 1835 1780 tamen,
1864 1713 1943 1771 ut
1969 1713 2138 1791 puto
2155 1753 2172 1782 ‚
2216 1707 2502 1772 Bibacu-

255 1808 368 1873 lus
396 1807 630 1893 duplici
658 1817 798 1892 &oya
824 1807 1122 1872 imolam-s
1151 1805 1336 1894 apud
1360 1805 1732 1872 Charisium
1758 1827 1824 1891 p.
1845 1803 1994 1870 102.
2024 1805 2093 1868 in
2113 1802 2402 1889 Priapeo
2420 1803 2501 1867 64

255 1906 432 1971 male
479 1913 720 1971 contra
762 1903 1070 1971 codicum
1115 1904 1315 1970 fidem
1357 1904 1674 1969 scribitur
1710 1904 2009 1967 sustinens
2049 1903 2156 1965 diu
2183 1906 2505 1966 aestdtem:

256 2004 473 2069 debet
501 2023 650 2067 esse
680 2003 919 2068 Parum
948 2013 1033 2068 eet
1057 2004 1254 2090 quod,
1293 2002 1392 2067 Ιιίο
1418 2002 1760 2091 vifis-imus
1784 2001 1970 2065 semel
1991 1999 2192 2063 sedem
2206 2045 2224 2077 ,
2268 2000 2501 2084 Ayente

254 2115 431 2169 terra
461 2124 585 2187 per
624 2102 972 2166 caniculam
997 2101 1192 2166 rium
1222 2100 1614 2166 Siticulosmn
1650 2099 2011 2162 manemus
2051 2106 2334 2160 aestatem
2352 2145 2366 2159 .
2415 2117 2500 2160 ex

255 2201 706 2287 elegiaeorum
735 2221 1011 2265 numero
1044 2196 1511 2286 excerpendus
1534 2202 1640 2259 est
1665 2192 1776 2276 qui
1802 2191 2181 2274 composuit
2202 2192 2292 2257 ad
2312 2194 2493 2259 Mes-

255 2299 497 2365 sallam
539 2293 838 2375 carmen,
881 2298 951 2362 in
992 2319 1128 2383 quo
1175 2304 1280 2361 est
1318 2296 1504 2358 rubro
1535 2291 1708 2356 Eleis
1736 2288 1853 2364 32,
1893 2288 2054 2352 item
2084 2290 2199 2374 qui
2227 2291 2500 2375 scripsit

252 2399 328 2463 in
357 2397 649 2482 epistula
674 2397 974 2462 Helenae
1004 2395 1086 2460 97
1127 2394 1316 2459 Disce
1341 2411 1474 2453 meo
1503 2388 1777 2473 exemplo
1796 2434 1813 2450 .
1858 2385 1985 2451 sed
2010 2386 2080 2451 in
2108 2386 2397 2474 Priapeo
2413 2388 2497 2453 84

252 2494 690 2562 scribendum
735 2503 841 2560 est
882 2494 1033 2558 Vere
1053 2513 1196 2555 rosa
1218 2536 1238 2568 ,
1272 2487 1475 2574 pomis
1502 2496 1796 2550 autmnno
1812 2533 1829 2565 ,
1870 2505 2011 2549 non
2037 2508 2181 2550 rosa
2209 2489 2500 2551 anteimmo

239 2596 494 2681 pomis.-
533 2600 738 2678 atque
779 2593 850 2657 in
880 2587 1125 2655 Ovidio
1170 2605 1470 2649 amorum
1514 2582 1794 2660 11‚19‚20
1826 2589 1894 2648 et
1932 2582 2003 2646 in
2034 2582 2348 2649 Martiale
2376 2607 2496 2659 vu,

250 2693 454 2768 2020
484 2691 802 2757 Heinsius
831 2685 1139 2774 peccavit
1158 2732 1175 2761 ‚
1207 2704 1357 2747 cum
1383 2681 1547 2747 feeit
1572 2683 1713 2746 tim
1740 2681 2001 2745 imidiae
2031 2689 2100 2746 et
2127 2683 2304 2748 domo
2332 2683 2493 2748 inm-

250 2795 360 2858 lit.
396 2789 586 2876 quod
615 2797 835 2854 autem
862 2785 931 2848 in
962 2803 1241 2870 operum
1266 2778 1752 2845 Ovidianorum
1775 2780 2284 2865 corruptissimo
2315 2780 2497 2866 (tris-

251 2892 356 2956 tia
397 2888 577 2972 dico)
615 2885 860 2972 legitur
902 2880 1242 2946 distichon
1294 2880 1380 2944 ab
1425 2878 1606 2944 omni
1649 2884 1842 2963 parte
1882 2876 2248 2942 absurdum
2265 2928 2281 2955 ,
2321 2879 2496 2944 libro

249 2987 505 3064 11‚295‚
548 2983 789 3048 Venerit
824 2982 893 3045 in
932 2980 1144 3065 magnai
1185 2978 1472 3064 ternplum
1495 3024 1513 3056 ,
1565 2986 1672 3040 tua
1710 2998 1970 3040 munera
1991 3023 2011 3055 ,
2053 2976 2282 3040 Illara's
2301 3024 2320 3056 ‚
2361 2977 2501 3042 Stat

269 3088 473 3152 Veram
513 3081 709 3146 Ultori
737 3081 949 3144 iuncta
974 3079 1109 3143 viro
1138 3088 1279 3143 ante
1289 3077 1470 3165 sores
1497 3074 1676 3158 (nam
1703 3093 1924 3157 neque
1952 3073 2021 3136 in
2048 3073 2369 3157 templum
2395 3073 2495 3137 in-

250 3191 400 3250 trat
422 3180 539 3267 qui
568 3200 647 3244 ea
671 3198 845 3264 quae
868 3185 1025 3243 ante
1050 3176 1235 3242 fores
1265 3182 1424 3239 sunt
1443 3171 1678 3237 videre
1701 3171 1848 3236 vult
1864 3220 1880 3247 ,
1910 3190 2132 3256 neque
2154 3170 2341 3236 Mars
2355 3170 2494 3235 Ve-

243 3281 439 3348 neris
466 3278 571 3343 vir
600 3284 706 3342 est
728 3325 746 3354 ‚
792 3274 920 3342 sed
945 3274 1374 3358 Vulcanus),
1415 3268 1487 3335 id
1533 3290 1934 3355 quamquam
1974 3266 2328 3333 emendare
2355 3290 2495 3333 non

241 3387 564 3468 poteram
591 3423 608 3452 ‚
646 3396 786 3441 non
814 3381 1036 3440 tamen
1073 3379 1439 3459 propterea
1469 3366 1825 3432 credebam
1856 3365 2171 3432 Ovidium
2196 3368 2330 3431 viro
2358 3371 2498 3431 dnte

240 3477 558 3545 scribere
588 3472 929 3559 potuisse,
954 3472 1204 3559 quippe
1236 3469 1351 3555 qui
1377 3469 1448 3533 in
1477 3473 1669 3531 tanto
1703 3465 2062 3532 carminum
2089 3486 2368 3529 numero
2398 3464 2496 3527 ni·

241 3577 350 3643 hil
376 3594 662 3659 usquam
692 3571 902 3636 simile
931 3592 1136 3636 ausus
1166 3575 1382 3634 esset:
1425 3587 1603 3631 nunc
1633 3564 2203 3648 Maur.Hauptius
2230 3583 2496 3627 manum

241 3680 503 3762 poetae
533 3668 1000 3736 emendatione
1031 3665 1478 3755 pulcherrima
1505 3665 1802 3729 restituit
1828 3664 1924 3728 ita
1944 3710 1961 3739 ‚
1993 3662 2131 3727 Stat
2156 3662 2353 3726 Venus
2392 3659 2496 3723 UI-

241 3772 375 3838 tori
404 3772 646 3848 iuncta,
675 3768 770 3832 vir
799 3778 937 3832 ante
948 3767 1127 3855 sores
1145 3812 1159 3826 .
1189 3762 1369 3830 idem
1397 3770 1625 3828 tamen
1655 3761 1939 3828 Ovidius
1966 3759 2136 3825 locis
2165 3780 2305 3823 non
2332 3778 2496 3843 pau-

244 3870 355 3936 cis
399 3878 488 3933 εει
526 3887 676 3931 cum
713 3864 1063 3931 vocabulis
1101 3862 1402 3928 ’iambicis
1433 3861 1680 3928 collisit
1707 3886 1724 3939 ς
1768 3860 1837 3925 in
1869 3881 2004 3946 quo
2036 3856 2327 3922 dubitari
2356 3876 2497 3918 non

247 3973 498 4056 potest
524 3963 690 4049 quin
727 3989 760 4030 e
786 3964 1078 4029 litteram
1107 3960 1595 4047 suppresserit,
1636 3969 1818 4039 tuost,
1863 3968 2117 4037 meae-st,
2159 3956 2358 4034 locist,
2400 3977 2497 4017 so·

105 4103 112 4112 ·
242 4069 398 4144 lost,
419 4073 651 4149 royoet,
674 4063 860 4144 diust,
879 4062 1095 4128 neci-st.
1127 4068 1332 4144 atque
1357 4056 1592 4122 eadem
1619 4056 1791 4121 haec
1809 4106 1824 4134 ,
1847 4079 1934 4122 ex
1959 4056 2041 4120 iis
2070 4053 2292 4140 poetis
2325 4071 2497 4136 quos

245 4161 643 4230 cautissime
670 4161 743 4226 in
768 4160 903 4226 hoc
943 4180 1189 4246 genere
1216 4163 1528 4222 versatos
1559 4177 1708 4221 esse
1743 4155 1880 4220 dixi
1911 4203 1927 4231 ,
1968 4154 2223 4218 habent
2250 4150 2496 4214 Lucre-

247 4264 394 4329 tius
413 4310 430 4337 ‚
470 4259 780 4325 Tibullus
810 4259 1024 4337 1v‚4‚7
1054 4258 1261 4322 maliet
1288 4265 1357 4320 et
1384 4256 1452 4320 in
1481 4255 1772 4340 Priapeo
1800 4255 1993 4319 noviei
2009 4301 2029 4333 ,
2072 4248 2344 4314 Gratius
2375 4245 2497 4309 412

247 4361 515 4440 malost,
545 4357 860 4423 Manilius
884 4357 1091 4434 11‚427
1115 4356 1233 4420 491
1257 4356 1462 4443 pariet
1489 4361 1558 4418 et
1589 4353 1802 4432 Ioviet,
1824 4351 2178 4435 Priapeum
2213 4345 2290 4408 16
2317 4344 2504 4407 virosi

254 4470 328 4526 et
357 4460 438 4524 41
471 4469 667 4538 most,
696 4458 971 4523 Persius
1001 4479 1089 4530 lv,
1112 4457 1185 4519 17
1218 4456 1441 4534 boni-st,
1483 4451 1810 4517 Martialis
1842 4472 1939 4524 111,
1954 4448 2033 4512 97
2063 4454 2280 4522 meost,
2312 4464 2398 4516 ιν,
2419 4440 2496 4502 16

1265 4773 1288 4900 ι’
1313 4777 1348 4818 ’²

1281 4909 1294 4928 x
1341 4933 1348 4942 ι
