3042 5192
606 452 694 518 50
1680 450 1742 517 ΙΙ

595 626 666 691 id
694 625 856 690 facit
885 625 1191 709 exiguum
1223 624 1550 687 clinamen
1577 624 2054 710 principiorum

595 763 721 805 nec
749 740 1021 824 regione
1049 739 1181 802 loci
1210 747 1395 802 certa
1421 759 1549 802 nec
1579 748 1878 825 tempore
1910 747 2095 803 certo
2117 788 2131 801 .

678 854 819 918 Nec
850 854 1098 941 stipata
1125 854 1334 938 magis
1362 852 1489 917 fuit
1516 874 1829 938 umquam
1856 855 2155 918 materiai

437 989 534 1035 295
591 972 786 1058 copia
812 990 938 1032 nec
967 990 1175 1055 porro
1204 968 1565 1032 maioribus
1592 968 1994 1043 intervallis:

588 1107 741 1149 nam
768 1104 987 1169 neque
1018 1081 1404 1168 adaugescit
1435 1083 1787 1168 quicquam
1814 1104 2034 1169 neque
2063 1082 2324 1169 deperit
2353 1082 2542 1147 inde.

588 1222 721 1286 qua
749 1205 1029 1287 propter
1058 1218 1193 1282 quo
1222 1219 1399 1260 nunc
1425 1197 1493 1261 in
1520 1205 1710 1262 motu
1738 1199 2207 1286 principiorum

585 1333 873 1400 corpora
902 1320 1089 1387 sunt,
1112 1312 1181 1374 in
1211 1311 1448 1376 eodem
1477 1321 1634 1376 ante
1664 1321 1819 1377 acta
1848 1321 2068 1377 aetate
2097 1312 2283 1375 fuere

585 1437 654 1492 et
681 1435 841 1514 post
868 1427 1035 1490 haec
1065 1448 1328 1513 semper
1358 1427 1550 1489 simili
1577 1428 1839 1491 ratione
1866 1427 2167 1491 ferentur
2189 1477 2203 1502 ‚

430 1561 527 1607 300
587 1551 654 1607 et
684 1562 856 1627 quae
887 1539 1274 1603 consuerint
1299 1541 1480 1626 gigni
1508 1543 1865 1626 gignentur
1895 1541 2129 1605 eadem

582 1655 974 1720 condicione
1006 1663 1073 1718 et
1103 1661 1299 1718 erunt
1329 1662 1397 1718 et
1426 1664 1733 1720 crescent
1759 1656 1961 1741 vique
1990 1657 2311 1721 valebunt
2329 1708 2344 1731 ‚

581 1779 901 1857 quantum
930 1771 1167 1855 cuique
1199 1767 1429 1833 datum
1461 1779 1566 1835 est
1593 1792 1715 1855 per
1744 1768 2024 1835 foedera
2051 1775 2346 1837 naturai.

575 1908 701 1950 nec
729 1907 948 1950 rerum
979 1905 1297 1949 summam
1327 1892 1734 1949 commutare
1762 1886 1898 1950 ulla
1926 1895 2156 1973 potest
2181 1889 2318 1954 vis:

573 2023 726 2066 nam
753 2022 974 2086 neque
1005 2022 1139 2086 quo
1168 2000 1390 2087 possit
1417 2021 1630 2086 genus
1658 2001 1862 2065 ullum
1889 2002 2189 2066 materiai

421 2135 516 2181 305
575 2117 864 2203 effugere
896 2138 980 2179 ex
1014 2114 1193 2179 omni
1222 2116 1576 2200 quicquam
1608 2124 1744 2191 est,
1768 2138 1985 2200 neque
2013 2117 2082 2180 in
2112 2138 2307 2182 omne
2338 2138 2638 2182 seorsum

573 2232 754 2296 unde
784 2239 1021 2300 coorta
1050 2238 1256 2315 queat
1281 2251 1461 2293 nova
1486 2232 1591 2294 vis
1619 2232 1998 2318 inrumpere
2031 2240 2099 2295 et
2129 2253 2388 2295 omnem

569 2356 877 2411 naturam
906 2366 1125 2408 rerum
1154 2353 1413 2408 mutare
1446 2353 1513 2409 et
1540 2352 1804 2408 vertere
1833 2355 2055 2410 motus
2075 2396 2088 2408 .

653 2459 828 2524 Illud
854 2460 924 2522 in
950 2459 1056 2521 his
1085 2458 1286 2520 rebus
1314 2480 1453 2521 non
1484 2466 1592 2521 est
1618 2459 1916 2523 mirabile
1936 2508 1951 2533 ‚
1976 2482 2183 2543 quare
2204 2510 2218 2535 ‚

570 2574 790 2640 omnia
819 2594 968 2635 cum
994 2592 1216 2635 rerum
1244 2570 1612 2656 primordia
1640 2573 1775 2635 sint
1800 2573 1870 2636 in
1896 2581 2086 2636 motu
2103 2622 2118 2647 ‚

411 2707 507 2753 310
569 2708 823 2753 summa
850 2694 1072 2749 tamen
1101 2706 1354 2749 summa
1380 2684 1690 2750 videatur
1720 2700 1899 2750 stare
1932 2687 2155 2770 quiete
2177 2737 2192 2762 ‚

562 2809 830 2891 praeter
862 2821 1062 2885 quam
1090 2799 1313 2884 siquid
1340 2800 1621 2888 proprio
1653 2801 1773 2865 dat
1802 2822 2088 2888 corpore
2117 2811 2372 2866 motus,

564 2917 777 2981 omnis
810 2916 981 2979 enim
1008 2915 1208 2999 longe
1237 2915 1489 2979 nostris
1520 2916 1606 2980 ab
1637 2917 1945 2981 sensibus
1972 2915 2148 2979 infra

559 3033 919 3122 primorum
946 3038 1191 3094 natura
1216 3030 1426 3106 iacet3
1452 3051 1586 3115 qua
1612 3037 1896 3118 propter
1913 3079 1928 3105 ‚
1950 3031 2064 3096 ubi
2091 3031 2241 3118 ipsa

559 3169 832 3213 cernere
860 3147 987 3210 iam
1015 3166 1315 3231 nequeas
1334 3193 1348 3220 ‚
1377 3152 1603 3209 motus
1633 3166 1904 3230 quoque
1935 3166 2212 3231 surpere
2246 3145 2529 3225 debent3

401 3281 497 3326 315
553 3262 948 3350 praesertim
978 3282 1125 3323 cum
1144 3309 1159 3335 ‚
1184 3281 1355 3345 quae
1386 3261 1719 3347 possimus
1749 3280 2020 3322 cernere
2039 3307 2053 3334 ,
2080 3261 2299 3325 celent

557 3396 759 3463 saepe
789 3383 1014 3438 tamen
1041 3382 1264 3437 motus
1284 3423 1299 3449 ‚
1323 3374 1543 3459 spatio
1576 3371 1853 3436 diducta
1881 3371 2180 3437 locorum
2202 3425 2215 3438 .

554 3512 706 3554 nam
737 3509 941 3577 saepe
969 3490 1039 3551 in
1068 3488 1218 3552 colli
1246 3485 1612 3550 tondentes
1640 3487 1888 3573 pabula
1913 3487 2093 3551 laeta

553 3606 888 3690 lanigerae
915 3609 1190 3690 reptant
1217 3599 1514 3687 pecudes
1544 3622 1679 3686 quo
1711 3622 2043 3687 quamque
2072 3613 2395 3669 vocantes

549 3720 834 3783 invitant
860 3716 1113 3780 herbae
1142 3723 1551 3803 gemmantes
1579 3739 1735 3780 rore
1763 3719 2017 3782 recenti
2036 3768 2050 3792 ‚

394 3850 490 3896 320
553 3841 621 3897 et
650 3833 872 3897 satiati
901 3833 1052 3917 agni
1080 3831 1325 3895 ludunt
1351 3830 1732 3917 blandeque
1764 3843 2154 3909 coruscant3

549 3948 768 4012 omnia
799 3968 971 4032 quae
1000 3948 1196 4011 nobis
1224 3947 1424 4032 longe
1456 3945 1737 4010 confusa
1763 3945 2079 4011 videntur

548 4072 618 4128 et
643 4062 750 4127 vel
780 4070 854 4126 ut
890 4062 957 4126 in
984 4061 1181 4126 viridi
1213 4061 1468 4126 candor
1510 4061 1879 4125 consistere
1923 4063 2105 4125 colli.

546 4264 625 4271 .—

548 4342 645 4389 294
684 4335 783 4388 fult
829 4336 849 4403 ΙΙ
896 4342 989 4388 301
1031 4338 1188 4407 viquo
1240 4338 1259 4403 ΙΙ
1306 4343 1401 4389 305
1441 4338 1494 4389 in
1531 4352 1742 4388 omnes.
1790 4337 1810 4405 Η
1861 4342 1958 4388 313
1997 4337 2196 4409 ipsum.
2249 4340 2269 4406 ΙΙ
2317 4345 2414 4392 314
2453 4357 2718 4411 usurpet-e
2762 4344 2784 4411 ΙΙ

547 4425 645 4471 318
682 4436 835 4488 quam
882 4420 901 4487 ΙΙ
952 4425 1050 4471 320
1088 4421 1248 4472 satiat
1284 4422 1303 4488 Η
1342 4425 1439 4471 322
1476 4420 1552 4471 uti
