3042 5192
622 478 760 546 300
1702 475 1770 540 V

616 653 825 738 magis
855 654 993 715 loca
1021 653 1259 736 tinqunt
1284 698 1301 728 ,
1347 648 1533 734 quod
1563 649 1792 733 posuit
1822 648 2182 713 Lambinus
2203 698 2216 710 .
2248 648 2482 711 melius
2513 647 2692 712 foret
2717 661 2833 712 taia-

610 762 763 836 91mt
791 799 808 829 ‚
853 747 976 812 sed
1006 748 1421 811 verissimum
1452 745 1692 810 eodem
1722 769 1922 810 sensu
1955 760 2010 811 el
2039 748 2176 810 loca
2215 768 2598 810 muner-:nr
2626 794 2641 806 .
2686 747 2749 809 in
2777 771 2838 810 11.

623 849 728 912 141
781 848 931 911 haec
974 849 1112 910 loca
1140 848 1372 909 circum
1401 845 1706 908 Laetitiae
1732 846 1996 908 mulcent
2030 893 2043 906 .
2090 843 2176 906 de
2205 844 2496 907 nubibus
2528 845 2597 906 in
2627 866 2715 918 lv,
2736 846 2840 907 136

615 953 789 1011 Aera
829 946 1153 1009 mulcentes
1192 955 1357 1007 motu
1386 992 1399 1005 .
1440 941 1776 1027 Vergilius
1817 944 1886 1005 in
1926 965 2042 1016 vn,
2060 942 2141 1005 34
2185 940 2271 1004 de
2311 942 2553 1005 avibus
2584 942 2843 1005 Aethera

615 1045 955 1108 mulcebant
997 1053 1177 1105 cantu
1208 1090 1221 1103 .
1266 1050 1562 1104 ceterum
1606 1039 1904 1104 ordinem
1949 1062 2263 1104 versuum
2302 1040 2561 1125 primus
2606 1040 2717 1103 hic
2749 1064 2844 1104 os·

616 1140 834 1207 tendit
854 1140 1180 1205 Marullus
1211 1161 1251 1204 a
1278 1139 1766 1202 recentioribus
1795 1138 1977 1202 nulla
2004 1136 2203 1202 laude
2228 1137 2548 1222 dignatus
2568 1187 2583 1201 .
2610 1138 2845 1201 ¹Nalm-

615 1238 851 1303 fieldus
870 1287 885 1314 ‚
917 1237 1106 1322 quasi
1139 1236 1461 1299 elementa
1497 1258 1699 1298 caeco
1738 1258 1899 1299 casu
1926 1236 1992 1299 in
2022 1236 2199 1299 hanc
2228 1235 2713 1323 disposituram
2743 1236 2846 1298 de·

615 1337 922 1401 venerint
952 1384 967 1410 ‚
1010 1330 1216 1398 ‘nulla
1263 1342 1369 1397 est
1412 1337 1698 1410 caussa',
1752 1335 1969 1418 inquit
1995 1382 2011 1409 ‚
2046 1328 2154 1397 ‘de
2197 1336 2329 1419 qua
2372 1347 2686 1419 receptam
2732 1335 2849 1398 loci

617 1435 1161 1499 constitutionem
1189 1433 1298 1495 vel
1324 1434 1671 1496 immutare
1691 1481 1707 1508 ‚
1736 1433 1845 1496 vel
1876 1432 2189 1497 deserere
2208 1482 2224 1508 ‚
2256 1432 2539 1496 velimus
2553 1436 2587 1495 ’.

783 1532 920 1595 571.
953 1531 1226 1595 Pomm
1270 1553 1587 1605 Quoour.
1632 1554 1827 1594 runc
1872 1553 2098 1594 sons
2135 1554 2393 1595 nsum
2432 1553 2847 1606 amnuens

615 1654 905 1695 VIDERI
939 1678 952 1692 .
1012 1628 1400 1708 Quadratus
1445 1630 1714 1715 ilumque
1744 1677 1758 1691 .
1815 1628 2173 1693 Turnebus
2214 1629 2283 1692 in
2313 1627 2847 1693 adversariorum

616 1728 849 1804 x1v‚23
894 1728 1156 1813 egregie
1189 1726 1421 1791 Forma
1457 1727 1602 1790 solis
1644 1749 2059 1803 riLquuss
2086 1777 2106 1808 ‚
2150 1727 2332 1813 quod
2378 1735 2613 1790 tamen
2643 1749 2846 1812 neque

617 1829 761 1915 ipse
791 1849 917 1891 nec
948 1826 1152 1890 ceteri
1184 1825 1300 1908 qui
1325 1823 1410 1886 de
1432 1824 1565 1887 hoc
1594 1824 1929 1889 vocabulo
1963 1824 2280 1889 dixerunt
2309 1833 2497 1888 recte
2528 1826 2845 1910 interpre-

614 1926 741 1990 tati
764 1932 922 1989 sunt
943 1931 1211 2009 praeter
1234 1923 1640 1986 Bentleium:
1667 1924 1726 1986 is
1750 1922 1840 1986 ad
1862 1945 2129 1987 versum
2155 1924 2270 1988 581
2288 1925 2481 2012 filum
2513 1922 2685 1986 dicit
2714 1945 2845 1986 esse

617 2021 1136 2109 magnitudinem
1168 2045 1182 2084 :
1229 2029 1334 2085 est
1376 2029 1598 2084 autem
1632 2022 1907 2107 proprie
1938 2020 2318 2085 crassitudo
2351 2070 2368 2096 ‚
2414 2021 2608 2107 quod
2641 2022 2847 2085 velex

617 2123 766 2186 libri
794 2145 864 2186 1v
901 2142 1104 2184 versu
1134 2119 1217 2183 88
1263 2131 1547 2204 apparet
1578 2167 1593 2194 ,
1637 2120 1752 2182 ubi
1793 2128 1951 2182 sunt
1973 2119 2335 2206 formarum
2373 2122 2631 2205 vestiqia
2658 2122 2850 2206 meptili

605 2222 895 2307 praedica
905 2221 1024 2308 filo
1045 2267 1058 2279 .
1086 2217 1319 2281 Cicero
1345 2216 1430 2280 dc
1460 2225 1732 2281 oratore
1764 2218 1935 2281 libro
1961 2241 2030 2294 11,
2048 2219 2130 2281 93
2160 2242 2364 2282 omnes
2391 2220 2579 2282 etiam
2610 2230 2735 2282 tum
2762 2244 2847 2281 re-

616 2320 880 2383 tinebant
906 2319 1080 2381 illum
1113 2318 1341 2380 Pericli
1367 2340 1582 2379 suctim
1596 2364 1614 2395 ,
1652 2317 1761 2380 sed
1784 2328 1963 2380 erant
1980 2317 2172 2401 paulo
2200 2316 2484 2379 uberiore
2495 2317 2623 2405 filo
2642 2366 2658 2379 .
2687 2315 2847 2378 idem

619 2418 686 2480 in
732 2439 826 2492 111,
857 2416 938 2478 96
986 2415 1259 2479 Ornatur
1298 2416 1487 2499 ἱρέων
1531 2416 1726 2478 oratio
1761 2437 1984 2499 qenere
2013 2414 2289 2499 primmn
2340 2424 2399 2477 et
2440 2416 2627 2499 quasi
2668 2416 2850 2478 colore

617 2514 882 2602 quodam
921 2523 976 2576 et
1013 2537 1157 2576 suco
1194 2536 1340 2576 suo:
1395 2532 1555 2574 mox
1595 2510 1838 2575 ibidem
1880 2514 1946 2574 in
1988 2522 2103 2575 toto
2144 2522 2494 2596 spectantur
2532 2512 2691 2576 haec
2730 2536 2848 2575 cor-

609 2637 763 2698 pore
794 2637 815 2675 .·
857 2609 1103 2673 deinde
1151 2612 1266 2674 103
1309 2611 1459 2675 haec
1479 2610 1827 2697 formanda
1847 2610 1966 2698 filo
2011 2611 2138 2694 ipso
2184 2619 2241 2671 et
2275 2631 2503 2693 yenere
2532 2613 2847 2675 orationis.

619 2709 795 2773 idem
823 2710 892 2771 in
923 2709 1149 2771 Laelio
1181 2709 1261 2771 25
1303 2720 1360 2772 et
1397 2709 1606 2772 audivi
1647 2731 1767 2771 non
1808 2709 2027 2771 invitas
2067 2708 2343 2793 equidem
2374 2707 2849 2795 (philosophos

620 2808 1113 2895 disputantes):
1152 2808 1260 2870 sed
1285 2808 1460 2870 aliud
1484 2807 1791 2892 quoddam
1802 2807 1991 2895 filum
2020 2806 2311 2868 orationis
2337 2816 2479 2868 cuae
2496 2854 2515 2884 ,
2557 2806 2697 2870 hoc
2728 2815 2846 2876 est,

619 2907 881 2970 illorum
921 2905 1137 2969 oratio
1180 2904 1441 2968 tenuior
1483 2913 1589 2967 est
1615 2951 1631 2976 ,
1677 2904 1945 2967 uberior
1977 2911 2093 2967 tua
2123 2952 2137 2965 .
2170 2901 2504 2966 Varronis
2534 2908 2747 2968 verba
2774 2904 2846 2967 de

619 3006 843 3090 lingua
869 3003 1112 3068 Latina
1139 3027 1186 3066 x
1215 3027 1277 3088 p.
1299 3004 1421 3066 546
1454 3051 1469 3078 ‚
1514 3003 1758 3087 quibus
1798 3002 1865 3064 in
1909 3001 2041 3064 hoc
2082 3000 2414 3064 vocabulo
2452 3002 2846 3087 explicando

621 3104 1029 3189 grammatici
1068 3102 1164 3165 uti
1206 3123 1343 3164 non
1386 3102 1609 3165 solent
1638 3149 1653 3174 ‚
1701 3099 2026 3163 Mullerus
2058 3120 2326 3183 quoque
2358 3098 2531 3162 male
2561 3102 2845 3188 interpo-

622 3202 831 3265 lavit:
878 3200 1099 3264 codex
1140 3207 1323 3263 recte
1371 3199 1470 3263 Eo
1498 3223 1694 3284 porro
1732 3199 2057 3261 similiores
2092 3208 2232 3260 sunt
2269 3200 2376 3283 qui
2397 3198 2585 3285 facie
2628 3222 2847 3286 quoque

613 3324 771 3385 pene
800 3301 1041 3374 eadem,
1072 3298 1277 3361 habitu
1307 3298 1581 3381 corpori-s·
1597 3345 1615 3375 ‚
1628 3297 1749 3385 filo
1767 3344 1781 3358 .
1814 3294 2074 3359 Nonius
2101 3342 2116 3368 ‚
2162 3295 2275 3380 qui
2306 3296 2553 3360 ceteris
2586 3317 2843 3382 pravam

621 3398 1240 3482 interpretationem
1271 3394 1643 3480 praecinuit
1673 3442 1689 3466 ‚
1731 3416 1794 3478 p.
1815 3393 1955 3468 313,
1981 3392 2054 3456 12
2086 3392 2292 3456 hilum
2322 3442 2341 3472 ,
2380 3395 2509 3458 oris
2536 3395 2845 3458 liniamen-

622 3508 744 3560 tum
760 3544 774 3557 .
811 3498 1092 3559 Luciliu-s
1120 3496 1218 3558 lib.
1237 3516 1508 3558 xxvlnl
1534 3493 1734 3577 Sur-qe
1754 3493 1991 3571 mulier,
2029 3492 2230 3554 ducito
2240 3492 2429 3580 filum
2450 3516 2573 3556 non
2598 3494 2843 3556 maleam.

627 3594 857 3657 Lucilii
885 3594 1092 3656 verba
1119 3592 1286 3655 male
1318 3591 1637 3655 distincta
1668 3611 1814 3654 csse
1845 3601 2148 3675 apertum
2179 3597 2283 3652 est
2302 3637 2316 3650 .
2348 3590 2693 3653 novissimi
2722 3587 2845 3652 edi·

629 3702 811 3756 tores
840 3692 1036 3754 ducite
1050 3716 1074 3772 ‚·
1107 3712 1396 3775 quonam
1427 3696 1702 3753 auctore
1731 3687 1836 3752 usi
1867 3734 1882 3760 ‚
1923 3687 2151 3750 nescio
2186 3710 2201 3750 t
2245 3707 2400 3750 nam
2430 3696 2591 3750 ante
2621 3711 2695 3751 se
2722 3708 2843 3750 non

626 3788 825 3854 modo
857 3789 1234 3852 Mercerum
1274 3787 1398 3851 sed
1439 3809 1669 3851 omnes
1712 3787 1912 3850 ducito
1956 3783 2227 3848 dedisse
2268 3807 2351 3847 ne
2380 3784 2688 3848 referunt
2714 3785 2843 3868 qui-

629 3887 781 3950 dem
800 3934 813 3948 .
846 3885 1007 3971 quid
1030 3885 1322 3949 Lucilius
1349 3886 1697 3972 scripserit
1720 3885 1850 3948 dici
1872 3906 2009 3948 non
2030 3891 2295 3969 potest:
2326 3893 2623 3970 possunt
2652 3895 2843 3967 temp-

629 3984 753 4049 tari
786 4005 956 4069 quae
988 3983 1066 4048 eo
1100 3983 1302 4069 digna
1332 3984 1467 4047 sint
1494 4008 1510 4060 ς
1556 3985 1741 4048 velut
1768 3984 1899 4047 hoc
1934 4030 1949 4058 ,
1994 3983 2219 4066 Vir-yon
2258 4005 2341 4044 cm
2368 3983 2593 4046 mulier
2622 3983 2843 4045 dubim.

610 4086 798 4174 filum
826 4107 945 4147 uon
973 4084 1202 4147 malum
1220 4130 1239 4162 ,
1276 4084 1521 4146 Nasum
1550 4083 1661 4146 hoc
1690 4104 2024 4167 corpusque
2051 4081 2261 4143 scitum
2283 4128 2297 4142 .

794 4181 933 4244 576.
993 4182 1187 4243 S1vr:
1230 4201 1377 4243 SUA
1420 4202 1768 4242 Pnormo
1814 4199 2114 4241 1AcrAT
2160 4200 2260 4239 DE
2306 4199 2678 4240 CORPORE
2720 4197 2845 4238 m:-

630 4303 778 4343 cmr
813 4328 827 4343 .
873 4279 1208 4342 Antonius
1239 4277 1434 4340 Marii
1466 4284 1534 4340 et
1562 4276 1885 4340 Marullus
1927 4297 2141 4338 sulm
2175 4322 2188 4335 .
2236 4274 2562 4358 Apuleius
2605 4274 2688 4337 de
2726 4272 2847 4334 deo

631 4378 928 4440 Socratis
975 4399 1039 4462 p.
1078 4377 1193 4440 113
1240 4374 1395 4438 edit.
1441 4374 1743 4438 Hildebr.
1787 4375 1996 4439 radios
2044 4374 2186 4438 solis
2238 4372 2434 4436 obstiti
2492 4375 2585 4436 vel
2624 4372 2849 4435 adt-eni

631 4486 887 4558 mur-pat
914 4486 970 4538 et
996 4523 1013 4553 ,
1053 4485 1122 4538 ut
1151 4474 1340 4538 &erbis
1367 4485 1509 4538 utar
1542 4474 1816 4538 Lucretii
1840 4521 1859 4553 ‚
1900 4472 2143 4538 molliam
2172 4473 2354 4535 iactat
2380 4471 2456 4534 de
2484 4492 2733 4554 corpore
2760 4468 2846 4530 Ia·
