3042 5192
606 472 742 542 126
1650 465 1776 534 1111

594 645 801 711 multa
818 694 834 721 ‚
857 643 1159 708 dolorem
1188 640 1398 705 oculis
1429 661 1603 726 quae
1633 640 1916 725 gignunt
1944 640 2347 706 insinuando
2369 693 2382 705 .

596 759 814 827 lurida
840 764 1191 843 praeterea
1217 755 1387 819 fiunt
1415 775 1590 839 quae
1620 776 1904 839 cumque
1934 762 2208 819 tuentur

599 874 860 961 arquati
879 921 895 947 ‚
920 872 1076 956 quia
1106 870 1349 934 luroris
1381 867 1469 932 de
1500 890 1785 954 corpore
1818 891 2048 934 eorum

599 989 849 1054 semina
875 986 1082 1050 multa
1108 983 1323 1048 fluunt
1351 982 1722 1047 simulacris
1753 984 1952 1047 obvia
1979 1004 2200 1048 rerum
2218 1032 2234 1058 ,

446 1124 542 1170 310
594 1103 937 1186 multaque
965 1108 1123 1164 sunt
1152 1097 1361 1161 oculis
1390 1098 1460 1160 in
1488 1118 1717 1161 eorum
1748 1096 2038 1182 denique
2066 1098 2272 1163 mixta
2291 1149 2305 1172 ,

602 1238 771 1304 quae
803 1223 1085 1300 contage
1116 1234 1237 1276 sua
1266 1211 1636 1297 palloribus
1663 1211 1881 1276 omnia
1909 1213 2194 1298 pingunt
2214 1263 2227 1275 .

602 1355 638 1396 e
666 1330 960 1396 tenebris
990 1335 1210 1393 autem
1241 1346 1417 1412 quae
1446 1332 1606 1390 sunt
1632 1326 1700 1389 in
1729 1326 1879 1391 luce
1911 1334 2175 1391 tuemur

600 1453 962 1532 propterea
993 1442 1148 1527 quia
1165 1488 1183 1517 ‚
1204 1461 1353 1505 cum
1381 1441 1659 1526 propior
1689 1441 1985 1527 caliginis
2016 1448 2131 1507 aer

603 1568 748 1625 ater
775 1558 898 1622 init
926 1555 1158 1620 oculos
1186 1556 1373 1639 prior
1401 1563 1470 1618 et
1495 1554 1805 1641 possedit
1832 1564 2106 1641 apertos
2125 1605 2140 1628 ‚

449 1694 545 1740 315
600 1671 975 1758 insequitur
1005 1667 1300 1734 candens
1330 1668 1683 1734 confestim
1711 1667 1973 1734 lucidus
2002 1676 2118 1735 aer
2135 1720 2150 1742 ,

601 1788 716 1876 qui
744 1786 935 1873 quasi
962 1792 1207 1871 purgat
1237 1804 1354 1847 eos
1385 1804 1465 1847 ac
1492 1784 1719 1869 nigras
1750 1783 2025 1849 discutit
2049 1786 2321 1849 umbras

606 1902 776 1968 aEris
805 1900 1014 1964 illius:
1037 1920 1189 1963 nam
1217 1898 1441 1962 multis
1471 1897 1779 1984 partibus
1808 1899 1919 1963 hic
1950 1906 2055 1963 est

601 2015 906 2082 mobilior
934 2014 1293 2099 multisque
1321 2013 1636 2077 minutior
1667 2019 1735 2077 et
1762 2034 1952 2099 mage
1980 2015 2242 2100 pollens
2262 2066 2275 2077 .

605 2132 720 2219 qui
749 2128 942 2196 simul
972 2136 1176 2213 atque
1204 2127 1348 2191 vias
1379 2127 1723 2191 oculorum
1753 2127 1902 2191 luce
1928 2130 2216 2214 replevit

449 2263 545 2310 320
600 2252 805 2329 atque
835 2251 993 2328 pate
1020 2241 1216 2316 fecit,
1239 2262 1408 2326 quas
1438 2249 1596 2306 ante
1627 2240 1990 2307 obsederat
2018 2251 2196 2318 ater,

603 2366 760 2423 aera
789 2360 1106 2422 continuo
1136 2377 1355 2421 rerum
1385 2356 1737 2420 simulacra
1766 2365 2084 2421 secuntur
2102 2407 2118 2432 ‚

605 2493 777 2559 quae
806 2473 937 2536 sita
964 2478 1124 2536 sunt
1148 2472 1217 2534 in
1244 2470 1392 2534 luce
1410 2520 1426 2547 ‚
1447 2471 1922 2557 lacessuntque
1948 2479 2026 2536 ut
2052 2470 2394 2537 videamus
2414 2524 2427 2537 .

452 2606 550 2652 348
608 2586 796 2674 quod
826 2593 1062 2650 contra
1088 2585 1311 2650 facere
1339 2586 1409 2649 in
1439 2587 1736 2650 tenebris
1767 2608 1803 2650 e
1830 2586 1979 2651 luce
2003 2588 2354 2673 nequimus

603 2708 962 2788 propterea
991 2700 1146 2786 quia
1172 2701 1511 2785 posterior
1541 2702 1837 2787 caliginis
1867 2709 1981 2766 aer

452 2834 548 2881 350
606 2816 895 2881 crassior
923 2816 1297 2900 insequitur
1315 2864 1330 2890 ‚
1357 2816 1470 2901 qui
1500 2825 1744 2908 cuncta
1770 2816 2094 2881 foramina
2124 2816 2416 2903 complet

604 2929 989 3015 obsiditque
1017 2930 1160 2994 vias
1192 2929 1537 2994 oculorum
1556 2980 1572 3006 ‚
1593 2952 1678 2994 ne
1709 2931 2058 2996 simulacra

604 3046 873 3131 possint
897 3044 1179 3108 ullarum
1210 3065 1430 3108 rerum
1461 3045 1767 3109 coniecta
1793 3066 2062 3109 movere
2082 3096 2098 3109 .

604 3159 1105 3246 quadratasque
1133 3159 1371 3244 procul
1398 3160 1606 3224 turris
1636 3180 1784 3223 cum
1814 3160 2141 3224 cernimus
2173 3160 2359 3224 urbis
2378 3209 2392 3234 ‚

603 3282 965 3360 propterea
991 3273 1067 3337 fit
1093 3274 1192 3338 uti
1219 3272 1576 3339 videantur
1604 3294 1806 3359 saepe
1834 3273 2169 3338 rutundae
2185 3324 2201 3350 ‚

448 3405 545 3450 355
600 3388 881 3473 angulus
913 3397 1196 3473 optusus
1227 3388 1383 3474 quia
1408 3389 1609 3473 longe
1641 3390 1934 3453 cernitur
1963 3390 2175 3454 omnis
2193 3438 2210 3464 ‚

603 3503 743 3566 sive
775 3504 971 3566 etiam
999 3504 1224 3588 potius
1255 3524 1393 3566 non
1422 3504 1716 3567 cernitur
1745 3525 1824 3566 ac
1852 3504 2028 3589 perit
2057 3504 2197 3568 eius

601 3616 801 3702 plaga
829 3638 952 3680 nec
982 3616 1071 3681 ad
1098 3626 1370 3683 nostras
1401 3618 1578 3683 acies
1606 3618 1973 3704 perlabitur
1999 3619 2175 3683 ictus
2192 3668 2207 3694 ‚

604 3736 760 3796 aera
788 3754 911 3817 per
938 3732 1216 3796 multum
1247 3734 1403 3819 quia
1432 3730 1587 3797 dum
1621 3733 1973 3798 simulacra
1997 3732 2305 3797 feruntur
2322 3782 2337 3806 ,

605 3849 785 3933 cogit
811 3846 1177 3911 hebescere
1208 3869 1354 3911 eum
1384 3847 1637 3912 crebris
1667 3848 2028 3914 offensibus
2058 3855 2203 3912 aer.

447 3977 544 4022 360
598 3962 729 4027 hoc
758 3963 874 4026 ubi
901 3962 1170 4047 suffugit
1198 3983 1466 4027 sensum
1495 3963 1688 4027 simul
1715 3964 1997 4049 angulus
2026 3963 2237 4029 omnis
2256 4012 2272 4038 ‚

610 4272 709 4319 309
746 4265 910 4319 mault
945 4267 966 4335 ΙΙ
1004 4271 1102 4317 313
1140 4268 1390 4337 proprior
1425 4269 1445 4337 ΙΙ
1483 4275 1581 4322 317
1619 4269 1776 4323 ullius
1810 4272 1831 4340 ΙΙ
1884 4276 1976 4322 321
2019 4271 2170 4322 Aera
2203 4276 2472 4322 omi-uum.
2518 4268 2540 4336 ΙΙ
2579 4273 2673 4320 351
2715 4266 2824 4322 Ob·

607 4349 735 4404 sidit
769 4349 891 4420 quia
928 4351 948 4419 ΙΙ
986 4355 1083 4401 352
1120 4357 1365 4403 contecta
1398 4355 1628 4406 moveri.
1683 4354 1704 4422 ΙΙ
1759 4359 1855 4405 355
1895 4361 2115 4424 optutus
2169 4353 2190 4421 ΙΙ
2256 4357 2353 4404 357
2391 4350 2590 4422 Plagae
2645 4353 2667 4421 ΙΙ
2719 4357 2829 4403 ates

608 4432 896 4485 deriabitur
2195 4437 2220 4456 ·
