3042 5192
1342 463 1443 531 VI
2369 469 2503 538 231

127 660 212 706 765
263 639 544 704 naribus
575 635 874 724 alipedes
901 644 981 701 ut
1009 637 1189 701 cervi
1218 656 1420 721 saepe
1449 644 1774 721 putantur

269 754 521 819 ducere
553 751 641 817 de
670 751 945 818 latebris
976 752 1318 837 serpentia
1345 751 1568 816 saecla
1594 751 1883 817 ferarum
1904 803 1917 816 .

267 868 459 956 quod
486 867 733 954 procul
758 889 799 931 a
826 886 990 930 vera
1017 887 1218 951 quam
1246 867 1335 931 sit
1361 867 1622 931 ratione
1651 868 1995 953 repulsum

266 984 578 1072 percipe:
603 1004 758 1046 nam
790 981 875 1045 de
903 1002 978 1045 re
1007 1002 1187 1046 nunc
1214 981 1364 1066 ipsa
1394 981 1618 1046 dicere
1649 1005 1860 1048 conor
1878 1033 1892 1048 .

347 1097 689 1183 Principio
719 1095 852 1160 hoc
884 1094 1038 1159 dico
1056 1144 1072 1172 ‚
1097 1094 1284 1181 quod
1314 1095 1453 1160 dixi
1482 1119 1688 1184 saepe
1717 1120 1988 1184 quoque
2017 1107 2205 1174 ante,

126 1234 213 1278 770
262 1215 331 1278 in
359 1222 548 1277 terra
577 1212 896 1296 cuiusque
922 1210 1107 1275 modi
1134 1232 1356 1275 rerum
1387 1233 1538 1276 esse
1564 1212 1848 1298 figuras;

264 1328 507 1403 multa,
534 1326 684 1391 cibo
717 1346 889 1412 quae
919 1333 1080 1389 sunt
1096 1374 1112 1401 ‚
1133 1325 1362 1390 vitalia
1378 1375 1394 1403 ‚
1414 1326 1757 1412 multaque
1774 1376 1791 1404 ,
1812 1329 2085 1393 morbos

267 1445 569 1507 incutere
599 1448 668 1505 et
692 1448 974 1505 mortem
1005 1461 1179 1525 (11100
1207 1442 1480 1526 possint
1508 1441 1928 1507 adcelerare.

268 1565 336 1622 01
361 1557 577 1643 magis
607 1577 757 1621 esse
786 1556 930 1620 aliis
960 1556 1123 1620 01100
1155 1556 1599 1621 animantibus
1628 1566 1824 1643 aptas

264 1695 377 1737 100
407 1669 497 1736 ad
526 1671 688 1736 vitai
715 1671 1041 1735 rationem
1070 1670 1486 1737 ostendimus
1516 1680 1673 1737 ante

123 1806 213 1850 775
264 1795 548 1874 propter
577 1784 959 1850 dissimilem
986 1794 1296 1851 naturam
1327 1785 1798 1873 dissimilisque

262 1909 572 1966 texturas
602 1900 776 1964 inter
804 1921 954 1965 sese
983 1901 1368 1987 primasque
1395 1902 1644 1988 figuras
1664 1952 1677 1966 .

261 2016 473 2081 multa
498 2023 727 2079 meant
750 2015 1010 2079 inimica
1035 2036 1161 2101 per
1189 2016 1368 2080 auris
1386 2065 1401 2091 ‚
1424 2016 1632 2081 multa
1659 2039 1782 2104 per
1810 2019 1994 2104 ipsas

264 2131 605 2195 insinuant
632 2130 814 2194 naris
840 2129 1087 2194 infesta
1114 2137 1318 2215 atque
1348 2153 1592 2217 aspera
1619 2131 1865 2198 adactu
1884 2181 1900 2209 ,

261 2266 388 2309 nec
416 2253 577 2309 sunt
601 2244 810 2308 multa
838 2266 1072 2330 parum
1100 2251 1288 2309 tactu
1314 2245 1595 2311 vitanda
1619 2269 1843 2332 neque
1872 2255 2096 2313 autem

119 2378 210 2424 700
263 2366 547 2447 aspectu
572 2357 891 2445 fugienda
920 2381 1299 2446 saporeque
1328 2361 1548 2425 tristia
1578 2383 1750 2447 quae
1781 2364 1916 2427 sint
1934 2413 1948 2426 .

340 2471 612 2539 Deinde
638 2472 870 2539 videre
896 2474 1056 2538 licet
1085 2496 1283 2560 quam
1311 2476 1559 2541 multae
1590 2477 1726 2542 sint
1752 2477 2004 2542 homini
2033 2500 2142 2543 res

262 2591 509 2656 acriter
536 2588 783 2654 infesto
814 2610 1018 2654 sensu
1047 2612 1466 2677 spurcaeque
1496 2613 1906 2679 gravesque;

260 2705 617 2770 arboribus
645 2705 927 2792 primum
957 2706 1159 2770 certis
1188 2708 1411 2792 gravis
1440 2707 1675 2771 umbra
1705 2708 1959 2772 tributa

259 2841 478 2907 usque
506 2818 680 2884 adeo
700 2868 715 2895 ‚
740 2820 975 2905 capitis
1003 2819 1254 2886 faciant
1281 2828 1358 2886 ut
1386 2843 1590 2909 saepe
1620 2821 1894 2887 dolores
1913 2872 1929 2899 ,

116 2953 207 2998 735
262 2936 473 3022 siquis
503 2956 617 2999 000
647 2941 881 3021 supter
909 2935 1111 2999 iacuit
1137 2943 1522 3022 prostratus
1549 2937 1618 3002 in
1646 2937 1875 3003 herbis
1894 2987 1907 3000 .

265 3059 369 3115 001
399 3050 600 3114 0110111
626 3050 883 3135 magnis
912 3050 1257 3116 Heliconis
1285 3052 1627 3117 montibus
1658 3053 1860 3117 arbos

264 3164 447 3229 floris
478 3162 693 3229 odore
722 3164 1056 3229 hominem
1084 3172 1304 3231 taetro
1335 3174 1662 3231 consueta
1690 3187 1963 3230 necare.

264 3280 550 3354 scilicet,
570 3279 740 3344 11000
767 3278 925 3344 ideo
958 3281 1153 3345 terris
1184 3302 1269 3344 ex
1299 3282 1519 3346 omnia
1547 3289 1833 3367 surgunt

261 3394 466 3460 multa
494 3393 714 3459 modis
741 3395 967 3460 multis
994 3396 1349 3460 multarum
1378 3397 1631 3461 semina
1657 3419 1878 3461 rerum
1897 3445 1913 3471 ‚

113 3523 209 3571 790
263 3508 447 3594 quod
474 3510 811 3598 permixta
838 3511 1010 3596 gerit
1036 3511 1237 3575 tellus
1268 3510 1694 3598 discretaque
1724 3512 1962 3577 tradit.

262 3631 799 3710 nocturnumque
827 3647 1064 3690 recens
1096 3625 1463 3691 extinctum
1489 3628 1711 3692 lumen
1741 3629 1855 3692 ubi
1884 3628 2019 3692 acri

264 3736 500 3803 nidore
531 3739 813 3805 offendit
840 3762 1039 3805 nares
1056 3790 1073 3818 ,
1096 3742 1409 3828 consopit
1436 3741 1680 3806 ibidem
1700 3793 1714 3806 .

113 3866 209 3912 794
266 3861 712 3939 castoreoque
740 3856 927 3940 gravi
953 3855 1186 3938 mulier
1217 3856 1437 3941 sopita
1463 3858 1793 3922 recumbit
1810 3908 1826 3932 ‚

267 3975 331 4031 et
354 3968 665 4033 manibus
694 3967 975 4034 nitidum
1002 3970 1255 4034 teneris
1285 3993 1457 4057 opus
1487 3971 1696 4036 effluit
1726 3973 1817 4048 ei,

268 4089 567 4169 tempore
598 4104 679 4147 eo
712 4083 769 4147 si
799 4082 1155 4150 odoratast
1185 4107 1320 4170 quo
1349 4095 1696 4153 menstrua
1723 4087 1955 4152 solvit.

272 4365 365 4412 767
406 4377 535 4413 vere
587 4362 611 4431 ΙΙ
664 4367 765 4416 770
803 4362 1061 4435 culusquc
1112 4364 1134 4434 ΙΙ
1189 4371 1284 4418 771
1326 4383 1459 4437 eque
1505 4365 1526 4433 ΙΙ
1573 4371 1671 4417 777
1710 4382 1865 4417 011100
1911 4365 1932 4431 ΙΙ
1981 4370 2080 4417 778
2115 4367 2286 4414 tactu.
2326 4361 2348 4428 ΙΙ
2396 4366 2495 4412 780

272 4444 487 4497 tristitia
521 4445 545 4514 ΙΙ
583 4449 681 4498 787
718 4452 917 4501 uetare.
965 4447 987 4513 ΙΙ
1025 4453 1125 4501 788
1162 4447 1321 4503 indeo
1358 4450 1456 4503 tris
1492 4450 1513 4516 ΙΙ
1553 4455 1646 4503 791
1689 4450 1855 4502 acris.
