3042 5192
1273 460 1374 527 v1
2303 463 2466 567 395*

221 633 525 697 carmina'
554 633 771 717 inquit
792 625 1049 697 ‘mutila
1081 642 1237 698 sunt
1268 644 1336 697 et
1364 642 1764 719 praecerpta
1796 656 1873 698 ea
1912 636 2165 700 incuria
2192 646 2269 701 ut
2298 659 2446 701 sen-

220 754 336 795 sus
364 731 585 795 nullus
614 731 758 794 elici
787 733 1005 815 possit
1036 757 1050 795 z
1102 740 1395 797 ceterum
1423 733 1492 795 in
1535 732 1820 796 lectione
1851 735 2074 818 prisca
2102 736 2198 799 sic
2229 757 2446 799 emcn-

221 828 381 892 data
422 829 685 914 reperio
705 877 719 905 ,
770 833 858 893 At
898 853 1033 893 oum
1078 831 1349 894 membra
1387 832 1598 895 domus
1627 831 1916 916 percepit>
1931 832 2215 918 fervidus·
2255 836 2446 919 iyn-iS,

231 928 383 990 Tum
410 930 494 1017 fit
534 928 684 992 odor
721 929 889 991 viri?
919 930 1287 993 rectissime
1315 928 1426 991 hic
1457 927 1849 992 emendator
1894 930 2080 1013 (nam
2114 930 2198 993 de
2229 932 2449 1017 prisca

220 1024 511 1088 lectione
542 1047 704 1088 cave
735 1025 856 1088 Pio
888 1025 1166 1108 credas)
1206 1028 1480 1091 membra
1517 1048 1781 1090 Domus
1811 1074 1826 1099 ‚
1872 1026 2058 1110 quod
2086 1028 2449 1093 Brixiensis

222 1108 492 1207 quoque
524 1123 728 1187 editio
760 1123 1011 1187 habere
1039 1123 1255 1187 fertur
1278 1172 1294 1199 ‚
1325 1132 1393 1188 et
1423 1125 1688 1209 egregie
1717 1131 1944 1187 tuetur
1975 1125 2354 1190 Gronovius
2382 1127 2449 1190 in

221 1222 805 1286 observationibus
856 1246 952 1295 111,
973 1223 1261 1307 51›.467.
1319 1222 1663 1286 Gesnerus
1716 1222 1784 1284 in
1837 1222 2156 1287 thesauro
2210 1223 2294 1287 (le
2344 1224 2451 1288 his

220 1320 504 1383 membris
543 1320 751 1384 multa
794 1321 1085 1393 rettulit,
1125 1321 1279 1383 item
1323 1322 1393 1383 in
1434 1321 1530 1383 rei
1573 1322 1863 1384 rusticae
1911 1323 2311 1407 scriptorum
2351 1324 2449 1386 in·—

223 1414 407 1493 dice,
449 1417 572 1481 sed
611 1418 906 1501 neglexit
945 1417 1327 1482 Lucretium
1368 1427 1436 1481 et
1466 1418 1911 1482 Gronovium.
1952 1442 2159 1505 porro
2203 1421 2449 1507 optime

220 1513 399 1578 idem
428 1524 626 1579 vetus
658 1514 1050 1579 emendator
1079 1518 1230 1581 odor
1258 1539 1430 1579 v1n1
1450 1564 1465 1589 ‚
1514 1517 1628 1600 qui
1668 1517 2018 1601 genetivus
2050 1527 2153 1582 est
2179 1518 2246 1580 in
2277 1518 2450 1582 libro

222 1635 293 1687 11,
311 1614 437 1677 476
457 1660 470 1675 .
519 1634 919 1697 quamquam
946 1615 1150 1678 miror
1183 1637 1327 1678 eum
1361 1616 1474 1699 qui
1502 1614 1637 1677 hoc
1665 1614 1951 1679 vidisset
1980 1616 2064 1678 ab
2095 1617 2271 1679 omni
2301 1638 2451 1679 sen-

222 1712 436 1775 tentia
466 1733 614 1774 cum
645 1712 887 1775 ceteris
919 1712 1396 1796 Gronovioque
1425 1712 1575 1799 ipso
1607 1713 1954 1776 aberrasse
1978 1761 1993 1785 ‚
2040 1736 2186 1776 cum
2215 1723 2454 1798 posset

224 1819 456 1872 tamen
485 1820 551 1873 at
577 1810 956 1873 coniunctio
991 1811 1096 1872 vel
1125 1810 1269 1874 sola
1308 1810 1555 1873 indicio
1589 1832 1736 1873 esse
1764 1816 2032 1895 poetam
2063 1810 2171 1874 hic
2201 1834 2338 1875 non
2368 1811 2454 1875 dc

225 1907 358 1969 alia
386 1928 461 1970 re
493 1906 715 1970 dicere
747 1929 942 1991 quam
976 1906 1059 1971 de
1087 1908 1201 1971 illo
1231 1908 1380 1993 ipso
1413 1908 1744 1972 carbonum
1773 1911 1989 1988 odore,
2029 1909 2098 1972 in
2131 1931 2265 1993 quo
2303 1932 2452 1974 ver-

228 2026 349 2067 sus
382 2003 517 2067 duo
551 2005 834 2089 proximi
862 2014 1250 2069 versantur.
1300 2027 1507 2090 quare
1552 2006 1989 2069 certissimum
2032 2015 2134 2070 est
2175 2007 2302 2091 legi
2338 2007 2452 2071 (le-

222 2103 387 2165 bere
406 2104 687 2186 percepit
709 2125 797 2165 rr:
814 2126 1046 2167 Rv1n1
1064 2127 1158 2167 on
1186 2106 1275 2167 vis
1292 2153 1305 2165 .
1352 2112 1647 2167 ceterum
1672 2105 2053 2167 mactabilem
2082 2103 2358 2167 odorem
2388 2115 2458 2170 et

222 2200 489 2285 plagam
528 2199 695 2262 nihil
737 2199 918 2263 aliud
962 2222 1110 2265 esse
1142 2222 1340 2285 quam
1383 2202 1622 2264 letalem
1650 2201 1814 2264 satis
1859 2209 2164 2285 apertum
2195 2211 2333 2265 cst.
2362 2204 2458 2267 ita

224 2298 452 2361 Attius
480 2297 549 2359 in
577 2296 825 2361 Medea
853 2299 1180 2362 liberorum
1209 2300 1322 2363 leto
1351 2298 1703 2386 tabzflcabili
1721 2346 1734 2361 .

393 2395 532 2459 806.
573 2418 879 2459 SULPUR
922 2419 1001 2459 m
1049 2418 1269 2460 irso.
1325 2396 1684 2460 Corrector
1731 2395 2044 2480 quadrati
2098 2406 2165 2460 et
2203 2397 2353 2462 Itali
2393 2400 2458 2461 in

224 2513 448 2556 rrSA.
2065 2478 2071 2491 ⁸

397 2590 538 2655 808.
570 2612 952 2654 Aaoniwo
983 2612 1240 2654 VENAs
1268 2612 1666 2667 Aumoun.
1707 2592 1859 2656 Itali
1887 2612 2281 2655 Altonum.

397 2688 538 2752 810.
573 2687 905 2767 QUAms
932 2711 1291 2752 Exrmn‘r
1335 2711 1945 2755 scArrnNsuLA.
2003 2690 2109 2754 Ita
2152 2697 2221 2753 et
2258 2712 2457 2754 mem-

224 2790 481 2853 branae
524 2794 592 2849 et
619 2785 863 2849 Festus
909 2808 972 2870 p.
992 2786 1224 2861 330‚15
1250 2796 1473 2871 -atque
1515 2809 1599 2851 ex
1646 2810 1725 2851 eo
1769 2788 2018 2851 Paulus
2057 2813 2121 2875 p.
2145 2789 2293 2863 147,
2335 2789 2462 2852 nisi

225 2883 419 2970 quod
449 2882 633 2970 apud
660 2883 790 2947 hos
828 2884 1054 2963 Quales
1083 2886 1405 2970 scriptum
1449 2894 1553 2950 est
1572 2935 1586 2948 .
1629 2885 1825 2949 iidem
1857 2886 2363 2971 Scaptensulam
2392 2887 2461 2949 in

222 2982 635 3047 Macedonia
663 3003 813 3045 esse
842 2981 1122 3046 tradunt
1153 2990 1220 3046 et
1250 3003 1289 3044 a
1310 2982 1632 3046 fodiendo
1665 2982 1910 3053 dictam
1928 3030 1943 3055 ‚
1977 3005 2125 3047 eum
2152 2984 2220 3045 in
2244 2982 2460 3047 Thra-

230 3086 339 3147 cia
366 3081 809 3147 Macedoniae
838 3091 1031 3167 parte
1061 3083 1150 3146 sit
1181 3089 1248 3145 et
1278 3104 1317 3145 a
1346 3082 1492 3145 solo
1526 3081 1821 3144 silvestri
1849 3080 2038 3145 fosso
2065 3102 2310 3144 nomen
2342 3081 2461 3145 ‹lu-

224 3182 409 3246 xerit
438 3230 451 3243 .
494 3200 645 3243 nam
675 3178 964 3243 Fabrum
997 3202 1220 3244 errare
1251 3187 1416 3265 puto
1447 3226 1461 3253 ‚
1505 3200 1654 3241 cum
1694 3199 1936 3241 nomen
1974 3177 2286 3263 generale
2316 3202 2463 3244 esse

226 3279 398 3343 dicit
415 3327 430 3354 ‚
462 3291 602 3362 quo
619 3279 896 3342 materia
923 3277 1172 3342 fossilis
1197 3278 1607 3362 significetur
1622 3325 1641 3356 ,
1663 3275 1864 3340 idest
1885 3277 2218 3340 metallum
2240 3327 2253 3339 .
2286 3276 2464 3340 hunc

226 3387 458 3443 tamen
489 3376 849 3439 Creechius
881 3384 948 3439 et
976 3376 1436 3439 W⁷akefieldus
1468 3396 1617 3438 cum
1647 3374 1935 3437 servitiis
1967 3384 2320 3451 secuntur,
2352 3378 2465 3461 qui

224 3496 476 3540 nomen
499 3474 972 3559 appellativum
999 3473 1287 3550 faciunt,
1318 3474 1643 3537 Dacerius
1674 3470 1958 3535 eundem
1983 3496 2105 3537 suo
2135 3495 2319 3538 more
2352 3496 2464 3538 ex-

224 3573 404 3662 pilat
445 3571 533 3635 ad
562 3571 866 3636 Festum.
908 3573 1175 3637 Miilleri
1203 3572 1415 3635 verba
1456 3571 1740 3644 subieci,
1790 3592 1962 3655 quae
1992 3573 2135 3636 aliis
2175 3572 2467 3637 fortasse

227 3671 521 3737 clariora
561 3670 693 3734 sint
734 3692 931 3754 quam
971 3671 1160 3734 mihi.
1188 3664 1372 3733 ‘Hoc
1413 3668 1770 3755 oppidum,
1801 3667 2223 3756 Thucydidis
2269 3672 2465 3735 exilio

225 3768 656 3834 nobilitatum
674 3817 689 3843 ‚
718 3770 997 3852 primum
1018 3765 1275 3832 Σκαπτιὶι
1309 3766 1425 3839 §Aa
1444 3815 1460 3841 ‚
1491 3765 1736 3830 deinde
1762 3768 2056 3853 genitivo
2080 3769 2149 3831 in
2171 3769 2467 3832 nomina-

227 3868 447 3933 tivum
478 3865 738 3929 deflexo
771 3866 1190 3939 ΣκὰπτΗεῩΛΗ
1225 3864 1611 3941 dicebatur,
1658 3865 2104 3951 Scaptensula
2132 3875 2354 3930 autem
2386 3889 2468 3952 ei}

225 3965 455 4030 tribus
501 3966 767 4029 casibus
809 3964 1058 4029 factum
1104 3965 1396 4051 pessima
1440 3962 1926 4028 consuetudine
1954 3965 2232 4029 invaluit
2250 3967 2282 4027 .’
2311 3964 2468 4028 mihi

229 4071 495 4127 certum
537 4061 806 4126 videtur
837 4063 1326 4150 Scaptesylitas
1369 4062 1436 4125 in
1478 4061 1745 4125 nomine
1789 4085 1913 4126 suo
1945 4064 2154 4148 sigma
2180 4063 2468 4126 litteram

226 4162 305 4225 in
338 4160 526 4223 silvae
554 4160 882 4224 vocabulo
908 4182 993 4224 ex
1013 4161 1244 4225 ultima
1266 4161 1664 4245 antiquitate
1699 4160 2056 4224 deductam
2084 4160 2438 4223 retinuisse
2456 4208 2470 4223 .

225 4260 305 4323 in
338 4278 472 4341 quo
515 4258 788 4321 aliarum
818 4259 1163 4344 regionum
1207 4259 1575 4343 scriptores
1605 4281 1645 4322 a
1675 4280 1798 4323 sua
1837 4255 2324 4322 consuetudine
2356 4255 2470 4319 dc-

227 4355 509 4420 flectere
541 4378 677 4419 non
707 4359 1053 4443 potuerint
1083 4358 1519 4442 (quamquam
1548 4358 1618 4420 in
1652 4355 2085 4442 inscriptione
2113 4353 2341 4417 Attica
2370 4363 2474 4418 est

230 4476 316 4517 εκ
348 4467 767 4525 εκαπτεεγλεε
790 4503 806 4528 ,
849 4455 917 4516 in
950 4476 1236 4540 corpore
1278 4454 1789 4539 inscriptionum
1820 4453 2222 4517 Graecarum
2255 4453 2472 4527 n.146‚
