3042 5192
106 874 189 919 620

105 1449 190 1493 625

113 2597 200 2643 635

120 3744 203 3790 645

1357 454 1388 522 I

241 625 582 692 dimidiam
614 636 914 715 partem,
934 648 1059 690 nec
1088 647 1199 690 res
1230 627 1578 711 praefiniet
1606 629 1770 693 ulla.

241 762 403 827 ergo
432 765 669 807 rerum
695 743 874 806 inter
902 763 1221 806 summam
1247 743 1711 829 minimamque
1742 744 1907 829 quid
1939 748 2154 811 escit?

238 856 330 920 nil
358 858 491 923 erit
518 866 599 922 ut
630 857 872 922 distet:
894 878 1046 921 nam
1077 858 1377 942 quamvis
1400 857 1705 923 funditus
1736 863 1948 926 omnis

241 993 503 1036 summa
532 972 623 1037 sit
649 972 937 1047 infinita,
958 979 1178 1036 tamen
1196 1021 1212 1047 ,
1236 973 1631 1058 parvissima
1660 996 1832 1059 quae
1861 986 2016 1040 sunt
2035 1027 2049 1043 ,

240 1109 323 1151 ex
348 1087 632 1151 infinitis
662 1087 1070 1153 constabunt
1095 1089 1401 1173 partibus
1430 1109 1644 1174 aeque
1663 1138 1676 1152 .

241 1200 429 1287 quod
462 1203 783 1288 quoniam
812 1186 982 1267 ratio
1010 1202 1332 1267 reclamat
1357 1225 1523 1267 vera
1549 1212 1887 1290 negatque

242 1315 529 1381 credere
557 1339 765 1404 posse
795 1317 1080 1381 animum
1099 1367 1115 1393 ‚
1135 1318 1357 1382 victus
1385 1318 1641 1383 fateare
1668 1327 2015 1384 necessest

245 1453 391 1496 esse
425 1454 511 1496 ea
541 1453 715 1518 quae
743 1432 941 1497 nullis
967 1433 1097 1496 iam
1125 1433 1432 1519 praedita
1455 1434 1765 1519 partibus
1807 1442 2036 1499 extent

244 1556 311 1611 et
334 1548 611 1611 minima
639 1555 953 1612 constent
979 1558 1220 1612 natura
1238 1597 1251 1611 .
1268 1569 1449 1647 'quae
1480 1549 1793 1634 quoniam
1820 1558 1978 1613 sunt
1994 1598 2011 1623 ‚

241 1662 349 1725 illa
379 1684 660 1748 quoque
690 1683 837 1726 esse
866 1662 988 1727 tibi
1015 1662 1233 1728 solida
1260 1671 1465 1748 atque
1494 1651 1780 1729 aeterna⁸
1796 1664 2170 1729 fatendum.

244 1775 536 1863 denique
563 1777 632 1841 ni
659 1778 958 1842 minimas
985 1778 1055 1841 in
1083 1779 1296 1864 partis
1326 1786 1571 1844 cuncta
1597 1779 1842 1844 resolvi

246 1912 489 1977 cogere
520 1901 916 1957 consuesset
942 1915 1163 1956 rerum
1193 1901 1435 1958 natura
1463 1894 1756 1959 creatrix
1774 1943 1789 1967 ‚

243 2007 364 2070 iam
395 2006 493 2073 nil
523 2028 608 2070 ex
633 2007 763 2071 illis
793 2007 1026 2072 eadem
1054 2030 1370 2095 reparare
1399 2010 1656 2074 valeret

247 2131 611 2208 propterea
641 2123 798 2208 quia
814 2172 829 2199 ‚
853 2144 1027 2209 quae
1054 2124 1279 2188 multis
1308 2132 1469 2188 sunt
1494 2125 1801 2210 partibus
1831 2135 2028 2190 aucta
2046 2176 2061 2197 ,

245 2244 379 2301 n'on
406 2244 702 2323 possunt
730 2258 810 2301 ea
839 2259 1011 2323 quae
1043 2237 1248 2303 debet
1274 2239 1584 2325 genitalis
1615 2239 1864 2303 habere

248 2351 556 2416 materies
575 2400 593 2428 ‚
613 2353 839 2417 varios
868 2375 1166 2419 conexus
1184 2402 1200 2429 ‚
1220 2352 1529 2438 pondera
1544 2402 1562 2428 ‚
1584 2353 1818 2439 plagas
1835 2402 1852 2429 ‚

247 2488 613 2532 concursus
630 2516 646 2543 ‚
670 2472 892 2534 motus
908 2517 926 2545 ‚
948 2490 1069 2554 per
1100 2489 1274 2553 quae
1301 2489 1413 2531 res
1444 2489 1753 2554 quaeque
1782 2478 2137 2555 geruntur.

327 2583 478 2662 Qua
503 2595 792 2670 propter
823 2584 935 2669 qui
964 2583 1306 2647 materiem
1335 2604 1558 2647 rerum
1588 2605 1738 2649 esse
1766 2594 2091 2671 putarunt

248 2697 459 2783 ignem
489 2707 696 2784 atque
726 2719 809 2762 ex
834 2698 971 2783 igni
1001 2718 1319 2762 summam
1349 2699 1718 2763 consistere
1748 2701 1895 2764 solo
1915 2749 1930 2773 ‚

250 2834 484 2897 magno
515 2835 721 2898 opere
752 2835 793 2877 a
817 2834 981 2877 vera
1007 2813 1178 2899 lapsi
1204 2813 1463 2876 ratione
1489 2813 1804 2880 videntur
1821 2865 1836 2879 .

250 2926 625 2993 Heraclitus
653 2929 776 2992 init
806 2949 1090 3013 quorum
1120 2926 1259 2991 dux
1287 2928 1544 3013 proelia
1572 2930 1824 3015 primus
1843 2979 1858 3005 ,

254 3042 470 3106 clarus
499 3043 586 3109 ob
615 3044 971 3108 obscuram
1000 3043 1289 3129 linguam
1318 3044 1529 3129 magis
1555 3043 1732 3107 inter
1759 3045 1974 3107 inanis

254 3157 531 3243 quamde
560 3159 786 3245 gravis
815 3159 989 3223 inter
1018 3157 1260 3223 Graios
1277 3207 1295 3235 ‚
1319 3159 1431 3244 qui
1459 3178 1625 3222 vera
1649 3159 2035 3243 requirunt:

253 3274 462 3338 omnia
491 3273 665 3337 enim
692 3273 920 3338 stolidi
946 3273 1157 3360 magis
1186 3273 1601 3338 admirantur
1631 3281 1986 3359 amantque
2006 3324 2021 3347 ‚
2095 3298 2100 3303 ¹

253 3386 526 3452 inversis
557 3409 733 3474 quae
761 3388 887 3454 sub
914 3389 1139 3453 verbis
1166 3390 1497 3453 latitantia
1526 3397 1810 3452 cernunt
1827 3438 1843 3464 ‚

250 3522 539 3589 veraque
569 3504 988 3568 constituunt
1017 3525 1189 3590 quae
1217 3504 1392 3568 belle
1422 3512 1696 3590 tangere
1727 3513 2013 3590 possunt

252 3618 424 3681 auris
455 3626 525 3682 et
552 3617 778 3705 lepido
810 3639 982 3704 quae
1012 3628 1172 3684 sunt
1198 3618 1425 3684 fucata
1454 3641 1699 3684 sonore
1718 3669 1731 3683 .

326 3731 496 3796 Nam
525 3754 645 3796 cur
674 3742 810 3796 tam
839 3734 1063 3798 variae
1091 3756 1202 3799 res
1231 3743 1516 3820 possent
1547 3756 1696 3799 esse
1715 3783 1731 3810 ‚
1753 3735 2021 3821 requiro
2043 3785 2056 3809 ‚

256 3867 335 3908 ex
358 3869 493 3911 uno
524 3848 583 3912 si
611 3857 772 3913 sunt
798 3848 932 3933 igni
961 3871 1269 3935 puroque
1300 3849 1614 3913 creatae?

252 3960 338 4024 nil
360 3962 724 4048 prodesset
754 3964 925 4028 enim
955 3963 1239 4028 calidum
1268 3965 1610 4030 denserier
1637 3966 1854 4050 ignem

250 4096 369 4139 nec
396 4100 549 4142 rare
578 4078 721 4142 fieri
738 4127 755 4153 ‚
780 4078 835 4142 si
863 4086 1096 4165 partes
1124 4080 1296 4165 ignis
1329 4080 1605 4144 eandem

2389 463 2479 529 23

259 4341 353 4389 619
387 4337 531 4408 quod
580 4338 601 4407 ΙΙ
650 4343 750 4390 626
800 4346 1049 4393 constant
1095 4340 1115 4409 ΙΙ
1163 4348 1263 4393 628
1300 4343 1344 4396 si
1394 4342 1415 4410 Η
1463 4348 1556 4394 631
1609 4342 1767 4396 nullis
1816 4344 1835 4412 ΙΙ
1884 4349 1981 4396 634
2020 4362 2150 4414 quas
2196 4346 2218 4413 ΙΙ
2266 4353 2365 4400 639
2403 4347 2472 4397 ob

258 4428 515 4476 omissum.
557 4422 579 4490 ΙΙ
616 4427 716 4474 646
756 4422 839 4475 Ex
863 4441 961 4475 uro
