3042 5192
1318 463 1417 530 vl
2338 465 2477 533 215

246 641 614 726 exprimere
644 646 723 701 ut
751 636 916 701 caeli
944 634 1299 700 videantur
1331 637 1579 722 templa
1608 629 1930 724 superne.

246 754 395 819 inde
426 762 684 818 tremor
713 759 933 816 terras
962 751 1256 836 graviter
1286 758 1698 835 pertemptat
1715 800 1730 826 ‚
1755 759 1822 815 et
1851 753 2054 815 altum

245 890 583 933 murmura
612 871 1015 951 percurrunt
1044 865 1329 930 caelum:
1352 887 1506 929 nam
1535 872 1684 928 tota
1709 865 1851 930 fere
1884 876 2022 930 tum

246 989 611 1069 tempestas
644 1001 973 1044 concussa
1002 980 1225 1044 tremit
1252 979 1690 1064 fremitusque
1717 988 2103 1044 moventur.

123 1115 199 1160 290
250 1120 379 1182 quo
413 1095 503 1159 de
534 1117 870 1159 concussu
900 1096 1204 1179 sequitur
1233 1096 1457 1179 gravis
1485 1094 1696 1158 imber
1726 1103 1794 1158 et
1822 1096 1987 1159 uber
2008 1145 2022 1170 ,

248 1211 459 1275 omnis
488 1210 589 1273 uti
618 1208 928 1273 videatur
955 1210 1026 1271 in
1052 1208 1330 1273 imbrem
1356 1209 1611 1273 vertier
1645 1209 1878 1273 aether

246 1333 447 1410 atque
475 1325 576 1387 ita
602 1324 1049 1410 praecipitans
1077 1322 1169 1387 ad
1198 1322 1509 1387 diluviem
1537 1323 1874 1388 revocari:

249 1449 475 1504 tantus
507 1437 792 1502 discidio
823 1437 1019 1501 nubis
1045 1438 1365 1522 ventique
1393 1438 1697 1522 procella

246 1554 526 1618 mittitur
543 1601 560 1628 ‚
582 1551 850 1616 ardenti
879 1552 1139 1617 sonitus
1168 1574 1317 1616 cum
1346 1552 1662 1638 provolat
1687 1552 1826 1615 ictu
1844 1601 1858 1614 .

119 1685 198 1729 295
249 1677 349 1733 est
377 1670 578 1732 etiam
607 1688 757 1730 cum
782 1667 885 1731 vis
918 1668 1335 1731 extrinsecus
1362 1667 1568 1731 incita
1596 1667 1777 1730 venti

245 1782 476 1847 incidit
502 1783 574 1845 in
601 1779 945 1867 gravidam
971 1788 1233 1845 maturo
1262 1780 1534 1844 fulmine
1565 1781 1841 1856 nubem3

251 1919 447 1982 quam
476 1918 626 1960 cum
653 1895 978 1983 perscidit
995 1944 1010 1972 ‚
1036 1897 1371 1983 extemplo
1402 1895 1586 1960 cadit
1611 1897 1846 1981 igneus
1873 1895 1982 1958 ille

247 2018 483 2075 vertex
500 2060 515 2086 ,
540 2032 736 2095 quem
764 2011 985 2096 patrio
1014 2011 1389 2075 vocitamus
1416 2011 1683 2074 nomine
1711 2010 1992 2075 fulmen.

252 2126 382 2190 hoc
408 2126 486 2189 fit
513 2123 689 2188 idem
716 2124 787 2187 in
814 2126 1027 2210 partis
1058 2125 1254 2201 alias,
1279 2147 1413 2211 quo
1438 2147 1725 2210 cumque
1755 2126 1908 2190 tulit
1937 2126 2070 2188 vis.

121 2258 203 2303 300
256 2241 329 2304 fit
358 2261 630 2326 quoque
660 2247 736 2303 ut
765 2240 940 2303 inter
968 2238 1126 2304 dum
1156 2242 1339 2304 venti
1366 2242 1467 2304 vis
1494 2242 1700 2305 missa
1727 2241 1869 2304 sine
1896 2240 2030 2325 igni
2101 2269 2108 2280 ‹

131 2419 142 2429 ,
248 2356 533 2441 igniscat
560 2363 783 2418 tamen
809 2354 881 2417 in
909 2355 1127 2441 spatio
1158 2355 1499 2440 longoque
1528 2365 1753 2419 meatu
1770 2403 1786 2430 ‚

251 2493 395 2534 cum
422 2470 611 2545 venit
639 2470 949 2533 amittens
977 2469 1048 2532 in
1078 2491 1280 2533 cursu
1311 2491 1603 2555 corpora
1634 2468 1964 2555 quaedam

247 2583 563 2671 grandia,
586 2604 758 2669 quae
788 2591 1132 2667 nequeunt
1157 2585 1412 2671 pariter
1438 2593 1798 2669 penetrare
1825 2605 1948 2670 per
1979 2603 2177 2647 auras
2194 2631 2210 2656 ‚

250 2707 452 2785 atque
482 2699 611 2763 alia
642 2720 726 2762 ex
753 2699 902 2783 ipso
934 2696 1312 2763 conradens
1342 2706 1496 2762 aere
1523 2707 1761 2785 portat

116 2831 198 2874 305
248 2813 527 2900 parvola
544 2862 559 2888 ,
586 2834 757 2898 quae
784 2811 1039 2877 faciunt
1064 2814 1281 2899 ignem
1313 2815 1671 2878 commixta
1697 2811 2029 2884 voland03

250 2951 385 2992 non
415 2930 545 2994 alia
571 2930 772 3015 longe
801 2928 1061 2993 ratione
1092 2950 1171 2992 ac
1200 2929 1512 3017 plumbea
1541 2949 1743 3014 saepe

246 3043 507 3109 fervida
531 3044 609 3108 fit
635 3044 828 3130 glans
855 3044 924 3106 in
954 3065 1155 3107 cursu
1174 3091 1188 3119 ‚
1213 3064 1362 3106 cum
1390 3044 1600 3107 multa
1627 3043 1868 3129 rigoris

253 3181 544 3247 corpora
572 3159 910 3224 dimittens
938 3159 1159 3244 ignem
1188 3160 1501 3243 concepit
1527 3159 1598 3221 in
1625 3157 1805 3220 auris
1824 3204 1838 3220 .

253 3275 327 3338 fit
357 3295 627 3360 quoque
658 3281 736 3337 ut
762 3274 972 3359 ipsius
999 3273 1240 3358 plagae
1267 3275 1372 3338 vis
1402 3274 1649 3337 excitet
1674 3273 1896 3357 ignem
1913 3320 1928 3344 ‚

116 3405 200 3452 310
252 3389 491 3476 frigida
520 3412 671 3454 cum
698 3389 884 3453 venti
912 3387 1170 3474 pepulit
1196 3389 1300 3452 vis
1326 3389 1532 3453 missa
1560 3388 1701 3451 sine
1728 3386 1896 3471 igni,

252 3506 321 3568 ni
344 3506 581 3569 mirum
599 3553 614 3580 ,
640 3505 829 3589 quia,
852 3525 1001 3567 cum
1030 3504 1320 3567 vementi
1349 3503 1634 3590 perculit
1659 3502 1797 3566 ictu
1816 3549 1831 3576 ‚

255 3619 591 3683 confluere
622 3641 707 3682 ex
735 3620 883 3704 ipso
912 3625 1202 3703 possunt
1232 3619 1556 3682 elementa
1581 3616 1853 3702 vaporis
1873 3664 1887 3682 ,

257 3743 322 3799 et
348 3735 544 3798 simul
574 3756 659 3797 ex
686 3734 799 3798 illa
827 3755 1000 3818 quae
1028 3741 1171 3797 tum
1198 3755 1309 3796 res
1341 3731 1588 3817 excipit
1615 3730 1814 3793 ictum
1837 3754 1852 3806 3

254 3847 878 3936 ut‚lapidem'ferro
911 3871 1060 3912 cum
1095 3847 1433 3912 caedimus
1451 3895 1466 3921 ‚
1490 3846 1713 3910 evolat
1739 3845 1910 3930 ignis
1927 3893 1942 3916 ‚

117 3979 203 4024 315
258 3986 373 4028 nec
393 4014 409 4041 ‚
435 3962 623 4050 quod
650 3962 893 4048 frigida
922 3964 1022 4028 vis
1049 3962 1280 4028 ferrist
1297 4011 1312 4038 ‚
1333 3962 1466 4025 hoc
1497 3962 1705 4025 setius
1731 3960 1823 4024 illi

269 4279 364 4324 286
401 4273 725 4344 Opprimat-e
759 4270 780 4340 ΙΙ
818 4279 917 4326 288
950 4280 1243 4343 pecurrunt
1291 4271 1311 4340 ΙΙ
1365 4275 1464 4323 290
1500 4286 1793 4323 concussus
1843 4267 1862 4336 ΙΙ
1912 4274 2004 4320 291
2047 4275 2105 4320 ut
2140 4266 2160 4336 ΙΙ
2201 4273 2297 4318 292
2335 4284 2487 4319 revo-

269 4374 407 4410 care.
456 4355 477 4426 ΙΙ
529 4363 629 4410 295
667 4355 748 4410 Es
796 4357 816 4426 ss
868 4362 967 4408 296
1004 4355 1175 4409 valida
1216 4355 1236 4425 ΙΙ
1285 4353 1512 4407 eulmine
1552 4353 1572 4422 ΙΙ
1610 4356 1710 4405 298
1748 4352 1924 4422 spatio
1964 4351 1983 4419 ΙΙ
2022 4357 2118 4402 302
2157 4350 2296 4400 Dum
2335 4346 2354 4416 ΙΙ
2394 4354 2492 4400 308

272 4441 499 4511 concipit
535 4443 556 4509 ΙΙ
594 4445 694 4493 309
731 4441 864 4510 ipsis
904 4439 923 4508 ΙΙ
962 4447 1059 4493 315
1098 4439 1209 4492 ille.
