3042 5192
1286 472 1385 538 VI
2005 578 2012 585 ι
2311 476 2448 544 379

222 650 492 713 calidum
519 647 777 735 faciunt
802 669 1001 733 aquae
1030 657 1252 709 tactum
1280 657 1459 732 atque
1488 669 1803 731 vaporem,
1844 647 1957 710 ubi
1983 648 2053 711 in
2080 647 2265 714 libris
2293 673 2452 715 nos-

219 747 346 810 tris
372 754 476 810 est
504 747 701 810 laticis
728 755 952 809 tactum
970 793 983 807 .
1014 743 1180 808 illud
1209 753 1429 808 autem
1452 743 1682 808 Bedae
1714 744 2122 810 credendum
2148 769 2288 811 non
2320 758 2451 819 est,

223 842 412 929 quod
440 844 740 908 vocalem
783 843 1053 907 brevem
1083 890 1097 915 ‚
1146 863 1318 926 quae
1357 865 1396 928 q
1441 850 1509 906 et
1536 867 1580 905 u
1611 852 1678 906 et
1707 844 1917 908 vocali
1947 845 2244 929 qualibet
2274 849 2449 911 exci-

222 951 526 1029 peretur,
555 950 820 1006 veteres
846 961 1257 1004 communem
1281 961 1432 1004 esse
1456 940 1751 1005 voluisse
1776 942 2035 1006 scribit:
2065 964 2284 1028 neque
2309 967 2449 1009 cre-

222 1039 425 1104 dibile
457 1048 561 1104 est
604 1049 740 1104 tam
771 1040 1057 1104 anticum
1099 1045 1367 1124 poetam
1397 1060 1477 1101 eo
1506 1061 1698 1102 usum
1735 1060 1884 1103 esse
1916 1039 2101 1125 quod
2128 1062 2450 1127 gramma-

224 1140 396 1203 ticus
418 1137 859 1202 Eichenfeldii
885 1160 949 1223 p.
967 1137 1091 1201 444
1124 1146 1457 1222 tamquam
1480 1138 1838 1201 barbarum
1860 1139 2081 1213 reicit,
2112 1161 2260 1204 cum
2292 1141 2454 1206 dicit

219 1259 422 1323 aqua,
462 1260 584 1301 non
612 1260 844 1323 acqua.
879 1244 981 1299 est
1003 1236 1204 1321 igitur
1233 1234 1660 1299 scribendum
1691 1249 1887 1322 aquae
1917 1244 1984 1299 et
2012 1240 2199 1323 aqnai
2216 1287 2229 1300 .
2277 1241 2451 1303 811111-

220 1334 374 1398 liter
402 1333 726 1399 Horatius
756 1384 771 1409 ‚
813 1335 1004 1419 isque
1046 1356 1217 1397 unus
1258 1335 1432 1397 inter
1468 1354 1699 1396 01111168
1727 1380 1742 1406 ,
1783 1336 1978 1398 siluae
2007 1336 2219 1400 tribus
2249 1338 2451 1424 sylla-

222 1433 325 1496 bis
357 1431 526 1497 dixit
554 1481 570 1505 ‚
613 1431 924 1517 idemque
966 1454 1001 1495 6
1045 1432 1384 1496 contrario
1426 1434 1666 1496 larvam
1696 1452 1868 1515 quae
1896 1431 2138 1497 Plauto
2170 1444 2238 1499 et
2265 1436 2450 1500 Pria-

218 1531 329 1615 pei
359 1531 439 1594 33
471 1537 711 1616 [1061366
755 1532 939 1594 larua
981 1539 1116 1606 est,
1162 1528 1563 1593 Adamantio
1609 1529 1909 1602 Putschii
1952 1554 2017 1617 p.
2033 1531 2192 1596 2304
2237 1536 2450 1615 larba,

218 1629 377 1691 item
406 1630 660 1692 miluum
690 1629 1101 1713 antiquiores
1130 1677 1145 1702 ‚
1187 1630 1436 1692 milvum
1462 1626 1735 1692 Persius
1765 1628 2092 1693 Martialis
2118 1631 2451 1696 Iuvenalis

218 1726 326 1807 (in
369 1725 740 1789 halieuticis
770 1725 850 1789 95
883 1724 1306 1790 scribendum
1349 1726 1465 1789 iuli
1494 1746 1531 1787 6
1560 1724 1847 1809 Plinio),
1890 1734 1957 1790 et
1983 1727 2262 1792 Plautus
2281 1779 2297 1806 ‚
2325 1731 2452 1793 nisi

216 1822 418 1887 fallor
436 1872 452 1899 ‚
481 1847 702 1887 acuam
730 1823 1131 1908 aliquotiens
1149 1871 1164 1895 ,
1194 1830 1272 1886 ut
1299 1824 1368 1885 in
1399 1823 1814 1888 Truculento
1845 1846 1915 1900 11,
1931 1825 1986 1899 7,
2006 1825 2079 1888 13
2111 1827 2260 1890 Nisi
2288 1829 2450 1892 deri·

212 1926 389 1985 vettir
428 1933 626 1985 tamen
649 1970 668 2001 ‚
714 1923 906 1986 omni-3
950 1923 1021 1984 έα
1063 1933 1227 2008 aqna
1271 1922 1449 1986 abeat
1486 1924 1555 1985 in
1593 1946 1767 1986 mare
1796 1972 1813 2001 ,
1858 1923 1926 1986 in
1969 1924 2182 1987 Milite
2217 1927 2448 2001 11‚6‚71

216 2021 398 2084 N'am
436 2043 511 2083 ex
550 2043 670 2084 uno
700 2030 887 2105 puteo
926 2021 1187 2083 similior
1224 2043 1560 2107 numquam
1590 2022 1756 2106 potis
1794 2024 1983 2107 Aqua
2021 2027 2220 2108 dqilae
2257 2027 2418 2087 sumi
2435 2074 2451 2103 ,

216 2142 411 2204 quam
451 2119 602 2183 haec
645 2130 730 2182 est
770 2129 951 2205 atque
991 2119 1107 2181 ista
1147 2117 1413 2203 hospita.
1462 2117 1751 2203 denique
1782 2119 1894 2203 qui
1927 2126 2031 2182 est
2060 2140 2100 2181 a
2132 2119 2451 2185 Cicerone

216 2218 289 2280 in
330 2216 858 2282 Tusculanarum
903 2239 945 2291 1,
969 2216 1045 2280 10
1085 2216 1346 2302 positus
1391 2214 1476 2279 de
1522 2215 1812 2279 Tantalo
1854 2216 2224 2281 versiculus
2243 2267 2259 2293 ‚
2305 2241 2451 2283 eum

218 2336 454 2379 omnes
484 2324 796 2379 auctores
824 2315 920 2378 ita
949 2314 1270 2399 scriptum
1311 2313 1516 2378 fuisse
1550 2314 2011 2389 consentiunt,
2053 2315 2259 2379 Mento
2285 2341 2449 2380 wm-

216 2438 387 2477 mam
415 2426 641 2501 aquam
668 2416 995 2498 adimens,
1040 2423 1277 2476 enectus
1300 2413 1400 2475 siti
1417 2460 1431 2474 .
1476 2434 1697 2497 neque
1727 2412 1919 2475 aliter
1949 2408 2239 2477 Titinius
2270 2415 2450 2501 apud

214 2511 509 2575 Nonium
540 2537 601 2599 p.
623 2511 853 2585 245‚31
892 2512 1083 2574 Terra
1112 2511 1262 2574 Ιιαεο
1291 2522 1404 2590 est,
1432 2534 1556 2575 non
1578 2522 1774 2597 aqna,
1803 2510 1909 2574 ubi
1930 2534 1992 2574 es
2013 2510 2170 2595 (hoc
2193 2510 2449 2597 addidi)

213 2622 283 2674 tu
308 2612 521 2674 solitus
558 2612 907 2696 ary-utarier
936 2610 1198 2673 Pedibus
1212 2658 1231 2689 ‚
1273 2621 1500 2673 cretam
1541 2610 1687 2672 dum
1718 2611 2047 2694 compercis
2075 2609 2262 2694 (libri
2290 2635 2451 2676 com-

203 2709 444 2794 pescis)
462 2757 480 2788 ‚
507 2711 849 2772 vestimenta
878 2709 984 2793 qui
1011 2709 1172 2772 laves
1200 2707 1385 2791 (libri
1415 2731 1533 2794 que
1560 2707 1756 2789 levas)
1777 2754 1791 2768 .

389 2806 529 2869 554.
588 2805 690 2872 Ur
742 2827 1149 2869 uxo-rnrmz
1199 2827 1405 2882 Aous
1456 2826 1771 2869 enno-ru
1822 2826 2156 2882 QUOQUE
2193 2831 2451 2872 ‘rmum

213 2927 312 2968 va
330 2926 365 2968 c
381 2927 402 2966 1
417 2927 568 2967 LLA
583 2926 616 2968 s
635 2953 649 2967 .
686 2903 945 2967 Vacc‘llat
964 2910 1308 2966 corrector
1331 2903 1604 2987 oblongi
1629 2912 1697 2967 et
1719 2902 1873 2965 olim
1894 2904 2231 2989 impressi,
2261 2908 2450 2969 vacil-

213 3006 300 3068 let
324 3002 695 3066 Antonius:
725 3025 867 3067 vAc
884 3024 1011 3064 ILL
1030 3023 1180 3065 Ans
1210 3009 1558 3065 corrector
1590 2998 1900 3084 quadrati
1931 3010 2000 3065 et
2025 3002 2352 3066 Avantius
2372 3051 2385 3064 .

389 3100 529 3163 555.
562 3099 668 3164 ΠΤ
710 3122 851 3163 vas
901 3121 1148 3162 11111111
1196 3121 1357 3162 non
1407 3120 1596 3175 an·
1649 3119 2109 3162 conset-Ans.
2170 3101 2247 3163 In
2286 3111 2453 3165 terra

215 3198 549 3263 Marullus
580 3247 595 3272 ‚
637 3198 778 3261 sine
810 3219 1012 3261 sensu
1046 3247 1058 3260 .
1092 3196 1552 3261 Wakefieldus
1581 3198 1809 3284 inepte
1837 3198 1996 3260 inter
2020 3221 2131 3262 nos
2161 3246 2174 3260 .
2219 3220 2450 3262 verum

216 3309 329 3362 est
361 3320 605 3360 m'rssn
633 3319 797 3360 num
828 3347 840 3360 .
882 3297 1074 3360 nimis
1103 3297 1398 3362 breviter
1429 3296 1703 3360 Servius
1733 3295 1822 3359 ad
1851 3297 2213 3380 georgicon
2244 3297 2407 3371 11‚47
2412 3297 2451 3360 9

213 3397 357 3462 Alii
398 3420 628 3483 aquam
672 3397 880 3460 dicunt
912 3397 1236 3481 yenitalem
1274 3396 1384 3459 sub
1429 3397 1609 3459 tem-is
1635 3396 1863 3457 moveri
1891 3405 1947 3458 et
1969 3395 2156 3458 simul
2180 3419 2283 3458 eas
2310 3418 2450 3459 con-

214 3506 455 3574 cutere,
494 3498 654 3559 sicut
676 3518 785 3558 vas
814 3484 1048 3581 aq'uae,
1090 3505 1160 3557 ut
1198 3494 1345 3558 dicit
1372 3495 1726 3558 Lucretius.
1772 3512 1943 3578 quae
1988 3494 2305 3558 exscribit
2332 3494 2451 3558 Isi·

215 3595 434 3659 dorus
463 3594 788 3679 originum
819 3616 955 3669 xiv,
978 3593 1007 3656 1
1032 3641 1045 3654 .

390 3692 531 3756 558.
561 3714 656 3755 ΕΤ
686 3713 948 3756 nuens
968 3740 981 3754 .
1026 3690 1463 3762 Correctores
1493 3690 1751 3775 antiqui
1780 3712 2078 3754 unci-21.

389 3790 528 3855 563.
560 3790 1023 3855 IncmNATA
1067 3811 1377 3852 munna?
1421 3812 1504 3853 111
1546 3809 1816 3851 EADEM
1857 3808 2218 3852 raonitrA
2257 3810 2451 3851 PAR-

214 3914 255 3954 1·
272 3910 381 3953 Em
399 3910 499 3952 .A.
516 3898 589 3951 A'.
606 3909 647 3963 Q
664 3910 735 3964 ‚Q
765 3937 778 3951 .
827 3886 1215 3967 Quadratus
1238 3888 1457 3972 prodit
1468 3899 1717 3974 partem
1745 3910 1959 3974 aqueq.
1977 3936 1995 3968 ‚
2023 3895 2102 3951 ut
2130 3892 2455 3973 appareat

214 3987 561 4052 librarium
604 3986 718 4050 illa
759 4010 995 4075 a.a.q.q.
1036 4007 1173 4050 non
1217 3985 1624 4051 intellexisse
1655 4036 1669 4063 ,
1727 4007 1899 4070 quae
1931 3984 2344 4049 Veronensis
2386 3993 2453 4047 et

220 4086 528 4150 Venetus
570 4087 683 4150 ita-
707 4087 959 4172 scripta
990 4085 1341 4161 exhibent,
1391 4110 1432 4150 a
1460 4109 1500 4149 a
1528 4087 1577 4148 ii
1605 4108 1659 4171 q.
1678 4133 1696 4164 ,
1726 4086 2092 4148 omiserunt
2119 4082 2453 4146 Antonius

216 4194 291 4249 et
320 4184 732 4249 Brixiensis:
775 4206 993 4268 neque
1039 4206 1163 4271 ego
1208 4184 1370 4270 quid
1412 4206 1535 4272 per
1580 4206 1659 4247 ea
1695 4182 2100 4267 significetur
2130 4188 2452 4266 exputare

216 4305 498 4368 possum
531 4332 544 4345 .
586 4282 720 4347 1106
762 4283 901 4346 8610
934 4332 949 4358 ,
989 4283 1185 4347 finem
1229 4285 1514 4369 paginae
1558 4282 1758 4345 huius
1785 4281 1935 4343 libri
1965 4278 2320 4363 vigesimae
2351 4298 2453 4339 86-

216 4380 484 4446 cundae
513 4382 581 4445 in
613 4381 846 4446 codice
877 4382 1154 4466 antiquo
1185 4404 1323 4445 non
1352 4381 1462 4445 hic
1490 4378 1699 4443 fuisse
1719 4427 1733 4453 ‚
1774 4375 1899 4440 sed
1925 4376 2126 4461 paulo
2157 4383 2312 4438 ante
2341 4374 2454 4437 ubi

219 4486 331 4543 est
365 4481 687 4565 speluncas
724 4481 951 4544 viribus
988 4481 1143 4543 altas
1174 4528 1187 4541 .
1236 4476 1452 4564 neque
1482 4499 1646 4541 vero
1676 4524 1691 4543 .
1731 4474 1938 4558 siquis
1967 4473 2078 4537 hic
2107 4482 2308 4537 notae
2341 4472 2454 4535 ali-
