3042 5192
610 475 747 544 198
1688 473 1754 538 V

598 648 899 713 horribili
929 649 1152 712 sonitu
1183 649 1386 712 silvas
1419 645 1745 711 exederat
1773 647 1926 711 altis

601 765 685 828 ab
715 763 1053 829 radicibus
1084 772 1152 827 et
1178 771 1426 827 terram
1456 770 1862 850 percoxerat
1887 762 2024 848 igni
2042 813 2058 838 ‚

428 897 552 942 1255
596 880 909 943 manabat
935 879 1125 944 venis
1154 878 1569 943 ferventibus
1596 878 1667 941 in
1694 878 1847 942 loca
1872 883 2095 942 terrae

602 1016 900 1059 concava
930 994 1334 1058 conveniens
1363 995 1624 1080 argenti
1651 994 1834 1057 rivus
1864 1001 1934 1057 et
1962 995 2138 1068 auri,

602 1110 775 1174 aeris
804 1111 961 1174 item
992 1118 1059 1174 et
1086 1109 1370 1195 plumbi.
1396 1130 1569 1194 quae
1599 1130 1748 1173 cum
1779 1116 2098 1173 concreta
2124 1108 2442 1174 videbant

602 1226 943 1312 posterius
973 1225 1154 1289 claro
1183 1225 1253 1288 in
1280 1231 1465 1289 terra
1494 1223 1851 1310 splendere
1882 1224 2144 1300 colore,

602 1340 935 1405 tollebant
962 1339 1176 1404 nitido
1209 1340 1391 1425 capti
1416 1339 1681 1424 levique
1709 1339 1942 1425 lepore
1961 1389 1977 1417 ‚

430 1471 556 1518 1260
603 1463 671 1519 et
700 1455 893 1520 simili
919 1455 1208 1519 formata
1233 1453 1560 1519 videbant
1591 1475 1741 1518 esse
1768 1454 1982 1540 figura

605 1578 810 1656 atque
838 1557 1222 1634 lacunarum
1252 1570 1520 1634 fuerant
1547 1570 1834 1655 vestigia
1863 1569 2103 1654 cuique
2123 1619 2137 1632 .

607 1693 743 1748 tum
771 1686 1173 1774 penetrabat
1204 1707 1322 1749 eos
1349 1705 1556 1772 posse
1583 1684 1755 1747 haec
1781 1683 2147 1769 liquefacta
2176 1685 2396 1749 calore

608 1822 807 1885 quam
833 1801 997 1865 libet
1022 1801 1091 1864 in
1119 1800 1400 1864 formam
1431 1808 1501 1863 et
1527 1798 1764 1863 faciem
1795 1798 2152 1863 decurrere
2180 1821 2399 1864 rerum
2418 1850 2432 1872 ‚

608 1923 676 1979 et
704 1937 1014 2001 prorsum
1046 1916 1346 2002 quamvis
1373 1915 1443 1978 in
1473 1921 1673 1978 acuta
1700 1934 1780 1976 ac
1809 1915 2034 1978 tenvia
2060 1936 2266 2002 posse

432 2045 558 2092 1265
602 2052 990 2096 mucronum
1021 2030 1175 2095 duci
1203 2030 1472 2115 fastigia
1498 2027 1944 2115 procudendo
1965 2078 1981 2105 ‚

607 2153 684 2210 ut
712 2147 840 2212 sibi
869 2147 1005 2211 tela
1035 2146 1278 2210 darent
1295 2193 1310 2220 ‚
1337 2145 1676 2229 silvasque
1704 2152 1783 2208 ut
1813 2143 2098 2208 caedere
2127 2153 2412 2230 possent

605 2262 1080 2347 materiemque
1111 2259 1313 2325 domo
1332 2309 1348 2336 ‚
1380 2260 1607 2324 levare
1637 2279 1717 2323 ac
1743 2258 1986 2324 radere
2015 2260 2203 2344 tigna

609 2386 676 2439 et
704 2377 1047 2441 terebrare
1079 2376 1273 2440 etiam
1306 2377 1386 2439 ac
1414 2374 1824 2462 pertundere
1852 2396 2110 2463 perque
2140 2374 2364 2440 forare
2385 2425 2398 2438 .

608 2512 732 2555 nec
761 2492 977 2555 minus
1006 2498 1289 2578 argento
1319 2490 1541 2555 facere
1571 2490 1739 2555 haec
1769 2511 2069 2577 auroque
2098 2492 2431 2577 parabant

435 2620 562 2668 1270
609 2627 808 2690 quam
836 2606 1041 2670 validi
1068 2607 1352 2693 primum
1381 2606 1695 2670 violentis
1723 2607 1978 2671 viribus
2007 2607 2180 2670 aeris
2201 2655 2217 2682 ‚

608 2741 695 2783 ne
725 2722 1040 2807 quiquam
1060 2771 1075 2798 ,
1103 2723 1417 2807 quoniam
1446 2720 1733 2786 cedebat
1761 2722 1942 2787 victa
1968 2729 2279 2808 potestas

609 2856 734 2899 nec
763 2844 1036 2921 poterat
1062 2837 1317 2924 pariter
1348 2836 1587 2900 durum
1620 2835 1897 2900 sufferre
1926 2837 2225 2900 laborem
2246 2884 2259 2899 .

610 2957 753 3014 tum
780 2950 908 3016 fuit
933 2952 1002 3015 in
1031 2953 1250 3039 pretio
1280 2953 1492 3038 magis
1522 2972 1639 3015 aes
1658 3000 1673 3027 ‚
1698 2972 2065 3037 aurumque
2093 2950 2358 3015 iacebat

607 3074 890 3155 propter
916 3067 1337 3131 inutilitatem
1366 3066 1593 3130 hebeti
1621 3088 1940 3131 mucrone
1969 3073 2301 3131 retusum:

434 3197 560 3243 1275
605 3204 783 3246 nunc
812 3184 987 3247 iacet
1015 3204 1131 3246 aes
1148 3231 1164 3258 ‚
1188 3203 1420 3246 aurum
1447 3182 1517 3245 in
1548 3202 1872 3246 summum
1903 3183 2233 3246 successit
2260 3180 2586 3245 honorem
2606 3231 2619 3243 .

610 3298 707 3361 sic
735 3297 1074 3362 volvenda
1103 3305 1290 3361 aetas
1320 3305 1687 3362 commutat
1715 3305 2022 3383 tempora
2048 3318 2272 3361 rerum
2292 3346 2306 3360 .

614 3410 799 3495 quod
826 3411 953 3476 fuit
979 3413 1047 3475 in
1077 3413 1296 3497 pretio
1317 3460 1332 3488 ,
1353 3412 1430 3475 fit
1455 3413 1640 3477 nullo
1673 3412 1963 3498 denique
1991 3412 2286 3476 honore:

611 3547 818 3611 porro
853 3527 1014 3591 aliut
1043 3525 1347 3591 succedit
1377 3535 1445 3591 et
1474 3549 1511 3590 e
1542 3528 2036 3615 contemptibus
2067 3527 2204 3592 exit
2222 3576 2237 3602 ‚

611 3640 814 3725 inque
844 3640 988 3706 dies
1017 3643 1227 3729 magis
1257 3641 1600 3728 adpetitur
1628 3642 1958 3729 floretque
1987 3649 2324 3729 repertum

436 3771 563 3818 1280
608 3754 918 3820 laudibus
950 3766 1020 3820 et
1045 3758 1212 3821 miro
1246 3766 1351 3822 est
1378 3759 1678 3823 mortalis
1708 3759 1883 3823 inter
1911 3758 2174 3823 honore
2194 3808 2208 3822 .

694 3871 891 3936 Nunc
919 3873 1040 3936 tibi
1073 3894 1207 3958 quo
1235 3881 1438 3960 pacto
1470 3873 1632 3938 ferri
1660 3881 1901 3937 natura
1927 3881 2202 3959 reperta

612 3988 700 4050 sit
726 3986 987 4052 facilest
1015 3988 1143 4074 ipsi
1173 4010 1296 4075 per
1326 3997 1393 4052 te
1426 4010 1834 4074 cognoscere
1854 4038 1869 4062 ,
1893 3988 2160 4052 Memmi
2179 4038 2192 4051 .

623 4300 747 4346 1253
788 4296 997 4349 sonitus
1047 4296 1067 4364 ΙΙ
1118 4303 1247 4349 1254
1285 4297 1337 4349 A
1379 4297 1399 4364 ΙΙ
1440 4305 1567 4350 1255
1608 4300 1752 4351 venit
1788 4301 1808 4367 ΙΙ
1849 4305 1980 4352 1258
2017 4306 2190 4352 terras
2230 4301 2251 4367 ΙΙ
2294 4303 2422 4349 1259
2463 4298 2622 4368 capiti
2660 4297 2679 4362 ΙΙ
2716 4298 2828 4347 1260

617 4377 831 4431 videbat
867 4379 887 4446 n
933 4385 1061 4432 1266
1098 4389 1286 4451 parent
1324 4383 1344 4451 ΙΙ
1382 4389 1433 4433 et
1471 4384 1491 4452 ΙΙ
1529 4385 1766 4452 possint.
1819 4385 1841 4452 Η
1894 4388 2022 4436 1267
2060 4382 2268 4436 dolaret
2306 4382 2483 4434 levare
2518 4383 2541 4452 ΙΙ
2586 4387 2708 4434 1272
2741 4395 2827 4450 po·

620 4469 796 4515 terant
834 4463 854 4528 ΙΙ
896 4469 1023 4515 1273
1046 4464 1278 4518 Namfui
1317 4465 1338 4532 ΙΙ
1376 4483 1465 4518 aes
1485 4475 1751 4521 omissum.
1793 4467 1813 4534 ΙΙ
1857 4474 1985 4520 1278
2008 4475 2319 4523 comissum.
2346 4465 2367 4534 ΙΙ
2410 4471 2541 4520 1280
2562 4463 2832 4521 Claudibus
