3042 5192
1290 449 1359 515 V
2302 458 2437 528 185

201 643 344 686 nam
379 642 563 706 quae
596 641 880 706 cumque
907 618 1100 685 vides
1129 622 1314 687 vesci
1344 623 1655 689 vitalibus
1684 626 1862 691 auris
1880 676 1895 703 ,

205 745 313 802 aut
342 735 555 801 dolus
587 744 707 801 aut
734 736 949 800 virtus
980 743 1097 800 aut
1126 735 1416 824 denique
1444 738 1779 805 mobilitas
1810 749 1917 806 est

204 873 279 915 ex
305 852 593 916 ineunte
623 825 1033 938 aevo-genus
1061 849 1135 915 id
1162 859 1385 917 tutata
1410 875 1800 919 reservans:

82 985 157 1030 1⁵60
201 967 547 1053 multaque
579 973 741 1031 sunt
758 1015 774 1042 ‚
796 967 992 1031 nobis
1024 987 1109 1031 ex
1136 967 1422 1032 utilitate
1452 990 1576 1033 sua
1605 990 1779 1054 quae

202 1079 670 1146 commendata
698 1089 971 1146 manent
987 1129 1003 1158 ‚
1026 1081 1276 1147 tutelae
1304 1082 1558 1147 tradita
1583 1092 1891 1149 nostrae.

200 1196 530 1284 principio
560 1217 773 1283 genus
802 1216 957 1261 acre
985 1196 1250 1260 leonum
1280 1218 1614 1282 saevaque
1644 1200 1867 1264 saecla

200 1319 489 1375 tutatast
519 1310 730 1375 virtus
747 1359 765 1387 ‚
785 1310 1022 1399 volpes
1053 1309 1250 1376 dolus
1269 1359 1285 1388 ,
1315 1319 1383 1376 et
1408 1311 1571 1398 fuga
1599 1333 1837 1379 cervos
1858 1364 1872 1378 .

202 1435 269 1490 at
292 1426 673 1491 levisomna
701 1446 939 1489 canum
965 1423 1102 1489 fido
1134 1447 1283 1490 cum
1309 1434 1588 1515 pectore
1620 1427 1832 1494 corda
1849 1479 1864 1506 ,

76 1559 155 1603 565
204 1549 267 1606 et
292 1561 512 1627 genus
542 1561 739 1604 omne
767 1539 956 1625 quod
985 1548 1091 1605 est
1118 1541 1419 1606 veterino
1451 1543 1699 1606 semine
1725 1550 1993 1629 partum
2012 1596 2026 1620 ‚

202 1657 676 1741 lanigeraeque
706 1655 899 1719 simul
924 1655 1226 1743 pecudes
1257 1664 1325 1721 et
1352 1657 1603 1722 bucera
1632 1658 1853 1723 saecla

205 1771 421 1835 omnia
451 1777 613 1834 sunt
638 1769 978 1834 hominum
1008 1771 1257 1836 tutelae
1284 1770 1537 1837 tradita
1553 1821 1569 1849 ,
1588 1772 1888 1838 Memmi:

202 1906 353 1949 nam
382 1884 626 1973 cupide
653 1883 886 1973 fugere
913 1885 1093 1951 feras
1111 1935 1128 1964 ,
1147 1908 1516 1973 pacemque
1546 1897 1781 1954 secuta

206 2010 357 2065 sunt
388 2008 459 2063 et
484 1999 673 2086 larga
701 2021 825 2064 suo
856 2001 999 2065 sine
1027 2001 1276 2087 pabula
1302 2010 1501 2089 parta
1527 2003 1760 2068 labore
1777 2053 1793 2079 ‚

75 2132 157 2177 svo
204 2137 369 2201 quae
402 2113 641 2179 damus
668 2115 975 2181 utilitatis
1004 2137 1235 2181 eorum
1260 2118 1559 2203 praemia
1587 2139 1790 2183 causa
1808 2169 1822 2183 .

204 2238 270 2294 at
297 2231 450 2315 quis
480 2230 576 2294 nil
600 2229 840 2294 horum
868 2231 1104 2296 tribuit
1128 2239 1370 2296 natura
1386 2281 1402 2308 ‚
1422 2253 1551 2296 nec
1578 2233 1728 2320 ipsa

204 2354 441 2432 sponte
470 2366 597 2410 sua
623 2358 908 2432 possent
934 2354 1012 2411 ut
1037 2347 1267 2412 vivere
1294 2368 1421 2411 nec
1451 2345 1616 2412 dare
1644 2348 1839 2413 nobis

209 2461 556 2525 utilitatem
586 2460 872 2545 aliquam
889 2509 906 2536 ‚
929 2481 1136 2546 quare
1164 2469 1548 2549 pateremur
1579 2484 1810 2528 eorum

206 2574 539 2662 praesidio
567 2582 806 2639 nostro
834 2575 1023 2663 pasci
1050 2597 1262 2664 genus
1293 2599 1576 2664 esseque
1604 2584 1823 2643 tutum
1840 2628 1856 2655 ‚

75 2707 157 2751 ὅτε,
208 2691 450 2755 scilicet
466 2739 483 2767 ‚
503 2689 673 2755 haec
701 2689 845 2754 aliis
872 2689 1167 2777 praedae
1194 2693 1519 2778 lucroque
1548 2693 1857 2759 iacebant

206 2804 594 2893 indupedita
623 2804 760 2869 suis
787 2804 1102 2872 fatalibus
1133 2808 1352 2872 omnia
1379 2808 1614 2873 vinclis
1633 2858 1648 2885 ,

210 2919 417 2985 donec
445 2919 539 2985 ad
564 2920 904 2984 interitum
931 2941 1144 3008 genus
1171 2921 1245 2987 id
1269 2931 1517 2988 natura
1544 2921 1809 3010 redegit
1825 2975 1838 2988 .

288 3035 421 3100 Sed
449 3056 671 3121 neque
703 3034 1017 3100 Centauri
1044 3035 1349 3114 fuerunt,
1370 3061 1498 3103 nec
1528 3047 1832 3127 tempore
1860 3040 1928 3105 in
1957 3042 2093 3105 ullo

210 3171 349 3215 esse
378 3159 634 3238 queunt
663 3149 912 3239 duplici
939 3160 1182 3217 natura
1210 3161 1281 3218 et
1308 3175 1598 3243 corpore
1620 3155 1780 3219 bino

78 3282 161 3325 mo
212 3286 287 3329 ex
314 3267 695 3353 alienigenis
722 3267 1031 3332 membris
1062 3276 1415 3356 compacta
1432 3319 1447 3346 ‚
1468 3278 1777 3356 potestas

212 3379 355 3445 hinc
382 3382 558 3446 illinc
586 3381 802 3470 partis
830 3390 908 3446 ut
935 3382 992 3445 si
1020 3404 1146 3470 par
1176 3404 1326 3449 esse
1354 3386 1627 3472 potissit
1646 3433 1660 3449 .

213 3493 280 3557 id
302 3496 451 3561 licet
477 3497 640 3561 hinc
670 3496 973 3582 quamvis
1001 3497 1231 3562 hebeti
1259 3519 1674 3584 cognoscere
1704 3498 1911 3565 corde
1931 3550 1944 3564 .

212 3611 518 3698 principio
549 3612 798 3676 circum
828 3611 1042 3678 tribus
1071 3614 1239 3678 actis
1267 3613 1547 3700 impiger
1575 3614 1764 3678 annis

210 3722 392 3790 floret
418 3748 576 3791 ecus
595 3775 613 3802 ‚
633 3748 803 3812 puer
830 3726 996 3792 haut
1025 3749 1392 3814 quaquam:
1415 3751 1569 3794 nam
1598 3750 1800 3816 saepe
1831 3730 2027 3794 etiam
2055 3752 2232 3795 nunc

74 3855 160 3898 &45
214 3840 403 3905 ubera
426 3862 857 3907 mammarum
884 3842 952 3906 in
983 3844 1232 3908 somnis
1261 3844 1581 3909 lactantia
1610 3853 1921 3931 quaeret:

218 3963 359 4039 post
382 3956 494 4020 ubi
524 3976 716 4019 ecum
745 3955 1005 4022 validae
1033 3958 1212 4023 vires
1243 3955 1466 4024 aetate
1497 3968 1772 4024 senecta

219 4071 623 4157 membraque
654 4069 971 4138 deficiunt
997 4071 1277 4160 fugienti
1304 4073 1622 4161 languida
1648 4075 1789 4140 vita
1805 4125 1821 4151 ‚

222 4349 306 4396 859
338 4353 449 4398 tuta
498 4347 519 4414 ss
567 4352 669 4401 885
708 4349 879 4402 veteri
912 4366 1023 4403 non
1068 4351 1090 4420 ΙΙ
1138 4356 1238 4404 866
1273 4352 1478 4422 bugei-a
1511 4352 1534 4422 ΙΙ
1571 4357 1672 4405 868
1707 4358 1944 4405 secutae.
1984 4351 2004 4419 ΙΙ
2041 4357 2136 4404 871
2178 4353 2231 4403 ni
2267 4352 2290 4420 ΙΙ
2326 4358 2423 4404 873

219 4428 347 4495 qun-i
385 4429 405 4496 ΙΙ
440 4435 536 4484 881
580 4432 763 4502 parvis
801 4439 861 4486 ut
895 4450 1004 4488 non
1039 4435 1111 4488 sit
1144 4452 1269 4506 pars
1305 4432 1326 4504 ΙΙ
1365 4441 1464 4489 884
1502 4453 1816 4507 quamquam
1851 4436 1872 4505 ΙΙ
1912 4441 2008 4488 885
2047 4434 2298 4488 laetantia
