3042 5192
574 462 713 536 310
1648 455 1715 524 V

569 659 633 721 p.
664 635 786 699 435
822 685 833 697 .
882 634 1173 699 Euhmus
1202 682 1220 713 ,
1264 634 1492 697 nescio
1538 653 1735 717 qua-m
1780 641 1965 696 recte
1996 681 2012 708 ,
2050 633 2119 694 in
2160 631 2411 718 Hygini
2452 631 2583 696 fab.
2624 633 2690 696 13
2719 636 2785 698 34

577 734 693 797 162
723 733 847 796 242
867 782 881 796 .

739 832 878 895 745.
926 851 1285 895 ruamur:
1332 852 1699 893 pommus
1737 879 1749 891 .
1794 826 2184 908 Quadratus
2214 831 2386 916 polle
2416 880 2430 893 .
2476 829 2659 917 apud
2684 832 2791 895 lsi-

575 928 814 994 dorum
856 930 1020 1014 orig.
1052 930 1288 1005 xm‚11
1334 927 1833 993 Lindemannus
1879 925 2069 990 dedit
2109 938 2337 992 terrem
2382 950 2467 991 ex
2509 928 2793 993 Guelfer-

575 1031 833 1116 bytano
863 1027 1130 1094 codice.

743 1129 882 1192 747.
929 1127 1195 1192 err
1251 1151 1554 1192 HIEMPS
1612 1148 2018 1202 snoul'run
2075 1148 2545 1190 cnr-:nrrANs
2591 1149 2799 1191 ΒΑΜ)

577 1249 984 1290 namneus
1023 1248 1215 1291 ALGI
1249 1277 1263 1291 .
1309 1226 1702 1306 Quadratus
1730 1226 1951 1290 hieme.
1998 1223 2243 1288 deinde
2272 1223 2449 1287 idem
2478 1225 2680 1290 hanc:
2706 1248 2804 1289 ce-

575 1325 702 1389 teri
733 1347 881 1389 cum
905 1326 1196 1411 oblongo
1223 1350 1300 1390 ac
1313 1374 1331 1406 ,
1364 1324 1548 1410 quod
1571 1325 1931 1408 legitimum
1952 1324 2309 1389 verborum
2331 1322 2643 1387 ordinem
2666 1345 2806 1411 per-

577 1424 784 1487 vertit
815 1471 829 1486 .
882 1446 1338 1489 canem-Ans
1384 1424 1535 1488 Itali
1569 1472 1583 1487 .
1633 1433 1773 1487 tum
1806 1471 1821 1494 ,
1877 1423 2191 1508 quoniam
2234 1423 2365 1508 alyi
2402 1444 2541 1486 non
2587 1432 2809 1508 potest

577 1522 735 1585 ferri
764 1571 780 1597 ,
825 1522 1223 1586 tutissimum
1260 1531 1366 1587 est
1395 1523 1690 1585 scribere
1722 1543 1989 1585 Areon
2016 1569 2032 1594 ,
2074 1542 2210 1606 quo
2238 1526 2445 1606 poeta
2473 1521 2543 1583 in
2575 1521 2810 1594 111‚623

579 1643 746 1686 usus
775 1629 881 1685 est
911 1670 924 1685 .
971 1624 1147 1707 alym
1173 1621 1571 1694 Lambinus;
1601 1620 1790 1684 cuius
1820 1619 2075 1684 formae
2105 1632 2341 1683 auctor
2370 1619 2599 1683 nullus
2632 1627 2811 1684 extat

577 1720 705 1783 nisi
743 1719 1123 1783 Priscianus
1161 1741 1225 1804 p.
1255 1719 1378 1784 699
1408 1768 1424 1795 ,
1473 1720 1586 1804 qui
1631 1719 2003 1804 exemplum
2042 1718 2405 1784 accusativi
2432 1718 2813 1784 Plautinum

580 1816 802 1882 adfert
829 1841 844 1879 z
887 1818 1159 1882 ablativi
1186 1818 1396 1883 multo
1427 1820 1624 1904 plura
1654 1826 1812 1882 sunt
1840 1868 1855 1883 .
1886 1816 2347 1882 Wakefieldus
2377 1819 2527 1903 alyn
2553 1867 2574 1898 ,
2616 1819 2813 1882 verba

582 1914 883 1981 Charisio
923 1940 986 2004 p.
1016 1915 1098 1981 23
1139 1915 1386 1982 adficta
1427 1923 1699 1981 secutus
1728 1965 1745 1992 ,
1787 1937 1959 2002 quae
1999 1924 2158 1980 sunt
2200 1914 2382 2001 apud
2423 1915 2813 1980 Putschium

582 2013 749 2077 haec
782 2062 797 2090 ‚
839 2014 951 2079 hoc
990 2016 1136 2102 alyn
1175 2013 1250 2079 τὸ
1296 2015 1483 2100 «phe
1516 2064 1530 2089 ,
1578 2036 1861 2100 quorum
1901 2014 2066 2078 nihil
2108 2015 2177 2078 in
2211 2013 2447 2078 codice
2480 2037 2637 2079 esse
2670 2015 2813 2078 Lin-

583 2111 951 2178 demannus
981 2112 1211 2178 docuit
1237 2136 1301 2198 p.
1326 2114 1402 2178 19
1433 2164 1446 2177 .
1485 2113 1554 2177 in
1586 2135 1824 2177 versus
1852 2113 2040 2177 initio
2081 2134 2313 2178 omnes
2342 2113 2560 2177 Italos
2590 2113 2813 2178 imitati

583 2219 773 2286 sunt,
809 2214 924 2298 qui
952 2211 1257 2276 fecerunt
1295 2213 1567 2276 Tandem
1593 2211 1812 2275 bruma
1838 2213 2003 2276 nives
2031 2212 2235 2299 adfert
2251 2213 2636 2298 piyrnmque
2662 2214 2811 2297 νίφο-

581 2333 711 2374 rem
742 2312 969 2375 Reddit
992 2336 1016 2393 ‚-
1057 2309 1244 2396 quod
1271 2331 1492 2395 neque
1520 2310 1839 2395 intellego
1870 2359 1886 2385 ,
1926 2333 2148 2396 neque
2177 2360 2193 2386 ,
2234 2312 2290 2374 si
2330 2310 2810 2396 intellegerem,

583 2410 861 2473 verbum
901 2410 1231 2495 ignaviter
1260 2407 1565 2474 additum
1594 2409 1951 2494 probarem
1983 2459 1996 2472 .
2037 2414 2243 2494 poeta
2271 2416 2347 2473 ut
2375 2418 2537 2472 ante
2571 2408 2739 2473 dixit
2770 2410 2817 2473 ΙΙ

581 2530 703 2587 ver,
733 2519 1057 2572 autu-mum·
1086 2509 1245 2588 adit,
1274 2508 1369 2572 ita
1398 2507 1508 2571 hic
1530 2505 1800 2572 videtur
1828 2508 2179 2595 scripsisse
2208 2507 2531 2572 Pnomr
2560 2509 2812 2595 hiemps.

749 2605 890 2669 750.
934 2605 1102 2669 Cum
1141 2629 1377 2670 anm
1420 2628 1765 2670 Possmr
1794 2655 1808 2669 .
1852 2606 2181 2670 Marullus
2224 2628 2485 2670 ruam.

749 2703 890 2768 753.
932 2727 1260 2768 ‘rERRAM
1315 2727 1774 2770 ssscmmmuz
1827 2725 2104 2768 Poss1s
2145 2704 2467 2768 Limum
2497 2755 2512 2768 .
2559 2705 2810 2770 Lambi-

582 2823 710 2865 nus
729 2851 745 2875 ‚
776 2800 963 2887 quod
995 2804 1134 2867 scio
1154 2851 1168 2876 ‚
1197 2805 1482 2888 primus,
1514 2812 1585 2868 et
1615 2803 1884 2888 quidem
1913 2803 2115 2867 tacite
2134 2852 2149 2878 ‚
2188 2825 2418 2867 soms
2449 2804 2750 2870 Lumine.

752 2900 891 2965 756.
937 2900 1326 2978 'rampone
1367 2924 1637 2966 EADEM
1669 2952 1682 2965 .
1724 2902 1891 2966 Mox
1930 2901 2053 2966 765
2096 2924 2395 2965 nomm.

751 3000 890 3064 761.
936 3022 1199 3076 Axi-Qun
1234 3023 1542 3064 rmum.
1573 2999 1725 3064 Itali
1755 3007 1822 3063 et
1852 3000 2176 3064 Marullus
2204 3013 2534 3063 renunc.
2573 3001 2806 3064 VVake-

583 3097 825 3163 fieldus
855 3098 1149 3163 absurde
1167 3101 1382 3185 periri
1395 3148 1414 3180 ,
1442 3098 1515 3161 id
1549 3105 1654 3163 est
1684 3098 1897 3162 creari
1916 3148 1929 3161 .

751 3198 890 3262 764.
914 3199 1052 3261 771.
1099 3220 1291 3263 com
1337 3219 1842 3261 Psammrun
1880 3216 2196 3260 mamus
2220 3244 2234 3257 .
2279 3194 2672 3275 Quadratus
2714 3203 2802 3260 εὖ.

586 3319 1109 3361 PERLAmrun
1148 3296 1334 3373 Itali,
1375 3296 1744 3359 Brixiensis
1775 3293 2014 3370 editor,
2058 3293 2419 3358 Marullus.
2464 3294 2647 3359 hunc
2672 3316 2804 3359 ver·

587 3417 731 3459 sum
749 3443 763 3470 ,
797 3418 932 3480 quo
963 3396 1114 3459 loco
1145 3396 1441 3470 iteratur,
1469 3394 1836 3459 Lambinus
1867 3392 2116 3458 delevit
2144 3394 2396 3480 primus
2417 3443 2431 3456 .

753 3494 893 3558 768.
926 3516 997 3557 s1
1029 3515 1333 3557 runen‘r
1362 3515 1615 3557 LUNA.
1638 3494 1845 3558 Immo
1874 3496 1930 3556 si
1960 3515 2287 3569 runem,
2318 3500 2393 3557 ut
2420 3501 2607 3558 reete
2630 3493 2801 3556 Lam-

589 3593 782 3654 binus
816 3598 884 3654 et
921 3591 1223 3655 Gifanius
1255 3640 1271 3665 ,
1317 3592 1472 3677 quia
1505 3592 1617 3654 hic
1653 3599 1861 3677 poeta
1903 3612 2233 3676 nusquam
2266 3590 2542 3656 videtur
2576 3591 2801 3655 dixisse

569 3690 786 3775 fnlyeo
797 3688 1006 3775 fulyes
1026 3738 1039 3751 .
1070 3710 1222 3752 nam
1252 3711 1471 3774 neque
1501 3711 1711 3776 supra
1737 3690 1859 3754 570
1888 3691 2024 3754 loca
2036 3689 2286 3778 ficlqenc
2310 3689 2471 3753 ferri
2502 3710 2699 3776 posse
2718 3688 2799 3751 vi-

590 3786 806 3850 dimus
839 3835 853 3862 ‚
894 3808 1114 3872 neque
1142 3789 1208 3851 in
1243 3788 1410 3861 11‚27
1441 3801 1690 3875 arqento
1703 3788 1946 3877 fulyet:
1976 3787 2060 3852 de
2090 3788 2239 3851 libri
2266 3797 2489 3852 autem
2521 3811 2589 3851 vl
2622 3807 2798 3850 versu

587 3885 709 3950 213
749 3886 819 3948 in
857 3885 1007 3949 loco
1050 3908 1321 3972 agemus
1353 3937 1365 3949 .
1409 3888 1639 3973 itaque
1676 3909 1763 3950 ne
1803 3888 2062 3974 rffidqet
2090 3884 2358 3971 quidem
2400 3884 2796 3971 probandum

590 3986 937 4071 quisquam
970 3984 1205 4060 ducet,
1237 3985 1423 4070 quod
1453 4009 1575 4072 per
1605 4008 1678 4051 se
1708 4008 1843 4050 non
1871 3986 2311 4070 suspiciosum
2340 3993 2527 4049 extat
2556 3987 2621 4048 in
2650 3985 2796 4047 libro

586 4107 656 4161 11,
675 4085 832 4149 800.
879 4093 1174 4148 ceterum
1200 4085 1508 4170 imperite
1543 4087 1801 4149 Seneca
1829 4085 2223 4148 naturalium
2258 4085 2710 4169 quaestionum
2739 4103 2793 4150 ιι,

587 4182 668 4247 56
696 4190 962 4247 veteres
991 4186 1078 4247 ad
1100 4185 1569 4273 siyng'fi'candam
1597 4186 1757 4248 Itane
1785 4210 1817 4248 e
1844 4185 2099 4248 nubibus
2124 4184 2357 4247 subitae
2377 4185 2533 4248 luci-5
2559 4182 2792 4267 erecptv‘o·

585 4305 722 4345 nem
743 4283 946 4346 media
966 4283 1202 4368 syllaba
1225 4294 1500 4368 correpta
1507 4284 1760 4370 fldyere
1783 4282 2030 4346 dixisse
2054 4282 2287 4346 refert:
2314 4281 2627 4345 dixerunt
2649 4279 2789 4343 enim

584 4381 680 4443 ita
710 4378 796 4442 de
825 4379 1086 4465 fulgore
1117 4401 1541 4465 quocumque
1573 4403 1721 4445 cum
1753 4391 2016 4445 veteres
2047 4430 2062 4457 ,
2100 4389 2237 4444 tum
2270 4379 2536 4445 doctior
2566 4381 2787 4443 Seneca

589 4475 900 4542 Valerius
929 4478 1210 4544 Flaccus
1245 4481 1312 4543 in
1348 4502 1492 4553 vm,
1511 4480 1637 4544 284
1666 4482 2009 4568 cotfulqere
2038 4480 2275 4544 taeda-5.
