3042 5192
603 450 745 518 398
1655 449 1754 516 VI

596 626 908 688 omdormn
949 634 1005 687 et
1043 625 1304 687 aliorum
1346 624 1754 687 membrorum
1792 624 1931 685 mim
1967 644 2146 706 saepe
2191 625 2432 709 aliquid
2457 626 2672 687 conari
2697 625 2811 688 dic-

594 733 721 783 tum
753 734 836 784 est
863 721 939 784 ab
968 723 1233 806 antiqui-s*
1266 770 1280 783 .
1327 731 1395 784 ut
1422 721 1750 785 Lucretius
1778 722 1815 785 l.
1835 743 1940 782 1111
1986 719 2111 783 Hic
2139 721 2245 783 uhi
2272 722 2502 785 nexari
2533 736 2813 808 nequeunt

594 821 983 904 imistereque
1004 820 1143 882 alis,
1170 840 1253 881 ex
1273 820 1422 903 ipsa
1443 819 1778 902 scriptura
1801 827 2084 904 apparet
2109 817 2295 882 Festi
2325 840 2624 883 errorem
2647 842 2780 885 esse
2795 871 2809 889 ,

598 917 711 1000 qui
739 915 1051 979 Verrium
1078 916 1246 980 male
1277 917 1690 980 contraxerit
1713 965 1726 979 .
1987 979 1991 982 ⁴

764 1037 910 1078 cun
954 1036 1164 1090 AQUA
1209 1038 1291 1077 m
1338 1037 1624 1077 rurms
1669 1035 2034 1077 Ans-rA‘rr:
2077 1035 2468 1077 1³1³1o1n1o
2512 1038 2673 1079 s1r.
2701 1019 2808 1080 310

598 1111 766 1191 Qun
802 1134 1245 1208 ἡΙτῐιιριηηοιῑ
1286 1133 1548 1175 roano
1588 1134 1670 1174 IN
1714 1133 2009 1175 Purms
2040 1160 2055 1174 .
2095 1110 2404 1175 Schedae
2436 1135 2587 1176 con
2617 1116 2807 1201 etsrt'-

589 1212 795 1294 qidior
821 1213 899 1273 sic
915 1259 928 1272 .
967 1210 1239 1294 capituli
1268 1210 1416 1273 loco
1449 1210 1736 1295 spatium
1765 1230 2049 1272 vacuum
2077 1208 2286 1272 habet
2316 1208 2716 1293 quadratus,
2741 1224 2808 1276 ut

596 1328 858 1391 semper
886 1331 900 1370 z
942 1306 1152 1382 idem,
1191 1306 1245 1386 Q
1272 1306 1495 1370 littera
1522 1308 1678 1369 item
1710 1304 1796 1368 de
1825 1327 2009 1369 more
2040 1307 2317 1381 omissa,
2349 1331 2505 1391 uste3
2535 1309 2804 1372 schedae

603 1405 733 1484 Qne
777 1427 927 1468 cum
971 1405 1263 1489 oblongo
1296 1453 1310 1466 .
1356 1403 1488 1467 hoc
1532 1403 1601 1466 in
1647 1404 1801 1467 olim
1831 1404 2183 1489 ‘impressis
2221 1407 2347 1470 Gur
2385 1405 2635 1470 sactum
2679 1409 2806 1471 Itali

593 1504 721 1567 iam
763 1503 1173 1567 sustulerant
1204 1551 1219 1577 ‚
1261 1522 1483 1586 neque
1522 1501 1651 1565 hos
1692 1502 1805 1585 qui
1846 1503 2059 1565 secuti
2104 1509 2264 1565 sunt
2306 1503 2431 1567 sibi
2473 1506 2805 1589 quicquam

595 1601 771 1664 ultra
794 1599 1246 1685 quaerendum
1270 1620 1419 1664 esse
1446 1599 1911 1662 existimarunt
1929 1648 1942 1661 .
1975 1620 2181 1685 supra
2201 1600 2372 1664 libro
2396 1624 2444 1665 v
2471 1624 2705 1667 versus
2724 1626 2805 1666 m

594 1720 633 1762 a
654 1699 778 1762 928
807 1720 1022 1782 usque
1053 1697 1140 1760 ad
1170 1698 1293 1761 979
1324 1697 1494 1760 duas
1527 1695 1779 1760 codicis
1820 1697 2256 1781 antiquissimi
2297 1701 2579 1785 paginas
2619 1701 2804 1765 fuisse

592 1795 878 1859 vidimus
897 1845 911 1859 .
952 1795 1110 1858 inde
1138 1817 1354 1879 usque
1384 1794 1473 1858 ad
1501 1817 1769 1858 versum
1802 1795 1962 1859 1444
1993 1803 2150 1859 sunt
2179 1798 2474 1861 carmina
2503 1822 2802 1871 cccctxx’,

594 1894 884 1979 capitula
913 1894 1071 1958 tria:
1112 1893 1183 1956 hi
1211 1914 1450 1956 versus
1481 1914 1858 1956 ccccnxvm
1890 1891 2185 1956 efficiunt
2213 1895 2495 1980 paginas
2523 1920 2720 1960 xvm.
2746 1899 2800 1959 in

591 1993 836 2077 pagina
873 1991 1055 2054 unde
1082 1992 1402 2076 vigesima
1441 1990 1717 2053 fuerunt
1742 1989 2036 2053 Lucretii
2065 2011 2305 2054 versus
2333 1993 2572 2077 reliqui
2603 1994 2799 2058 trede-

593 2091 719 2153 cim
763 2100 831 2154 et
870 2090 1162 2174 capitula
1197 2090 1347 2153 libri
1377 2090 1552 2152 sexti
1583 2094 1865 2174 propter
1894 2087 2094 2172 spatii
2124 2091 2499 2173 angustiam
2528 2091 2656 2155 hac
2681 2092 2799 2155 fere

592 2190 849 2252 ratione
875 2187 1238 2272 disposita.
1267 2188 1336 2251 in
1363 2187 1657 2270 oblongo
1687 2184 1894 2248 index
1924 2187 2363 2271 capitulorum
2395 2210 2638 2254 versus
2659 2213 2798 2253 xxm

590 2294 810 2361 tenet,
843 2308 1125 2370 quorum
1154 2306 1466 2348 numeros
1497 2283 1938 2369 praescripsi.
2255 2299 2280 2311 ⁸

452 2432 615 2485 TITI
640 2431 1005 2487 LUCRETII
1032 2433 1212 2486 CARI
1236 2433 1335 2486 DE
1364 2430 1638 2485 RERUM
1663 2429 1994 2483 NATURA

450 2518 647 2571 LIB.V.
662 2517 1033 2570 EXPLICIT.
1050 2517 1340 2570 INCIPIT
1364 2514 1608 2569 LIB.VI.
1748 2532 1960 2567 Autumno
1975 2530 2099 2580 magi·
2115 2530 2284 2569 numina
2357 2539 2467 2572 nm.
2491 2551 2544 2573 m
2568 2544 2673 2575 mi,
2692 2554 2764 2575 ...ᾗ

420 2605 437 2641 1
455 2602 538 2649 Qui
556 2601 883 2652 procurationem
903 2602 966 2639 di·
985 2602 1173 2640 attribuit
1188 2602 1343 2647 mundi,
1368 2601 1451 2639 tibi
1469 2601 1607 2651 ipsum
1750 2602 1790 2634 et
1805 2595 1987 2633 tonitrua
2004 2596 2102 2636 fleri.
2300 2603 2347 2637 25
2359 2604 2559 2638 Ρηιίιειιϋι
2579 2606 2664 2638 u&
2683 2617 2805 2639 ena-v.

452 2668 502 2706 de
519 2667 581 2704 dis
607 2667 900 2704 immortalibus
920 2667 1217 2705 sollicitudines
1238 2667 1498 2705 constituere.
1746 2661 1809 2699 De
1825 2661 2014 2700 nubibus.
2357 2674 2410 2701 ut
2427 2674 2690 2701 tuntum
2703 2675 2952 2702 ,ιτιιςιιςιπτι

453 2732 515 2770 De
533 2731 702 2769 tonitru.
1683 2728 1731 2765 15
1746 2726 1958 2777 Spirnculn
1976 2726 2125 2765 mundi.

453 2798 513 2836 De
533 2797 698 2845 fulgure.
723 2804 765 2836 In
785 2802 885 2845 Syri·
906 2803 1130 2846 quadripedis.
1742 2792 1804 2830 De
1821 2791 2036 2831 imbtibuo.

414 2864 498 2901 5111
515 2861 690 2899 nubibus
709 2860 877 2898 seminet
902 2868 971 2901 Cur
992 2878 1078 2910 aqu
1097 2868 1133 2900 in
1155 2867 1264 2911 puteis
1287 2867 1440 2910 frigidior
1743 2857 1804 2894 De
1821 2869 1965 2907 arquo.

452 2928 563 2977 ignes
584 2926 729 2963 inesse.
757 2933 802 2965 nit
822 2936 955 2965 astate.
1741 2923 1801 2960 De
1819 2927 1923 2960 terre
1941 2928 2068 2960 motu.

452 2990 512 3029 De
531 2991 707 3029 fulmine.
734 2997 782 3030 De
802 2996 893 3029 fonto
914 2995 960 3035 ml
978 2994 1185 3030 ammonis.
1743 2987 1878 3034 Quare
1896 2999 2003 3025 mare
2019 2986 2150 3026 mnino
2168 2999 2252 3025 non
2268 2986 2351 3025 fiat.

452 3056 559 3106 Ignis
579 3070 627 3093 ex
647 3054 809 3092 fulmine
828 3058 982 3090 natum.
1009 3060 1050 3092 In
1071 3071 1156 3102 aqua
1178 3060 1305 3093 taedam
1326 3060 1450 3093 ardere.
1678 3052 1731 3091 20
1745 3053 1804 3090 De
1822 3054 1967 3092 Aetna.

453 3121 638 3159 Fulmina
656 3120 697 3157 in
717 3118 987 3157 crassioribus
1014 3124 1061 3157 De
1084 3124 1175 3157 tonte
1197 3123 1300 3157 Anni
1320 3125 1356 3157 in
1378 3134 1478 3157 mm.
1740 3117 1802 3155 De
1820 3117 1918 3155 Nilo
1937 3116 2076 3155 fluvio.

395 3187 440 3225 10
453 3187 625 3223 nubilum
645 3192 684 3223 et
701 3186 778 3222 alte
797 3183 919 3234 gigni.
947 3191 995 3223 De
1018 3190 1126 3232 lapide
1147 3196 1308 3231 magnete.
1740 3182 1802 3221 De
1818 3183 1912 3220 lacu
1928 3181 2096 3221 Averni.

450 3251 509 3289 De
528 3251 745 3289 tonitribus
765 3256 805 3288 et
824 3256 925 3287 terre
944 3253 1070 3285 motu.
1090 3254 1209 3286 mucre
1230 3253 1271 3285 nb
1293 3254 1448 3285 omnibu·
1472 3254 1584 3287 rebus.
1744 3246 1932 3285 Comici·
1953 3245 2126 3285 Athenis
2145 3244 2280 3283 aedem
2298 3245 2478 3283 minerve
2495 3258 2579 3283 non
2598 3258 2696 3284 esse.

587 3364 735 3427 libri
777 3362 952 3426 sexti
994 3360 1299 3424 versibus
1337 3360 1420 3423 ab
1460 3360 1648 3423 initio
1692 3381 2082 3424 ncccxxmx
2137 3357 2626 3422 adnumerandi
2668 3366 2808 3423 sunt

586 3461 760 3525 tituli
788 3483 909 3523 x1x
943 3507 957 3534 ‚
1001 3458 1170 3522 fiunt
1201 3478 1538 3521 ncccnvm
1569 3481 1583 3520 :
1630 3479 1747 3521 eae
1790 3465 1949 3522 sunt
1986 3458 2272 3543 paginae
2301 3479 2526 3520 xxxm
2560 3505 2574 3518 .
2619 3456 2721 3520 his
2759 3457 2808 3519 si

584 3558 731 3621 illas
761 3579 881 3620 mx
924 3558 1202 3641 paginas
1232 3604 1246 3631 ‚
1289 3576 1461 3639 quae
1505 3562 1699 3619 erant
1736 3555 1887 3618 libri
1929 3555 2144 3639 quinti
2184 3576 2345 3639 pars
2373 3601 2389 3627 ‚
2443 3553 2809 3627 addideri8‚

583 3654 845 3718 videbis
890 3655 973 3716 ab
1020 3653 1151 3715 hoc
1197 3653 1488 3739 capitulo
1537 3652 1726 3737 quod
1770 3661 1876 3717 est
1914 3655 2037 3718 Cur
2071 3676 2238 3739 aqua
2271 3655 2339 3716 in
2368 3655 2576 3738 puteis
2609 3663 2810 3716 melate

568 3754 873 3841 friqidior
897 3752 975 3813 εἱί
1010 3749 1261 3812 initium
1300 3772 1541 3836 capere
1572 3752 1881 3837 paginam
1911 3750 2529 3835 quinquagesimam
2555 3751 2804 3813 tertiam

586 3852 726 3915 sive
772 3845 1090 3913 schedam
1120 3870 1311 3911 xxvn
1343 3896 1357 3909 .
1401 3848 1510 3913 hic
1543 3849 1837 3913 calculus
1865 3846 2200 3912 ineundus
2227 3847 2354 3911 fuit
2376 3896 2392 3923 ‚
2433 3857 2512 3911 ut
2539 3868 2804 3934 appare·

582 3955 690 4012 ret
727 3946 894 4010 nihil
937 3946 1208 4009 obstare
1253 3967 1386 4031 quo
1430 3946 1645 4011 minus
1679 3947 1789 4009 hic
1819 3944 2076 4009 scheda
2104 3945 2324 4030 aliqua
2354 3966 2442 4009 ex
2471 3945 2704 4009 codice
2734 3966 2802 4006 eo

586 4046 699 4132 qui
727 4053 1113 4109 nostrorum
1142 4065 1393 4130 parens
1426 4052 1532 4108 est
1562 4043 1893 4107 excidisse
1925 4043 2367 4106 existimetur.
2399 4044 2568 4107 satis
2599 4052 2799 4106 autem

585 4165 824 4209 causae
868 4164 1017 4206 esse
1062 4163 1179 4205 cur
1220 4141 1333 4203 hic
1372 4141 1588 4205 lector
1627 4141 1996 4206 editoribus
2025 4140 2318 4205 Lucretii
2357 4142 2562 4225 paulo
2603 4150 2800 4204 atten-

581 4244 714 4306 tior
742 4243 1020 4305 haereat
1050 4287 1065 4314 ‚
1110 4238 1558 4303 demonstrari
1585 4239 1891 4302 facillime
1921 4244 2153 4325 potest
2181 4262 2195 4301 ε
2241 4258 2394 4301 nam
2425 4259 2643 4323 neque
2669 4240 2798 4322 ipsa

582 4361 690 4403 res
743 4360 940 4423 quam
990 4343 1196 4421 poeta
1245 4336 1355 4399 hic
1416 4338 1632 4422 tangit
1697 4339 1863 4402 satis
1913 4343 2402 4423 pertractatur,
2462 4359 2678 4422 neque
2723 4335 2794 4398 ab

581 4438 852 4499 Averno
885 4434 973 4499 ad
994 4434 1249 4519 frigora
1278 4442 1346 4497 et
1376 4434 1634 4499 calores
1664 4434 1949 4499 fontium
1979 4434 2124 4499 sola
2151 4434 2279 4498 hac
2310 4436 2790 4501 coniunctione,
