3042 5192
1302 448 1366 513 V
2310 456 2448 523 327

863 643 1024 688 nore
1043 669 1058 688 ,
1091 631 1380 707 postque
1406 645 1522 687 eos
1546 623 1900 689 Phaedrus
1923 628 2112 712 iurqie'
2126 676 2144 706 ‚
2175 630 2447 710 lmcinii,

973 720 1094 783 ‘356
1132 722 1380 784 Caecilii
1419 729 1486 785 et
1513 724 1818 786 marrubii
1848 772 1861 786 .
1914 725 2128 789 minus
2160 736 2410 791 certum
2432 777 2447 800 ,

1067 820 1275 882 »ora-ilii
1291 867 1308 896 ,
1339 819 1452 882 ubi
1483 819 1776 884 ablativo
1810 822 2060 905 pariter
2089 823 2279 888 locus
2310 833 2446 889 est:

1171 941 1222 982 ¹.
1275 917 1562 1001 epitome
1607 917 1890 992 Iliados,
1950 921 2153 997 Ciris,
2203 922 2444 992 Culex,

1273 1037 1470 1077 ovum
1494 1037 1744 1079 morem
1770 1018 2032 1081 Seneca
2051 1067 2065 1090 ,
2099 1019 2411 1085 Lucanus
2427 1071 2441 1096 ,

553 1109 574 1144 ¹
1188 1136 1260 1175 us
1281 1162 1295 1186 ,
1341 1113 1629 1186 Statius,
1674 1115 1876 1179 Silius
1896 1165 1911 1190 ,
1944 1117 2304 1192 Martialis,
2336 1120 2440 1182 Iu-

1033 1239 1104 1272 ,υ
1137 1210 1541 1275 adiectivum
1572 1235 1843 1298 quoque
1875 1236 2117 1279 nomen
2149 1217 2436 1281 breviori

893 1331 1042 1372 ,one
1088 1311 1367 1384 extulit,
1408 1310 1532 1375 sed
1575 1334 1776 1376 unum
1810 1362 1825 1388 ,
1879 1315 2069 1378 Nunc
2098 1316 2258 1381 Iovi-5
2285 1319 2437 1381 inci-

735 1411 950 1493 pet-ire
993 1410 1232 1473 Feretri
1259 1460 1276 1488 ,
1324 1420 1393 1474 et
1425 1411 1594 1474 Hinc
1622 1410 1861 1476 Feretri
1889 1413 2051 1476 dicta
2079 1425 2166 1477 est
2189 1438 2307 1478 ara
2334 1439 2436 1478 su-

666 1507 842 1570 idem
872 1510 984 1591 qui
1027 1516 1298 1593 praeter
1337 1508 1517 1572 hunc
1547 1509 1688 1572 ausi
1720 1510 1887 1583 sint,
1929 1510 2308 1575 Iuvenalem
2336 1513 2434 1575 in-

481 1605 664 1668 cuius
710 1614 816 1668 est
854 1606 921 1669 in
966 1607 1171 1669 satira
1197 1607 1425 1678 v1,385
1455 1610 1717 1671 nomini-s·
1744 1610 1915 1692 Appi
1930 1656 1946 1687 ,
1980 1618 2048 1673 et
2078 1610 2433 1682 Senecam,

311 1739 328 1761 ι
356 1702 612 1787 scripsit
633 1703 701 1766 in
721 1703 1097 1790 Hippolyto
1133 1705 1289 1767 1022
1312 1729 1534 1768 numen
1560 1705 1873 1789 Epidauri
1893 1708 2021 1770 dei.
2052 1728 2203 1771 nam
2226 1707 2435 1772 fuisse

230 1798 329 1880 qui
354 1800 556 1888 Satyri
595 1803 842 1866 Tarenti
881 1803 947 1865 in
990 1803 1324 1886 georgicis
1355 1802 1631 1889 Vergilii
1662 1827 1729 1878 11,
1756 1803 1869 1867 197
1903 1812 1971 1868 ct
2008 1808 2269 1890 seopulis
2294 1831 2431 1870 sm·-

229 1895 346 1959 dior
379 1899 566 1978 Icari,
615 1898 802 1984 quod
846 1909 952 1963 est
994 1899 1177 1987 apud
1205 1901 1559 1966 Horatium
1591 1922 1788 1965 carm.
1809 1904 1980 1979 111,7,
1994 1904 2109 1978 21,
2137 1904 2232 1967 ita
2260 1906 2430 1969 acci-

228 2005 439 2077 perent
460 2000 647 2083 quasi
679 2006 858 2063 esset
884 1999 1118 2086 Satyrc'i
1148 2006 1212 2063 et
1237 1999 1430 2063 Icarii
1443 2022 1712 2084 ,neque
1735 2000 2051 2065 credibile
2083 2011 2187 2066 est
2211 2024 2430 2115 neque

230 2091 476 2178 dignum
503 2098 863 2161 memoria.
911 2118 1125 2183 nuper
1155 2106 1375 2161 tamen
1404 2098 1608 2161 homo
1640 2097 1908 2182 quidam
1941 2097 2184 2163 doctus
2215 2103 2430 2164 comici

223 2215 434 2256 versum
473 2217 668 2279 quem
711 2194 872 2259 dicit
913 2195 1166 2259 Plinius
1208 2196 1278 2257 in
1317 2196 1639 2259 naturalis
1688 2195 2007 2259 historiae
2047 2198 2427 2272 x1v,1416,

224 2311 329 2373 pro
359 2291 691 2357 Luciliano
732 2294 1126 2358 hexametro
1171 2291 1547 2357 venditavit
1585 2294 1775 2356 nimis
1818 2315 2051 2357 secure
2093 2295 2188 2358 ita
2217 2296 2425 2380 scrip-

221 2395 372 2458 tum,
417 2393 695 2480 Quinque
743 2393 928 2456 Tha-si
967 2394 1092 2455 vini
1131 2394 1520 2476 depromam,
1566 2393 1709 2455 bina
1754 2391 2039 2455 Falerni.
2085 2393 2242 2456 mibi
2282 2415 2424 2457 cer-

219 2495 340 2550 tum
373 2490 639 2555 videtur
669 2491 950 2554 Plinium
997 2490 1174 2554 hunc
1208 2511 1474 2553 versum
1513 2489 1765 2553 referre
1808 2489 1896 2553 ad
1937 2499 2243 2576 tempora
2274 2494 2421 2557 Sul-

215 2584 377 2650 lana:
408 2599 699 2653 ceterum
724 2590 953 2676 copias
980 2590 1185 2672 Siligii
1211 2588 1671 2676 expectandas
1695 2612 1937 2653 censeo
1958 2639 1972 2664 ,
2002 2611 2126 2653 nec
2150 2613 2423 2676 possum

214 2681 416 2749 (licere
459 2711 656 2773 quain
701 2710 860 2752 vere
914 2687 1337 2752 scribendum
1393 2688 1789 2751 coniecerim
1836 2691 1999 2768 Quin
2053 2689 2261 2754 Ἠιάείἱ
2300 2691 2424 2753 vini

211 2783 350 2846 (lena
359 2808 646 2869 promam
665 2834 679 2862 ,
710 2787 854 2850 hina
885 2786 1133 2850 Falerni
1152 2773 1349 2851 doliass
1383 2808 1588 2870 porro
1614 2788 2187 2851 substantivorum
2212 2788 2418 2851 Grae-

213 2901 419 2946 corum
448 2885 801 2966 genetivos
839 2884 906 2946 in
938 2884 1236 2947 vocalem
1277 2886 1300 2946 i
1342 2884 1704 2969 simplicem
1739 2893 2061 2948 exeuntes
2091 2907 2228 2948 non
2259 2886 2421 2948 nulli

211 2981 598 3061 probarunt,
642 2982 738 3046 ita
769 2991 989 3044 tamen
1020 2983 1076 3045 si
1106 2990 1260 3045 ante
1294 3003 1436 3045 eam
1470 2983 1696 3067 plures
1728 3004 1953 3046 morae
1984 2993 2242 3057 essent,
2283 3004 2417 3045 non

209 3095 324 3140 una
349 3088 641 3144 tantum:
672 3101 822 3143 nam
853 3080 1234 3143 Priscianus
1263 3080 1749 3165 imperitissime
1778 3081 1843 3142 in
1868 3079 2208 3143 Aeneidos
2238 3079 2416 3153 1,222

207 3173 348 3240 Fata
383 3179 539 3266 Lyci
568 3179 1048 3263 interpretatur
1079 3179 1293 3264 Lycii,
1333 3200 1395 3262 p.
1414 3177 1569 3248 946,
1613 3185 1680 3240 et
1710 3176 1879 3240 dixit
1919 3178 2159 3240 Bromii
2197 3177 2416 3240 tribus
2478 3263 2487 3273 ι

203 3275 459 3358 syllabis
493 3276 715 3341 Varro
755 3276 937 3360 apud
977 3275 1269 3339 Nonium
1312 3276 1484 3361 p.71‚
1507 3276 1583 3339 18
1615 3323 1629 3348 ,
1682 3274 2061 3362 Defrondem
2087 3322 2104 3352 ,
2172 3275 2417 3338 Bromii

200 3377 604 3439 aulumaedmtis
639 3376 888 3438 umidam
914 3422 932 3452 ,
977 3375 1101 3437 nisi
1133 3382 1354 3437 tamen
1385 3372 1454 3436 id
1485 3395 1726 3436 nomen
1759 3373 1983 3458 potius
2013 3371 2415 3437 adiectivum

199 3480 323 3535 est.
366 3475 461 3537 sic
503 3473 706 3557 igitur
735 3471 1016 3536 Plautus
1057 3472 1331 3557 Taltlzybi
1359 3472 1426 3534 in
1458 3472 1694 3535 Sticho
1726 3471 1993 3547 11‚2‚33‚
2034 3473 2319 3558 yymnasi
2338 3472 2411 3535 in

196 3568 538 3636 Bacchisin
565 3594 658 3644 111,
669 3571 726 3644 3,
742 3570 851 3644 21,
875 3570 1227 3634 Lucretius
1249 3573 1434 3655 Aeyi,
1457 3570 1717 3633 absimhi
1727 3618 1745 3648 ,
1777 3571 2077 3647 centauri,
2109 3569 2411 3657 conchyli,

198 3667 487 3735 Catullus
541 3670 709 3733 Pelei
770 3670 1016 3733 montis
1045 3717 1060 3740 ,
1137 3668 1438 3754 conchyli,
1494 3669 1807 3754 yynmasi,
1875 3665 2158 3731 Ovidius
2209 3667 2413 3731 semel

197 3767 380 3854 Rlaeyi
423 3778 685 3833 metam.
703 3767 892 3839 xiv,5
914 3817 928 3840 ,
985 3770 1204 3831 Aconti
1245 3767 1313 3829 in
1355 3765 1640 3850 I’riapeo
1682 3789 1796 3828 xv1
1831 3814 1846 3840 ,
1903 3767 2166 3830 balam-ti
2211 3765 2407 3828 Colu-

191 3867 371 3932 mella
409 3869 478 3932 in
509 3867 727 3940 x,297‚
770 3866 1027 3930 Statius
1058 3864 1272 3928 Theb.
1287 3865 1517 3939 xi,636
1556 3866 1709 3944 Lai,
1753 3863 1937 3949 quod
1968 3865 2206 3927 vitiose
2248 3864 2408 3926 scri-

189 3963 356 4030 bitur
388 3967 542 4032 Laii
559 4015 572 4029 .
607 3964 929 4030 Horatius
960 3963 1048 4029 ad
1089 3964 1267 4027 hunc
1297 3962 1567 4027 modum
1601 3962 1770 4027 dixit
1800 3964 2024 4027 Libros
2054 3963 2315 4025 Panaeti
2343 3970 2410 4024 et

191 4062 441 4151 Ih’onysi
462 4066 678 4154 filius:
724 4062 809 4126 de
853 4063 982 4126 hoc
1014 4063 1185 4126 enim
1215 4063 1498 4126 Bentleii
1529 4062 1923 4126 sententiani
1955 4061 2265 4147 probabit
2296 4061 2410 4144 qui

189 4182 259 4224 ea
287 4161 818 4228 consideraverit
848 4183 1020 4245 quae
1053 4161 1334 4225 Carolus
1365 4160 1621 4224 Keilius
1653 4161 1717 4223 in
1749 4159 2104 4244 specimine
2135 4178 2407 4220 onoma-

186 4260 386 4347 tologi
440 4261 682 4325 Graeci
715 4308 730 4332 ,
793 4259 1058 4345 Lipsiae
1109 4282 1284 4323 anno
1333 4260 1491 4322 1⁸40
1539 4258 1721 4323 edito
1751 4306 1765 4330 ,
1815 4256 2185 4340 disputavit
2214 4255 2407 4341 p.24,

185 4377 300 4420 nec
339 4357 534 4423 facile
576 4377 976 4441 quemquam
1019 4359 1330 4443 Dionysus
1370 4356 1883 4421 Trimalchionis
1929 4374 2166 4416 servus
2208 4352 2404 4416 alior-

184 4473 320 4520 sum
365 4455 594 4520 trahet
622 4502 635 4516 .
696 4452 819 4518 sed
860 4455 1056 4539 longe
1100 4456 1382 4518 maxima
1429 4476 1587 4542 pars
1636 4459 1983 4541 poetarum
2024 4450 2153 4514 hac
2195 4450 2403 4515 forma
