3042 5192
1316 454 1384 520 V
2328 457 2466 526 325

234 629 576 693 nissimum
608 640 711 692 est
742 627 895 691 H1c
917 676 932 701 ,
978 637 1056 692 ιιι
1084 628 1150 691 in
1180 628 1383 700 v‚432
1423 653 1520 702 111,
1540 631 1732 695 1023.
1778 653 2049 695 versum
2091 631 2467 716 proximum

235 727 374 790 Nec
412 738 657 812 poterat
704 725 980 790 exhibet
1029 736 1514 792 commentator
1578 727 1994 793 Veronensis
2045 728 2323 813 Vergilii
2376 730 2465 793 ad

232 825 395 888 Aen.
415 848 486 900 11,
500 825 614 896 90,
656 824 712 888 si
743 832 924 888 recte
952 824 1205 888 iudicat
1233 825 1317 888 H.
1335 825 1631 901 Keilius
1660 835 1739 891 ut
1767 827 1906 891 dixi
1938 850 2007 902 11,
2023 826 2177 892 559.

405 923 934 986 1006.1m›aon
947 945 992 985 ι
1038 946 1360 987 ΝΑνιαιι
1403 946 1652 988 RA‘rlo
1707 948 1864 989 ‘rum
1922 946 2179 989 CAsscA
2235 947 2466 988 mor:-

233 1046 269 1084 Β
288 1043 438 1083 Ar.
485 1019 588 1083 De
628 1020 761 1085 hoc
804 1041 1002 1084 versu
1045 1022 1291 1108 optime
1333 1021 1704 1109 disputavit
1732 1022 2115 1087 Alexander
2145 1021 2465 1086 T-heodo

231 1141 349 1183 rus
380 1117 706 1182 Sverdsio
751 1120 817 1181 in
849 1101 1176 1183 Vindiciis
1218 1123 1562 1206 praecepti
1603 1122 1975 1186 Bentleiani
2019 1144 2078 1206 p.
2095 1121 2211 1195 39,
2268 1129 2465 1205 quem

229 1218 524 1282 libellum
556 1217 764 1302 Rigae
808 1215 1019 1281 edidit
1058 1227 1234 1282 anno
1271 1218 1462 1283 1832.
1511 1219 1622 1283 hic
1654 1241 1823 1304 quas
1848 1220 2164 1283 rationes
2208 1218 2464 1292 attulit,

233 1317 478 1401 quibus
518 1315 698 1378 hunc
742 1337 1009 1379 versum
1049 1316 1342 1380 Lucretii
1389 1338 1539 1381 esse
1590 1339 1729 1381 non
1786 1339 1988 1403 posse
2044 1316 2464 1388 ostenderet,

232 1437 349 1479 eas
382 1423 451 1479 et
488 1421 795 1499 repetere
827 1422 895 1477 et
937 1435 1183 1500 augere
1213 1416 1340 1479 mei
1370 1415 1570 1480 officii
1600 1437 1749 1481 esse
1781 1416 1956 1481 duco
1975 1465 1989 1478 .
2035 1416 2314 1500 primum
2344 1415 2464 1499 igi·-

230 1521 342 1578 tur
372 1513 544 1576 haec
573 1511 875 1577 ordinem
905 1521 975 1576 et
1003 1512 1497 1577 cohaerentiam
1528 1515 2006 1579 sententiarum
2034 1513 2465 1600 perturbant,

230 1612 359 1676 nisi
403 1618 585 1675 certe
627 1611 851 1696 aliquo
880 1612 1147 1675 vinculo
1193 1634 1342 1676 cum
1385 1620 1611 1676 cetera
1643 1613 1948 1677 oratione
1990 1617 2429 1676 conectantur
2450 1657 2463 1670 .

229 1711 460 1794 itaque
490 1710 548 1772 si
579 1731 615 1773 e
643 1709 830 1773 libris
859 1709 1010 1773 olim
1040 1710 1386 1796 impressis
1416 1711 1785 1774 scribemus
1816 1734 1954 1774 cum
1983 1728 2170 1775 caeca
2196 1711 2464 1788 iacebat,

233 1809 402 1872 haec
432 1828 938 1894 supervacanea
965 1806 1325 1872 reddemus
1359 1809 1811 1874 tolerabiliora
1829 1858 1843 1872 .
1876 1809 2120 1874 deinde
2150 1809 2321 1873 scire
2349 1830 2463 1871 ve-

229 1906 342 1969 lim
388 1929 525 1991 quo
568 1893 769 1969 sensu
813 1906 1151 1990 navigatio
1193 1906 1303 1971 hic
1345 1909 1625 1993 improba
1665 1907 1974 1972 dicatur:
2020 1916 2251 1995 potest
2294 1908 2464 1970 enim

226 2006 574 2091 immolam»
603 2026 751 2068 esse
781 2011 897 2068 aut
924 2005 1234 2081 immane,
1261 2013 1339 2069 ut
1367 2005 1551 2090 apud
1570 2007 1799 2070 Silium
1825 2008 1896 2070 in
1925 2028 2072 2082 xm,
2089 2007 2126 2069 7
2130 2006 2205 2069 61
2237 2006 2306 2069 in
2328 2005 2464 2079 his,

229 2115 540 2190 uectatque
567 2105 787 2188 capaci
805 2105 1077 2188 Aqmina
1103 2105 1259 2167 mole
1284 2104 1524 2167 Charon
1540 2152 1559 2183 ,
1590 2115 1646 2167 ec
1663 2105 1890 2193 mqfficit
1908 2104 2185 2188 improba
2203 2105 2465 2188 palmi-⁵¹,

230 2211 354 2267 aut
381 2202 512 2265 vile
543 2208 612 2264 et
641 2210 1095 2286 contemptum
1114 2250 1129 2275 ‚
1159 2208 1237 2264 ut
1264 2201 1559 2264 Lucilius
1590 2202 1809 2265 Omnes
1821 2201 2304 2289 somnosifortes
2330 2201 2465 2279 tibi,

229 2325 339 2386 eqo
371 2300 710 2385 improbus,
756 2307 875 2363 aut
902 2298 1192 2383 denique
1223 2299 1630 2362 scelerosum
1663 2307 1731 2362 et
1761 2298 2018 2376 audax3
2064 2319 2346 2383 quorum
2378 2297 2463 2360 si-

233 2398 401 2485 quid
432 2407 550 2463 aut
575 2399 643 2461 in
683 2406 927 2462 nautas
956 2405 1074 2461 aut
1099 2397 1168 2461 in
1197 2418 1405 2461 naves
1448 2396 1675 2472 cadit,
1719 2409 1900 2462 certe
1930 2419 1971 2460 a
1997 2398 2234 2461 ratione
2262 2404 2465 2480 atque

230 2498 620 2562 inventione
648 2495 1006 2582 navigandi
1037 2496 1320 2559 alienum
1352 2503 1487 2559 est.
1535 2517 1686 2559 nam
1717 2495 2041 2561 Horatius
2071 2517 2220 2558 cum
2246 2495 2468 2579 impias

233 2595 409 2660 dixit
455 2606 659 2674 ναίω,
705 2616 844 2657 non
871 2603 1095 2658 tamen
1123 2594 1432 2680 improbas
1462 2594 1664 2670 dixit,
1713 2602 1780 2658 et
1806 2595 2164 2681 impietatis
2192 2590 2466 2655 modum

232 2695 445 2759 taceri
477 2714 678 2781 posse
707 2715 844 2755 non
873 2693 1140 2778 putavit
1167 2742 1183 2768 ‚
1225 2692 1350 2756 sed
1384 2691 1651 2757 addidit
1681 2715 1795 2757 eas
1823 2695 1985 2757 vada
2012 2716 2135 2758 non
2163 2691 2468 2776 canqenda

228 2794 576 2858 transilire.
618 2813 754 2855 non
783 2792 879 2855 ita
904 2792 1223 2856 infantem
1254 2793 1411 2855 novi
1445 2791 1856 2865 Lucretium,
1900 2800 1978 2856 ut
2019 2789 2289 2854 credam
2320 2809 2467 2852 eum

173 2899 182 2908 ‘
231 2893 406 2957 haec
439 2903 571 2955 tam
603 2891 868 2954 concise
901 2897 969 2954 et
997 2889 1382 2977 imperfecte
1415 2891 1740 2954 elaturum
1769 2888 1977 2953 fuisse
2007 2939 2020 2952 .
2067 2897 2208 2952 tum
2238 2887 2469 2971 naviyii

230 3015 362 3058 nec
402 2992 619 3056 forma
657 2991 1086 3076 grammatica
1129 3011 1253 3053 nec
1293 2989 1688 3075 significatio
1738 2995 1871 3051 tam
1900 2987 2179 3070 antiquo
2226 2990 2467 3069 poetae

229 3090 596 3166 convenit3
643 3111 926 3175 quorum
973 3097 1328 3173 utrumque
1367 3089 1426 3152 is
1470 3108 1668 3170 quem
1715 3084 1853 3148 dixi
1898 3085 1998 3148 vir
2044 3081 2469 3146 doctissimus

231 3196 553 3253 accurate
595 3188 940 3273 exposuit.
991 3188 1103 3272 qui
1145 3184 1330 3271 quod
1373 3186 1422 3249 Ι.
1437 3185 1508 3249 F.
1529 3183 1852 3248 Gronovii
1891 3182 1958 3245 in
2002 3180 2469 3245 ecclesiasticis

231 3288 710 3353 observatione
738 3286 950 3350 utitur
972 3335 987 3362 ‚
1021 3308 1153 3371 qua
1180 3286 1237 3349 is
1267 3305 1331 3370 p.
1350 3284 1472 3348 272
1504 3281 1884 3346 Cervidium
1915 3280 2304 3344 Scaevolam
2334 3278 2467 3365 pri-

231 3409 417 3453 mum
446 3385 655 3449 Marci
697 3384 1117 3470 imperatoris
1159 3391 1383 3447 aetate
1425 3382 1658 3466 naviyii
1698 3379 2026 3444 vocabulo
2072 3378 2141 3441 in
2169 3378 2209 3441 l.
2230 3377 2345 3442 122
2361 3377 2465 3460 §.1

234 3486 319 3550 D.
339 3483 426 3548 de
439 3483 792 3557 v.o.x1.v‚l
839 3504 964 3568 pro
1019 3482 1445 3567 navigatione
1496 3500 1689 3543 usum
1736 3500 1887 3542 esse
1940 3476 2104 3541 dicit
2148 3478 2338 3561 (nam
2385 3475 2471 3539 de

229 3582 485 3649 Edicto
515 3582 839 3669 Ulpianus
882 3580 1150 3644 fallitur‘
1165 3588 1233 3644 et
1272 3602 1345 3643 se
1374 3586 1559 3643 recte
1599 3576 1873 3662 corrigit
1902 3576 1972 3639 in
1999 3576 2087 3640 1.1
2112 3577 2168 3660 ξ.
2194 3575 2267 3639 14
2282 3575 2363 3639 D.
2384 3574 2470 3638 de

231 3682 484 3747 flumin.
501 3703 691 3756 xmn,
708 3679 821 3763 12)
841 3728 856 3754 ,
898 3702 1026 3742 nos
1058 3677 1341 3742 eundem
1369 3677 1552 3740 illum
1582 3675 2022 3739 Lucretianae
2051 3675 2217 3738 artis
2247 3695 2468 3738 aemu-

231 3783 376 3846 lum
415 3780 737 3843 lectorem
756 3826 770 3853 ,
812 3778 918 3842 cni
946 3777 1057 3841 hic
1086 3798 1324 3841 versus
1354 3773 1845 3840 adscribendus
1875 3783 2011 3849 est,
2052 3775 2183 3837 iam
2213 3772 2468 3855 aliquo-

233 3880 417 3944 tiens
449 3878 674 3963 poesis
706 3876 1054 3961 antiquae,
1112 3897 1309 3961 quam
1338 3873 1759 3948 adfectabat,
1799 3895 1937 3936 non
1982 3872 2146 3936 satis
2191 3892 2468 3956 gnarum

234 3973 810 4061 deprehendimus
830 4023 845 4049 ,
875 3975 1061 4039 velut
1091 3996 1239 4037 cum
1265 3973 1435 4036 dixit
1464 3984 1863 4060 quapropter
1891 3994 2016 4057 pro
2045 3972 2232 4056 iyitur
2261 3968 2469 4042 1,334‚

233 4079 500 4140 innacius
537 4081 724 4138 recto
768 4094 930 4137 casu
961 4082 1031 4137 et
1072 4074 1262 4160 aquai
1303 4070 1508 4135 dandi
1554 4071 1769 4152 1‚454,
1818 4070 2051 4155 alioqui
2080 4067 2348 4143 111‚415‚
2390 4069 2470 4129 si-

232 4175 525 4238 mulacra
564 4183 862 4258 qen-tantm
899 4171 1136 4246 111‚433
1165 4217 1179 4240 ,
1220 4172 1441 4235 sentire
1478 4193 1697 4234 sonare
1727 4192 1815 4244 lv,
1838 4168 1994 4232 229.
2042 4166 2211 4229 haee
2239 4164 2473 4249 igitur,

234 4282 316 4337 ut
348 4271 521 4345 dixi,
567 4269 1016 4334 Sverdsiovus
1057 4270 1183 4334 illis
1228 4267 1627 4355 prudentius
1670 4267 2021 4338 tractavit,
2064 4263 2177 4348 qui
2203 4284 2337 4326 una
2366 4262 2473 4324 vel

236 4372 460 4436 altera
486 4370 712 4433 littera
738 4370 1082 4433 immutata
1105 4391 1178 4432 se
1200 4368 1335 4432 hoc
1367 4374 1570 4454 poeta
1599 4366 1867 4451 dignum
1891 4362 2287 4427 versiculum
2319 4382 2473 4447 pro-

239 4469 494 4535 cudere
526 4489 731 4555 posse
762 4468 1225 4534 existimarunt
1254 4516 1267 4540 ,
1313 4468 1368 4531 si
1397 4463 1602 4530 modo
1631 4462 1793 4528 illud
1823 4462 2183 4527 infaustum
2212 4460 2260 4522 ii
2290 4458 2473 4522 devi-
