3042 5192
1243 486 1336 554 111
2260 491 2400 561 205

221 659 522 747 glossariis
542 659 877 748 ficet-ulam
919 665 987 723 et
1010 658 1391 746 secetulam
1373 663 1687 736 mvenio,
1729 663 1911 750 apud
1939 664 2230 730 Nonium
2240 668 2398 757 fice-

220 759 380 822 wloem
408 764 471 821 et
496 757 952 844 querqoeoetulam
977 779 1042 867 p.
1062 756 1164 833 48,
1182 756 1263 822 20
1292 757 1526 836 274,11
1561 761 1660 836 91,
1678 761 1752 836 4,
1782 762 1965 848 apud
1993 763 2349 830 Plautum
2331 789 2402 830 m

219 855 486 920 Asinaria
523 855 697 934 111‚3,
723 854 839 918 104
884 863 954 918 et
1002 855 1070 916 in
1116 854 1413 939 Captivis
1456 880 1519 934 v,
1537 859 1595 937 4,
1614 861 1653 923 5
1695 863 2121 926 monet-ulam.
2167 862 2397 928 Lucilii

219 956 372 1043 apud
406 956 688 1020 Nonium
729 956 1039 1021 versiculi
1091 957 1188 1020 sic
1228 956 1495 1042 legendi
1541 967 1746 1034 sunt,
1790 970 1850 1024 et
1885 962 2114 1024 circum
2153 963 2403 1027 volitant

205 1057 463 1144 ficetula,
501 1056 667 1120 turdi
704 1055 919 1119 Ourati
949 1054 1128 1118 scite.-
1156 1034 1305 1120 libri
1315 1056 1609 1145 ficetulae
1639 1064 1707 1120 et
1736 1061 1963 1122 curatis
1989 1061 2144 1123 soci.
2177 1058 2263 1123 de
2292 1084 2396 1125 ou-

215 1156 358 1234 nela,
386 1175 549 1239 quae
582 1154 878 1218 cunebula
908 1152 1195 1217 dicitur
1178 1175 1247 1216 m
1275 1154 1620 1239 glossariis
1649 1155 1945 1220 Labbaei
1974 1159 2091 1243 (ea
2120 1157 2398 1223 Graecis

216 1260 301 1315 est
326 1254 523 1315 unnim
552 1251 773 1316 media
794 1250 1058 1337 syllaba
1078 1249 1479 1338 producta),
1504 1254 1876 1339 expectabo
1898 1253 2213 1319 iudicium
2236 1254 2396 1320 doc-

216 1351 422 1414 tiorum
449 1399 462 1413 .
493 1372 573 1414 ac
600 1349 801 1415 video
831 1349 1198 1414 Ritschelio
1230 1348 1320 1412 ad
1348 1349 1805 1416 Trinummum
1834 1377 1896 1440 p.
1918 1375 2208 1419 ccnxxnr.
2235 1378 2395 1441 pro-

215 1447 334 1512 bari
358 1450 623 1513 cimilam
649 1448 869 1512 media
900 1456 1213 1534 correpta
1231 1497 1245 1511 .

352 1546 516 1611 1016.
547 1570 647 1611 nn
692 1569 896 1612 saxo
937 1567 1228 1612 uerus
1269 1569 1542 1612 nomm
1561 1596 1575 1610 .
1600 1548 1890 1614 Prorsus
1914 1552 2179 1638 egregie
2201 1553 2395 1617 Lam-

213 1644 376 1709 binus
401 1647 577 1710 iactu'
608 1667 1015 1709 nnoasum.
2360 1712 2367 1717 ,

353 1747 516 1810 1017.
560 1745 952 1811 Vir-:unnim
987 1795 1003 1822 ‚
1055 1768 1539 1811 canmmcns
1575 1794 1590 1820 ‚
1640 1768 1906 1813 nomm
1937 1797 1954 1826 ,
2015 1772 2149 1813 mx
2181 1798 2197 1826 ,
2247 1771 2397 1814 ῙΛΜ

213 1865 381 1907 »nrm
410 1892 424 1918 ‚
467 1867 733 1909 TAEDE
766 1895 780 1909 .
823 1844 1210 1924 Quadratus
1241 1847 1550 1936 carmfimzs
1578 1896 1591 1910 .
1634 1854 1773 1910 tum
1804 1847 2099 1912 eiusdem
2130 1870 2394 1914 correc-

211 1949 300 2004 tor
322 1944 538 2008 lamina
564 1993 584 2026 ,
628 1945 858 2029 itaque
880 1943 1183 2009 Venetus
1215 1944 1435 2010 editor
1465 1953 1534 2009 et
1560 1945 1887 2010 Marullus
1916 1996 1930 2009 .
1970 1946 2106 2011 hoc
2144 1949 2396 2014 rectius

210 2040 482 2105 scribitur
533 2063 914 2107 mumma
949 2068 965 2120 3
1011 2044 1116 2106 cui
1159 2065 1278 2108 cur
1320 2045 1697 2109 breviorem
1737 2044 2051 2122 formam,
2084 2068 2257 2132 quae
2289 2057 2394 2113 est

210 2135 384 2202 loenma
407 2187 425 2220 ,
461 2139 588 2204 Ph.
615 2139 998 2227 Wagnerus
1028 2139 1376 2207 adversari
1405 2141 1588 2207 dicat
1614 2144 1684 2205 in
1715 2143 2199 2229 orthographia
2219 2145 2391 2210 Ver-

209 2234 414 2319 giliana
465 2260 527 2324 p.
556 2237 687 2302 444
740 2261 877 2303 non
935 2260 1264 2325 assequor
1297 2288 1310 2302 .
1367 2242 1695 2304 lamminae
1748 2240 1930 2326 apud
1983 2241 2392 2307 Frontonem

206 2352 258 2416 p.
273 2331 381 2398 240
406 2382 421 2410 ,
461 2338 761 2401 lammina
786 2336 1198 2401 Prudentius
1226 2337 1480 2402 Heinsii
1509 2339 1655 2424 peri
1684 2339 1903 2425 steph.
1936 2339 1992 2417 5,
2006 2340 2087 2404 62
2106 2389 2122 2417 ‚
2153 2341 2248 2406 sic
2276 2363 2392 2407 ve-

205 2436 297 2494 tus
320 2432 528 2499 Plauti
554 2435 632 2499 in
659 2436 969 2500 Asinaria
997 2459 1094 2512 111,
1113 2436 1170 2513 2,
1189 2436 1230 2500 4
1248 2486 1263 2512 ,
1293 2436 1512 2501 codex
1541 2436 1823 2502 Arnobii
1855 2437 2027 2503 libro
2049 2461 2120 2503 vx
2150 2462 2215 2525 p.
2234 2439 2350 2505 201
2375 2489 2391 2517 ,

205 2525 444 2597 Tacitus
486 2533 841 2598 Mediceus
892 2534 1321 2599 historiarum
1359 2557 1403 2612 1,
1429 2534 1511 2600 79
1543 2583 1557 2610 ,
1597 2557 1723 2600 nec
1778 2535 2011 2601 debuit
2061 2538 2288 2624 sperni
2322 2539 2392 2602 in

205 2625 395 2693 Ovidii
418 2631 750 2697 fastorum
779 2655 821 2708 1,
837 2631 963 2697 208
981 2682 994 2696 .

346 2729 513 2795 1019.
549 2753 1045 2807 :ronan-rous
1089 2754 1544 2797 rnaosrms
1565 2782 1578 2796 .
1608 2732 1848 2798 Potest
1883 2735 2119 2820 aliquis
2147 2738 2252 2801 wri
2276 2736 2393 2801 fla-

202 2826 360 2909 gellis
386 2878 401 2904 ,
439 2833 667 2897 torreri
691 2851 829 2894 non
871 2837 1103 2916 potest
1134 2878 1147 2892 .
1192 2830 1275 2895 N.
1294 2831 1611 2895 Heinsius
1652 2831 1722 2894 in
1760 2830 2161 2898 adversariis
2188 2836 2387 2920 p.177

200 2933 539 3014 torquetque.
574 2928 704 2994 sed
733 2928 865 2993 hoc
896 2950 1167 3015 quoque
1194 2929 1496 2992 nimium:
1530 2928 1695 2993 satis
1725 2937 1832 2993 est
1859 2930 2101 2995 adhibet
2122 2935 2393 2997 stimulos

200 3027 967 3119 rsnnnronssflayellis.

340 3123 509 3188 1031.
542 3147 800 3189 surr-:n
841 3148 972 3189 uu:
1012 3147 1405 3191 Lucrinas.
1436 3124 1543 3189 Ita
1566 3124 1931 3210 oblongus:
1959 3126 2030 3189 in
2053 3126 2386 3211 quadrato

197 3216 321 3302 ipsa
343 3223 553 3305 prima
585 3245 828 3289 manus
859 3245 942 3288 ex
971 3249 1016 3289 u
1041 3223 1205 3289 fecit
1233 3249 1274 3289 a
1292 3274 1306 3288 .
1333 3224 1405 3288 in
1431 3247 1521 3299 vr,
1536 3224 1660 3288 538
1686 3232 1973 3308 uterque
2002 3226 2259 3290 lamma-3
2277 3274 2291 3288 .
2319 3227 2389 3290 in

197 3315 406 3382 eodem
433 3320 557 3385 552
600 3324 857 3387 lucunas
895 3323 1110 3408 prima
1149 3345 1350 3388 manu
1388 3323 1722 3409 oblongus
1754 3371 1769 3400 ‚
1809 3322 2182 3408 quadratus
2216 3327 2388 3390 lacu-

194 3434 317 3479 nas.
342 3418 410 3481 in
437 3422 804 3507 georgicon
834 3444 933 3497 111,
951 3422 1073 3486 365
1094 3422 1442 3486 Mediceus
1470 3423 1685 3508 prima
1710 3427 1911 3485 manu
1938 3424 2196 3488 lucanae
2213 3472 2227 3486 .
2254 3422 2388 3489 hoc

192 3530 306 3595 quo
344 3518 726 3583 confirmem
769 3527 1039 3605 praeter
1082 3521 1386 3607 exempla
1419 3521 1490 3583 in
1534 3521 1916 3607 praesentia
1941 3520 2107 3585 nihil
2133 3520 2389 3587 habeo:

192 3610 295 3674 sed
344 3616 543 3680 malui
599 3617 966 3682 observare
1024 3626 1092 3683 et
1144 3618 1438 3705 posteris
1487 3618 1959 3683 illustrandum
2011 3619 2389 3705 relinquere

191 3728 363 3792 quam
396 3762 411 3790 ‚
454 3713 646 3800 quod
689 3713 913 3779 adhuc
953 3715 1204 3781 factum
1235 3725 1340 3781 est
1368 3766 1382 3792 ‚
1424 3716 1642 3780 celare
1674 3764 1689 3779 .
1734 3724 2027 3782 ceterum
2054 3718 2203 3783 libri
2234 3720 2388 3784 olim

187 3804 464 3894 impressi
507 3821 580 3878 et
605 3813 933 3879 Marullus
976 3815 1233 3880 habent
1258 3838 1554 3902 superare
1579 3816 1833 3880 lacunas
1858 3841 1884 3900 ,-
1928 3838 2062 3902 quo
2094 3817 2387 3883 admisso

185 3909 383 3972 tamen
409 3933 554 3975 non
583 3911 841 3977 tollitur
867 3913 1152 3979 molesta
1180 3936 1260 3978 ac
1289 3935 1570 4000 prorsus
1597 3912 2034 3979 intolerabilis
2064 3917 2387 3981 orationis

187 4003 612 4074 abundantia.
645 4031 853 4095 quare
881 4013 1107 4077 verius
1140 4034 1289 4077 esse
1319 4033 1564 4076 censeo
1587 4012 1973 4077 Lucretium
1997 4012 2128 4078 hos
2147 4036 2386 4080 versus

181 4101 369 4182 primo
400 4106 599 4172 aliter
623 4110 915 4196 scriptos
940 4109 1244 4186 dedisse,
1274 4132 1454 4175 nunc
1483 4118 1705 4176 autem
1734 4113 1974 4176 ceteris
2002 4112 2099 4176 ita
2123 4120 2202 4176 ut
2230 4121 2388 4178 sunt

182 4204 543 4268 constitutis
573 4205 756 4270 hunc
780 4229 1048 4274 versum
1073 4231 1119 4274 a
1140 4216 1558 4282 correctore,
1584 4229 1783 4295 quem
1805 4230 2009 4296 saepe
2028 4210 2384 4295 neglegen-

178 4295 480 4366 tissimum
508 4302 720 4368 fuisse
745 4305 1155 4386 videbimus,
1182 4307 1419 4373 iniuria
1441 4315 1780 4374 servatum
1802 4330 1986 4385 esse,
2009 4329 2158 4371 cum
2181 4306 2383 4372 debe-

179 4404 267 4460 ret
293 4400 778 4468 circumscribi.
