3042 5192
805 1399 904 1479 T.
956 1396 1506 1480 LUCRETI
1583 1398 1879 1481 CARI

387 1626 617 1725 DE
744 1544 1380 1727 RERUM
1502 1625 2274 1728 NATURA

910 1869 1223 1934 LIBER
1275 1870 1765 1935 TERTIUS.

214 2341 316 2462 E
344 2400 649 2465 tenebris
678 2399 882 2463 tantis
912 2407 1048 2463 tam
1078 2398 1329 2463 clarum
1360 2398 1682 2464 extollere
1709 2398 1932 2463 lumen

212 2516 324 2600 qui
351 2516 609 2601 primus
637 2514 919 2601 potuisti
944 2515 1313 2579 inlustrans
1344 2513 1691 2578 commoda
1720 2514 1898 2578 vitae
1917 2564 1932 2587 ‚

212 2638 279 2694 te
308 2652 598 2716 sequor,
621 2653 663 2694 o
695 2630 938 2694 Graiae
968 2630 1189 2716 gentis
1223 2628 1429 2694 decus
1449 2677 1464 2705 ‚
1484 2629 1688 2714 inque
1717 2629 1852 2693 tuis
1880 2651 2057 2693 nunc

210 2744 371 2809 ficta
394 2744 647 2831 pedum
674 2766 857 2832 pono
887 2744 1139 2830 pressis
1167 2743 1451 2829 vestigia
1479 2745 1686 2829 signis
1706 2792 1721 2819 ‚

128 2876 153 2919 5
216 2881 357 2925 non
384 2862 482 2925 ita
510 2859 815 2924 certandi
847 2858 1134 2944 cupidus
1166 2880 1365 2945 quam
1393 2867 1675 2945 propter
1704 2880 1995 2925 amorem

211 2974 401 3060 quod
434 2986 501 3039 te
529 2976 768 3040 imitari
797 2995 1000 3039 aveo:
1025 2972 1193 3060 quid
1226 2975 1399 3038 enim
1428 2974 1796 3039 contendat
1825 2974 2115 3039 hirundo

213 3091 448 3177 cycnis
466 3139 482 3167 ‚
507 3098 623 3155 aut
652 3088 818 3176 quid
844 3109 999 3153 nam
1028 3090 1327 3154 tremulis
1355 3089 1580 3154 facere
1610 3091 1890 3155 artubus
1917 3089 2118 3153 haedi

214 3204 555 3268 consimile
582 3205 653 3268 in
682 3226 883 3269 cursu
911 3205 1179 3290 possint
1209 3212 1277 3269 et
1302 3204 1498 3270 fortis
1531 3206 1684 3290 equi
1711 3206 1815 3269 vis
1831 3205 1865 3268 Ρ

222 3326 295 3383 tu
313 3368 329 3396 ‚
351 3327 550 3405 pater
568 3369 583 3397 ‚
608 3341 680 3384 es
709 3341 929 3384 rerum
957 3321 1270 3385 inventor
1289 3370 1304 3397 ,
1325 3327 1400 3385 tu
1427 3321 1647 3406 patria
1674 3300 1870 3385 nobis

101 3448 154 3493 10
214 3433 613 3520 suppeditas
643 3444 1038 3521 praecepta,
1063 3436 1331 3521 tuisque
1362 3457 1445 3499 ex
1464 3485 1479 3511 ‚
1499 3436 1749 3501 inclute
1767 3485 1782 3513 ‚
1807 3436 2059 3501 chartis
2078 3484 2094 3509 ‚

210 3547 519 3613 floriferis
549 3557 625 3613 ut
655 3570 816 3636 apes
844 3551 915 3614 in
944 3550 1226 3615 saltibus
1257 3552 1476 3615 omnia
1503 3551 1715 3616 libant
1732 3600 1747 3628 ‚

208 3665 431 3727 omnia
459 3686 588 3729 nos
615 3663 844 3729 itidem
875 3663 1296 3751 depascimur
1326 3686 1531 3730 aurea
1561 3664 1743 3731 dicta
1762 3716 1778 3743 ‚

208 3798 413 3842 aurea
430 3829 448 3855 ‚
472 3788 800 3866 perpetua
829 3801 1093 3866 semper
1122 3780 1509 3867 dignissima
1535 3782 1674 3846 vita
1692 3832 1705 3845 .

207 3912 362 3956 nam
389 3895 584 3958 simul
612 3916 691 3958 ac
722 3895 896 3960 ratio
924 3903 1043 3961 tua
1072 3897 1295 3982 coepit
1320 3896 1674 3962 vociferari

96 4020 147 4064 15
206 4016 519 4073 naturam
547 4032 770 4073 rerum
790 4059 805 4086 ‚
830 4009 1056 4075 divina
1082 4019 1301 4076 mente
1333 4020 1603 4087 coorta,

205 4119 561 4211 diffugiunt
590 4124 790 4187 animi
823 4132 1116 4190 terrores
1136 4173 1151 4201 ‚
1173 4127 1435 4190 moenia
1462 4125 1691 4190 mundi

208 4234 598 4315 discedunt,
622 4246 840 4304 totum
868 4238 1068 4306 video
1098 4262 1220 4327 per
1248 4242 1443 4306 inane
1473 4243 1615 4328 geri
1644 4264 1786 4306 reS.

220 4484 239 4530 1
285 4480 332 4531 Ο
367 4483 385 4549 i:
426 4490 453 4534 7
494 4482 715 4554 Cycniis
757 4486 777 4557 ΙΙ
820 4491 876 4536 ll
918 4485 1126 4538 limant.
1164 4484 1184 4553 ΙΙ
1229 4493 1287 4538 15
1328 4495 1594 4539 coortam.
