3042 5192
1304 486 1401 554 111
2354 471 2460 564 '93
2579 450 2584 454 ’

218 678 363 723 esse
392 658 658 721 animos
687 656 1080 743 animasque
1108 657 1275 724 levis
1300 667 1379 723 ut
1405 680 1690 725 noscere
1717 663 1940 747 possis
1958 713 1973 738 ‚

218 772 601 858 conquisita
632 769 751 835 diu
781 770 1096 857 dulcique
1122 781 1398 860 reperta
1425 775 1657 842 labore

87 904 167 951 ⁴20
215 886 415 973 digna
440 895 568 951 tua
594 906 873 973 pergam
905 885 1266 973 disponere
1296 890 1587 954 carmina
1616 912 1810 956 cura.

88 1477 169 1523 ⁴25

93 2049 173 2096 ⁴³1

90 2278 172 2325 434

91 2967 171 3014 440

94 3539 174 3586 445

218 1011 290 1066 tu
314 1001 427 1066 fac
455 1011 825 1087 utrumque
853 1002 969 1065 uni
997 1002 1363 1090 subiungas
1391 1025 1638 1069 nomen
1668 1027 1923 1084 eom,

219 1126 421 1202 atque
453 1117 744 1181 animam
772 1116 963 1182 verbi
991 1137 1196 1181 causa
1224 1139 1375 1183 cum
1404 1118 1629 1184 dicere
1656 1143 1931 1208 pergam
1950 1172 1965 1198 ,

219 1232 579 1296 mortalem
610 1252 760 1296 esse
791 1229 1078 1308 docens,
1101 1232 1388 1297 animum
1417 1255 1692 1320 quoque
1722 1235 1943 1302 dicere
1974 1238 2215 1303 credas
2234 1291 2248 1314 ‚

219 1367 349 1432 qus
376 1355 589 1412 tenus
620 1354 727 1411 est
753 1367 958 1410 unum
984 1347 1164 1411 inter
1192 1368 1271 1412 se
1297 1349 1790 1436 coniunctaque
1817 1373 1929 1417 res
1959 1363 2095 1419 est.

217 1461 550 1548 principio
581 1461 897 1547 quoniam
926 1469 1191 1527 tenuem
1219 1471 1534 1528 constare
1563 1466 1833 1531 minutis

222 1576 627 1663 corporibus
663 1573 865 1641 docui
891 1576 1237 1663 multoque
1265 1579 1630 1644 minoribus
1663 1600 1813 1645 esse

222 1691 567 1778 principiis
595 1688 842 1755 factam
873 1712 1072 1776 quam
1099 1690 1395 1778 liquidus
1425 1715 1617 1758 umor
1646 1698 1844 1781 aquai

223 1815 336 1870 aut
358 1805 613 1871 nebula
640 1813 759 1870 aut
784 1805 1004 1871 fumus
1024 1855 1040 1882 ‚
1061 1807 1191 1871 iam
1219 1808 1419 1894 longe
1446 1809 1820 1875 mobilitate

221 1929 527 2006 praestat
555 1929 625 1986 et
651 1942 692 1985 a
719 1922 906 1985 tenui
934 1942 1138 1987 causa
1163 1924 1375 2009 magis
1401 1922 1537 1988 icta
1562 1933 1871 1990 movetur
1889 1976 1903 1990 .

227 2033 410 2119 quod
437 2057 655 2122 genus
684 2043 789 2101 est
806 2084 823 2111 ‚
845 2037 1095 2101 somnis
1124 2038 1327 2124 sopiti
1354 2038 1469 2102 ubi
1498 2039 1828 2105 cernimus
1856 2041 1990 2106 alte

228 2150 493 2214 exulare
522 2171 843 2237 vaporem
882 2151 1118 2216 altaria
1143 2151 1457 2238 ferreque
1487 2154 1737 2218 fumum
1756 2205 1770 2218 .

219 2286 392 2329 nunc
422 2265 629 2351 igitur
660 2266 972 2351 quoniam
1001 2268 1339 2353 quassatis
1367 2267 1667 2354 undique
1694 2271 1876 2334 vasis

224 2377 524 2444 diffluere
553 2401 850 2445 umorem
882 2391 951 2446 et
977 2382 1243 2447 laticem
1270 2381 1622 2448 discedere
1653 2385 1869 2449 cernis
1887 2433 1903 2460 ‚

221 2503 286 2558 et
310 2495 561 2560 nebula
587 2516 668 2559 ac
696 2494 919 2561 fumus
948 2498 1263 2583 quoniam
1291 2498 1583 2564 discedit
1607 2499 1676 2563 in
1706 2520 1903 2564 auras
1923 2549 1939 2576 ‚

224 2609 422 2674 crede
451 2611 738 2675 animam
769 2631 1041 2698 quoque
1071 2611 1352 2678 diffundi
1378 2614 1724 2700 multoque
1752 2616 1972 2701 perire

222 2725 403 2790 ocius
433 2734 502 2789 et
530 2726 723 2791 cit-ius
755 2724 1032 2791 dissolvi
1059 2727 1128 2791 in
1156 2749 1448 2815 corpora
1474 2730 1693 2816 prima
1710 2779 1725 2806 ‚

223 2859 368 2903 cum
398 2840 601 2905 semel
631 2861 716 2905 ex
744 2840 1030 2905 hominis
1057 2844 1371 2908 membris
1401 2844 1627 2909 ablata
1655 2845 1969 2910 recessit:

223 2955 468 3042 quippe
500 2957 743 3021 etenim
773 2978 1023 3043 corpus
1042 3005 1058 3032 ‚
1085 2956 1274 3043 quod
1300 2980 1422 3023 vas
1453 2961 1648 3045 quasi
1675 2960 1979 3024 constitit
2008 2961 2147 3026 eius
2166 3011 2181 3037 ,

222 3090 413 3154 quam
443 3071 763 3136 cohibere
789 3072 1024 3157 nequit
1052 3082 1577 3159 conquassatum
1606 3095 1690 3138 ex
1720 3073 1941 3160 aliqua
1970 3096 2046 3138 re

221 3204 296 3248 ac
322 3186 725 3252 rarefactum
754 3185 1060 3252 detracto
1091 3190 1413 3275 sanguine
1439 3190 1631 3254 venis
1648 3237 1664 3264 ,

225 3304 370 3363 ae're
401 3302 517 3387 qui
548 3301 790 3366 credas
816 3323 1023 3388 posse
1052 3282 1232 3367 hanc
1257 3303 1630 3368 cohiberier
1656 3302 1794 3366 ullo
1811 3302 1844 3365 P

220 3434 496 3501 corpore
529 3417 644 3501 qui
671 3425 910 3482 nostro
938 3439 1132 3483 rarus
1160 3419 1369 3504 magis
1395 3420 1455 3482 is
1485 3417 1901 3483 cohibessit?

294 3528 659 3595 Praeterea
687 3532 867 3618 gigni
892 3533 1146 3619 pariter
1175 3555 1324 3598 cum
1354 3554 1639 3619 corpore
1671 3541 1740 3598 et
1765 3554 1901 3597 una

220 3664 518 3710 crescere
548 3646 870 3712 sentimus
897 3648 1284 3735 pariterque
1314 3668 1667 3713 senescere
1695 3657 2014 3713 mentem.

220 3779 361 3824 nam
388 3762 504 3826 vel
532 3770 610 3826 ut
637 3761 896 3827 infirmo
924 3764 1118 3850 pueri
1146 3773 1518 3850 teneroque
1546 3772 1878 3850 vagantur

220 3893 501 3963 corpore
522 3927 538 3952 ‚
569 3877 666 3941 sic
696 3878 893 3941 animi
923 3878 1228 3963 sequitur
1258 3879 1593 3944 sententia
1620 3879 1877 3944 tenvis:

224 4217 314 4264 420
350 4213 485 4267 vita.
535 4213 557 4283 ΙΙ
612 4221 711 4268 421
750 4234 857 4270 uno
909 4216 931 4288 ΙΙ
974 4236 1132 4273 nome
1180 4217 1200 4290 ΙΙ
1249 4225 1349 4272 428
1385 4235 1505 4271 nam
1545 4216 1565 4288 ΙΙ
1615 4223 1713 4270 429
1751 4216 2000 4271 Prestats
2037 4217 2056 4287 ΙΙ
2095 4222 2193 4269 430
2232 4216 2446 4287 Quippe

224 4295 304 4348 uhi
338 4298 661 4369 imaginibus
698 4298 827 4352 fumi
875 4301 1205 4373 nebulaeque
1249 4309 1554 4356 moventur.
1608 4299 1629 4373 ΙΙ
1684 4306 1778 4354 431
1822 4302 1874 4353 in
1909 4301 2112 4354 somnis
2165 4299 2186 4371 ΙΙ
2239 4300 2371 4353 alta.
2421 4299 2442 4368 ΙΙ

224 4384 308 4432 431
348 4399 550 4453 vapore
611 4383 633 4454 ΙΙ
682 4388 781 4436 433
821 4383 962 4438 Nam
997 4385 1184 4456 procul
1220 4387 1349 4440 haec
1385 4384 1546 4438 dubio
1582 4385 1740 4437 nobis
1775 4383 2056 4437 simulacra
2089 4391 2371 4454 geruntur.
2420 4382 2440 4452 Η

223 4465 307 4513 437
333 4463 543 4519 Credeo
582 4466 605 4538 ΙΙ
642 4469 745 4520 438
783 4466 957 4538 Opius
995 4468 1017 4535 ΙΙ
1055 4474 1151 4520 441
1181 4469 1313 4523 Cum
1353 4466 1374 4538 ΙΙ
1412 4476 1509 4522 444
1538 4470 1591 4522 ἰιι
1614 4468 1934 4522 cohibescit.
