3042 5192
1318 473 1381 540 Π
2363 477 2453 543 63

84 670 168 715 eso
217 672 361 714 cum
388 658 623 713 tamen
649 649 832 712 inter
860 668 935 710 se
962 666 1198 710 versus
1228 667 1306 708 ac
1335 646 1544 710 verba
1569 667 1846 711 necesse
1877 656 1981 711 est

221 764 583 855 confiteare
615 762 746 827 alia
776 782 862 825 ex
891 760 1034 825 aliis
1064 767 1373 824 constare
1404 760 1778 838 elemenfis3

220 902 351 944 non
382 900 524 963 quo
554 876 769 940 multa
794 896 1031 962 parum
1061 875 1423 939 communis
1452 875 1679 940 littera
1706 884 1934 940 currat

218 1002 332 1060 aut
357 992 525 1056 nulli
552 993 731 1055 inter
759 1011 833 1054 se
865 987 1000 1053 duo
1031 988 1164 1053 sint
1193 1010 1276 1054 ex
1307 991 1610 1054 omnibus
1638 990 1814 1055 idem
1833 1040 1849 1066 ‚

220 1107 338 1172 sed
368 1107 531 1192 quia
559 1127 699 1169 non
726 1104 928 1191 volgo
956 1105 1147 1192 paria
1175 1104 1482 1169 omnibus
1512 1105 1732 1170 omnia
1761 1114 2100 1169 constent.

74 1241 164 1284 695
216 1223 307 1285 sic
337 1222 486 1286 aliis
514 1221 586 1284 in
613 1220 818 1284 rebus
847 1221 1005 1285 item
1034 1220 1404 1284 communia
1428 1219 1641 1283 multa

216 1336 573 1400 multarum
601 1356 825 1400 rerum
856 1357 1004 1399 cum
1034 1336 1171 1400 sint
1194 1333 1564 1422 primordia
1582 1383 1598 1410 ‚
1621 1355 1850 1399 verum

217 1450 519 1515 dissimssi
548 1458 771 1515 tamen
796 1451 971 1515 inter
1000 1471 1073 1515 se
1104 1450 1473 1529 consistere
1502 1470 1758 1514 summa

216 1572 541 1653 possunt3
564 1574 641 1629 ut
665 1566 902 1631 merito
933 1587 1018 1629 ex
1046 1565 1190 1629 aliis
1221 1572 1537 1629 constare
1565 1562 1822 1627 feratur

214 1681 576 1745 humanum
603 1702 815 1767 genus
845 1687 914 1744 et
938 1679 1167 1764 fruges
1198 1679 1608 1763 arbustaque
1636 1678 1843 1742 laeta.

75 1813 162 1857 τοο
293 1795 437 1859 Nec
464 1804 693 1860 tamen
722 1793 1119 1859 omnimodis
1149 1793 1411 1859 conecti
1439 1813 1646 1879 posse
1673 1791 2046 1879 putandum
2077 1804 2180 1857 est

216 1911 462 1975 omnia:
485 1932 643 1974 nam
668 1908 870 1995 volgo
897 1907 1042 1972 fieri
1067 1915 1383 1996 portenta
1408 1905 1678 1971 videres
1696 1957 1711 1982 ‚

216 2025 555 2090 semiferas
582 2022 923 2087 hominum
952 2024 1211 2110 species
1245 2023 1530 2087 existere
1547 2070 1563 2097 ‚
1588 2029 1657 2086 et
1685 2021 1859 2097 altos

212 2142 379 2204 inter
409 2137 572 2203 dum
600 2158 824 2202 ramos
854 2139 1073 2225 egigni
1102 2159 1391 2225 corpore
1416 2137 1575 2202 vivo
1595 2185 1611 2211 ‚

210 2255 549 2339 multaque
580 2253 841 2316 conecti
872 2253 1215 2317 terrestria
1239 2251 1536 2316 membra
1561 2252 1831 2316 marinis
1849 2302 1864 2326 ‚

73 2387 156 2431 τοῦ
208 2378 347 2433 tum
376 2367 704 2432 flammam
733 2374 955 2431 taetro
985 2366 1303 2454 spirantis
1334 2388 1450 2431 ore
1483 2365 1867 2431 Chimaeras

208 2504 487 2571 pascere
517 2489 823 2547 naturam
849 2503 973 2569 per
1002 2489 1218 2545 terras
1249 2481 1722 2568 omniparentis
1741 2530 1756 2543 .

210 2620 493 2684 quorum
520 2597 616 2661 nil
640 2596 786 2660 fieri
811 2595 1233 2661 manifestum
1263 2604 1368 2659 est
1385 2644 1400 2670 ‚
1424 2596 1645 2660 omnia
1674 2596 1946 2681 quando

208 2714 562 2778 seminibus
593 2710 794 2776 certis
825 2718 1010 2775 certa
1035 2711 1374 2805 genetrice
1405 2717 1633 2774 creata

207 2848 603 2892 conservare
633 2847 845 2913 genus
875 2827 1245 2891 crescentia
1270 2846 1473 2912 posse
1498 2823 1834 2890 videmus.

69 2958 154 3005 τιο
204 2942 491 3019 scilicet,
509 2940 582 3005 id
612 2949 798 3006 certa
822 2940 965 3005 fieri
995 2942 1254 3006 ratione
1282 2949 1636 3005 necessust
1654 2991 1667 3004 .

202 3079 359 3121 nam
387 3078 510 3121 sua
536 3057 774 3142 cuique
804 3056 969 3121 cibis
1000 3078 1084 3120 ex
1113 3057 1418 3121 omnibus
1446 3057 1629 3121 intus
1658 3057 1727 3119 in
1757 3064 1944 3120 artus

206 3193 494 3259 corpora
523 3170 885 3236 discedunt
914 3192 1304 3257 conexaque
1333 3171 1790 3236 convenientis

206 3285 496 3351 efficiunt
522 3294 779 3351 motus:
804 3293 876 3351 at
907 3294 1144 3351 contra
1172 3287 1387 3351 aliena
1411 3285 1717 3350 videmus

202 3402 448 3465 reicere
476 3402 549 3464 in
575 3409 790 3465 terras
818 3412 1126 3466 naturam
1143 3450 1160 3477 ‚
1180 3402 1522 3486 multaque
1554 3401 1767 3465 caecis

70 3529 153 3575 τιὸ
205 3516 599 3604 corporibus
626 3515 889 3602 fugiunt
918 3539 955 3581 e
985 3537 1273 3604 corpore
1290 3565 1305 3592 ‚
1329 3516 1584 3602 percita
1610 3516 1826 3603 plagis
1845 3565 1860 3589 ‚

204 3652 367 3715 quae
396 3652 623 3716 neque
657 3632 916 3696 conecti
945 3652 1284 3717 quoquam
1310 3638 1594 3719 potuere
1622 3629 1840 3715 neque
1864 3631 2046 3694 intus

202 3746 414 3810 vitalis
442 3753 667 3811 motus
697 3748 1075 3811 consentire
1104 3754 1310 3831 atque
1341 3745 1610 3809 imitari.

201 3859 319 3923 sed
344 3881 433 3923 ne
461 3859 640 3924 forte
668 3867 867 3947 putes
896 3860 1204 3924 animalia
1232 3861 1377 3925 sola
1404 3860 1619 3923 teneri

196 3974 451 4060 legibus
479 3974 586 4038 his
605 4023 621 4051 ‚
646 3974 975 4060 quaedam
1002 3975 1174 4040 ratio
1207 3974 1625 4039 disterminat
1654 3975 1903 4038 omnia.

65 4099 147 4147 ‘520
197 4109 339 4153 nam
375 4089 487 4154 vel
514 4091 616 4153 uti
644 4096 791 4154 tota
817 4098 1059 4155 natura
1086 4088 1433 4155 dissimiles
1463 4082 1621 4153 sunt

200 4368 295 4415 5⁹3
328 4363 475 4416 nulla
528 4364 549 4433 ΙΙ
606 4370 706 4416 696
744 4364 1033 4435 primordia
1067 4382 1267 4419 rerum.
1322 4362 1342 4432 ΙΙ
1401 4370 1496 4416 706
1546 4365 1722 4416 omnia
1754 4363 2019 4434 parentis.
2075 4360 2094 4429 ΙΙ
2151 4365 2248 4413 716
2286 4362 2417 4413 inte.

199 4452 293 4497 ¹:19
326 4448 526 4501 omnis.
