<?xml version="1.0" encoding="UTF-8"?>
<!DOCTYPE html PUBLIC "-//W3C//DTD XHTML 1.0 Transitional//EN"
    "http://www.w3.org/TR/xhtml1/DTD/xhtml1-transitional.dtd">
<html xmlns="http://www.w3.org/1999/xhtml" xml:lang="en" lang="en">
 <head>
  <title>
</title>
<meta http-equiv="Content-Type" content="text/html;charset=utf-8" />
  <meta name='ocr-system' content='tesseract 3.04.00' />
  <meta name='ocr-capabilities' content='ocr_page ocr_carea ocr_par ocr_line ocrx_word'/>
</head>
<body>
  <div class='ocr_page' id='page_1' title='image "./tlucreticarider04unkngoog_0165.png"; bbox 0 0 3042 5192; ppageno 0'>
   <div class='ocr_carea' id='block_1_1' title="bbox 1259 469 1387 538">
    <p class='ocr_par' dir='ltr' id='par_1_1' title="bbox 1259 469 1387 538">
     <span class='ocr_line' id='line_1_1' title="bbox 1259 469 1387 538; baseline 0 0"><span class='ocrx_word' id='word_1_1' title='bbox 1259 469 1387 538; x_wconf 84' lang='lat'>1111</span> 
     </span>
    </p>
   </div>
   <div class='ocr_carea' id='block_1_2' title="bbox 200 640 1840 709">
    <p class='ocr_par' dir='ltr' id='par_1_2' title="bbox 200 640 1840 709">
     <span class='ocr_line' id='line_1_2' title="bbox 200 640 1840 709; baseline 0.001 -2"><span class='ocrx_word' id='word_1_2' title='bbox 200 642 299 707; x_wconf 88' lang='lat' dir='ltr'><strong>cui</strong></span> <span class='ocrx_word' id='word_1_3' title='bbox 326 640 620 707; x_wconf 87' lang='lat' dir='ltr'><strong>Veneris</strong></span> <span class='ocrx_word' id='word_1_4' title='bbox 649 641 967 707; x_wconf 79' lang='lat' dir='ltr'>membris</span> <span class='ocrx_word' id='word_1_5' title='bbox 994 641 1097 706; x_wconf 83' lang='lat' dir='ltr'><strong>vis</strong></span> <span class='ocrx_word' id='word_1_6' title='bbox 1127 642 1433 707; x_wconf 89' lang='lat' dir='ltr'><strong>omnibus</strong></span> <span class='ocrx_word' id='word_1_7' title='bbox 1465 643 1840 709; x_wconf 76' lang='lat' dir='ltr'><strong>exoriatur:</strong></span> 
     </span>
    </p>
   </div>
   <div class='ocr_carea' id='block_1_3' title="bbox 198 757 2283 844">
    <p class='ocr_par' dir='ltr' id='par_1_3' title="bbox 198 757 2283 844">
     <span class='ocr_line' id='line_1_3' title="bbox 198 757 2283 844; baseline 0.004 -23"><span class='ocrx_word' id='word_1_8' title='bbox 198 778 432 844; x_wconf 82' lang='lat' dir='ltr'><strong>nempe</strong></span> <span class='ocrx_word' id='word_1_9' title='bbox 462 757 631 822; x_wconf 89' lang='lat' dir='ltr'><strong>aliae</strong></span> <span class='ocrx_word' id='word_1_10' title='bbox 664 779 937 843; x_wconf 90' lang='lat' dir='ltr'><strong>quoque</strong></span> <span class='ocrx_word' id='word_1_11' title='bbox 965 766 1159 823; x_wconf 89' lang='lat' dir='ltr'><strong>sunt:</strong></span> <span class='ocrx_word' id='word_1_12' title='bbox 1181 778 1421 844; x_wconf 89' lang='lat' dir='ltr'><strong>nempe</strong></span> <span class='ocrx_word' id='word_1_13' title='bbox 1451 758 1581 823; x_wconf 75' lang='lat' dir='ltr'><strong>hac</strong></span> <span class='ocrx_word' id='word_1_14' title='bbox 1610 759 1752 824; x_wconf 90' lang='lat' dir='ltr'><strong>sine</strong></span> <span class='ocrx_word' id='word_1_15' title='bbox 1779 760 2064 827; x_wconf 78' lang='lat' dir='ltr'><strong>viximus</strong></span> <span class='ocrx_word' id='word_1_16' title='bbox 2092 771 2283 829; x_wconf 88' lang='lat' dir='ltr'><strong>ante:</strong></span> 
     </span>
    </p>
   </div>
   <div class='ocr_carea' id='block_1_4' title="bbox 58 871 2064 1074">
    <p class='ocr_par' dir='ltr' id='par_1_4' title="bbox 58 871 2064 1074">
     <span class='ocr_line' id='line_1_4' title="bbox 197 871 2064 963; baseline 0.003 -27"><span class='ocrx_word' id='word_1_17' title='bbox 197 894 434 960; x_wconf 81' lang='lat' dir='ltr'><strong>nempe</strong></span> <span class='ocrx_word' id='word_1_18' title='bbox 465 871 707 936; x_wconf 86' lang='lat' dir='ltr'><strong>eadem</strong></span> <span class='ocrx_word' id='word_1_19' title='bbox 733 872 897 938; x_wconf 83' lang='lat' dir='ltr'><strong>facit</strong></span> <span class='ocrx_word' id='word_1_20' title='bbox 912 921 928 948; x_wconf 92' lang='lat'><strong><em>‚</em></strong></span> <span class='ocrx_word' id='word_1_21' title='bbox 952 881 1021 937; x_wconf 89' lang='lat' dir='ltr'><strong>et</strong></span> <span class='ocrx_word' id='word_1_22' title='bbox 1048 871 1291 937; x_wconf 90' lang='lat' dir='ltr'><strong>scimus</strong></span> <span class='ocrx_word' id='word_1_23' title='bbox 1318 872 1542 937; x_wconf 89' lang='lat' dir='ltr'><strong>facere</strong></span> <span class='ocrx_word' id='word_1_24' title='bbox 1560 922 1576 949; x_wconf 90' lang='lat'><strong>‚</strong></span> <span class='ocrx_word' id='word_1_25' title='bbox 1600 875 1821 939; x_wconf 86' lang='lat' dir='ltr'><strong>omnia</strong></span> <span class='ocrx_word' id='word_1_26' title='bbox 1847 877 2064 963; x_wconf 83' lang='lat' dir='ltr'><strong>turpi,</strong></span> 
     </span>
     <span class='ocr_line' id='line_1_5' title="bbox 58 986 1749 1074; baseline 0.002 -24"><span class='ocrx_word' id='word_1_27' title='bbox 58 1005 149 1051; x_wconf 76' lang='lat'><strong>1175</strong></span> <span class='ocrx_word' id='word_1_28' title='bbox 204 995 264 1053; x_wconf 85' lang='lat' dir='ltr'><strong>et</strong></span> <span class='ocrx_word' id='word_1_29' title='bbox 290 989 605 1053; x_wconf 78' lang='lat' dir='ltr'>miseram</span> <span class='ocrx_word' id='word_1_30' title='bbox 633 988 869 1052; x_wconf 90' lang='lat' dir='ltr'><strong>taetris</strong></span> <span class='ocrx_word' id='word_1_31' title='bbox 899 1008 973 1051; x_wconf 90' lang='lat' dir='ltr'><strong>se</strong></span> <span class='ocrx_word' id='word_1_32' title='bbox 1003 986 1187 1053; x_wconf 88' lang='lat' dir='ltr'><strong>suffit</strong></span> <span class='ocrx_word' id='word_1_33' title='bbox 1216 987 1540 1053; x_wconf 87' lang='lat' dir='ltr'><strong>odoribus</strong></span> <span class='ocrx_word' id='word_1_34' title='bbox 1565 988 1749 1074; x_wconf 91' lang='lat' dir='ltr'><strong>ipsa,</strong></span> 
     </span>
    </p>
   </div>
   <div class='ocr_carea' id='block_1_5' title="bbox 200 1101 2109 1190">
    <p class='ocr_par' dir='ltr' id='par_1_5' title="bbox 200 1101 2109 1190">
     <span class='ocr_line' id='line_1_6' title="bbox 200 1101 2109 1190; baseline 0.003 -24"><span class='ocrx_word' id='word_1_35' title='bbox 200 1124 392 1189; x_wconf 89' lang='lat' dir='ltr'><strong>quam</strong></span> <span class='ocrx_word' id='word_1_36' title='bbox 420 1101 711 1166; x_wconf 82' lang='lat' dir='ltr'><strong>famulae</strong></span> <span class='ocrx_word' id='word_1_37' title='bbox 739 1102 939 1189; x_wconf 85' lang='lat' dir='ltr'><strong>longe</strong></span> <span class='ocrx_word' id='word_1_38' title='bbox 965 1101 1256 1190; x_wconf 80' lang='lat' dir='ltr'><strong>fugitant</strong></span> <span class='ocrx_word' id='word_1_39' title='bbox 1280 1101 1647 1188; x_wconf 85' lang='lat' dir='ltr'><strong>furtimque</strong></span> <span class='ocrx_word' id='word_1_40' title='bbox 1675 1104 2077 1171; x_wconf 79' lang='lat' dir='ltr'><strong>cachinnant</strong></span> <span class='ocrx_word' id='word_1_41' title='bbox 2095 1157 2109 1170; x_wconf 88' lang='lat'><strong>.</strong></span> 
     </span>
    </p>
   </div>
   <div class='ocr_carea' id='block_1_6' title="bbox 54 1218 2108 4064">
    <p class='ocr_par' dir='ltr' id='par_1_6' title="bbox 54 1218 1948 2109">
     <span class='ocr_line' id='line_1_7' title="bbox 200 1218 1764 1304; baseline 0.001 -22"><span class='ocrx_word' id='word_1_42' title='bbox 200 1227 263 1282; x_wconf 85' lang='lat' dir='ltr'><strong>at</strong></span> <span class='ocrx_word' id='word_1_43' title='bbox 285 1218 647 1282; x_wconf 85' lang='lat' dir='ltr'><strong>lacrimans</strong></span> <span class='ocrx_word' id='word_1_44' title='bbox 677 1218 989 1282; x_wconf 83' lang='lat' dir='ltr'><strong>exclusus</strong></span> <span class='ocrx_word' id='word_1_45' title='bbox 1018 1225 1277 1282; x_wconf 89' lang='lat' dir='ltr'><strong>amator</strong></span> <span class='ocrx_word' id='word_1_46' title='bbox 1306 1218 1532 1281; x_wconf 90' lang='lat' dir='ltr'><strong>limina</strong></span> <span class='ocrx_word' id='word_1_47' title='bbox 1559 1239 1764 1304; x_wconf 81' lang='lat' dir='ltr'><strong>saepe</strong></span> 
     </span>
     <span class='ocr_line' id='line_1_8' title="bbox 200 1331 1798 1419; baseline 0.001 -22"><span class='ocrx_word' id='word_1_48' title='bbox 200 1332 470 1397; x_wconf 84' lang='lat' dir='ltr'><strong>floribus</strong></span> <span class='ocrx_word' id='word_1_49' title='bbox 500 1339 573 1397; x_wconf 87' lang='lat' dir='ltr'><strong>et</strong></span> <span class='ocrx_word' id='word_1_50' title='bbox 600 1333 799 1398; x_wconf 88' lang='lat' dir='ltr'><strong>sertis</strong></span> <span class='ocrx_word' id='word_1_51' title='bbox 828 1333 1047 1419; x_wconf 91' lang='lat' dir='ltr'><strong>operit</strong></span> <span class='ocrx_word' id='word_1_52' title='bbox 1072 1331 1428 1419; x_wconf 86' lang='lat' dir='ltr'><strong>postisque</strong></span> <span class='ocrx_word' id='word_1_53' title='bbox 1463 1334 1798 1419; x_wconf 89' lang='lat' dir='ltr'><strong>superbos</strong></span> 
     </span>
     <span class='ocr_line' id='line_1_9' title="bbox 200 1447 1919 1536; baseline 0.002 -25"><span class='ocrx_word' id='word_1_54' title='bbox 200 1449 431 1534; x_wconf 86' lang='lat' dir='ltr'><strong>unguit</strong></span> <span class='ocrx_word' id='word_1_55' title='bbox 459 1448 836 1512; x_wconf 83' lang='lat' dir='ltr'><strong>amaracino</strong></span> <span class='ocrx_word' id='word_1_56' title='bbox 867 1454 937 1511; x_wconf 91' lang='lat' dir='ltr'><strong>et</strong></span> <span class='ocrx_word' id='word_1_57' title='bbox 963 1447 1222 1513; x_wconf 85' lang='lat' dir='ltr'><strong>foribus</strong></span> <span class='ocrx_word' id='word_1_58' title='bbox 1250 1447 1453 1511; x_wconf 88' lang='lat' dir='ltr'><strong>miser</strong></span> <span class='ocrx_word' id='word_1_59' title='bbox 1482 1448 1717 1514; x_wconf 88' lang='lat' dir='ltr'><strong>oscula</strong></span> <span class='ocrx_word' id='word_1_60' title='bbox 1742 1448 1919 1536; x_wconf 77' lang='lat' dir='ltr'><strong>figit3</strong></span> 
     </span>
     <span class='ocr_line' id='line_1_10' title="bbox 54 1561 1948 1648; baseline 0.003 -24"><span class='ocrx_word' id='word_1_61' title='bbox 54 1578 152 1624; x_wconf 72' lang='lat'><strong>11⁸0</strong></span> <span class='ocrx_word' id='word_1_62' title='bbox 192 1583 379 1648; x_wconf 88' lang='lat' dir='ltr'><strong>quem</strong></span> <span class='ocrx_word' id='word_1_63' title='bbox 409 1561 469 1626; x_wconf 88' lang='lat' dir='ltr'><strong>si</strong></span> <span class='ocrx_word' id='word_1_64' title='bbox 495 1563 627 1627; x_wconf 91' lang='lat' dir='ltr'><strong>iam</strong></span> <span class='ocrx_word' id='word_1_65' title='bbox 655 1562 967 1627; x_wconf 86' lang='lat' dir='ltr'><strong>ammissu</strong></span> <span class='ocrx_word' id='word_1_66' title='bbox 994 1564 1373 1628; x_wconf 89' lang='lat' dir='ltr'><strong>venientem</strong></span> <span class='ocrx_word' id='word_1_67' title='bbox 1402 1562 1757 1629; x_wconf 89' lang='lat' dir='ltr'><strong>offenderit</strong></span> <span class='ocrx_word' id='word_1_68' title='bbox 1785 1586 1948 1630; x_wconf 84' lang='lat' dir='ltr'><strong>aura</strong></span> 
     </span>
     <span class='ocr_line' id='line_1_11' title="bbox 203 1675 1879 1763; baseline 0.002 -23"><span class='ocrx_word' id='word_1_69' title='bbox 203 1698 329 1740; x_wconf 86' lang='lat' dir='ltr'><strong>una</strong></span> <span class='ocrx_word' id='word_1_70' title='bbox 350 1675 562 1741; x_wconf 93' lang='lat' dir='ltr'><strong>modo</strong></span> <span class='ocrx_word' id='word_1_71' title='bbox 580 1726 597 1752; x_wconf 91' lang='lat'>‚</span> <span class='ocrx_word' id='word_1_72' title='bbox 621 1698 859 1742; x_wconf 81' lang='lat' dir='ltr'><strong>causas</strong></span> <span class='ocrx_word' id='word_1_73' title='bbox 888 1676 1179 1743; x_wconf 87' lang='lat' dir='ltr'><strong>abeundi</strong></span> <span class='ocrx_word' id='word_1_74' title='bbox 1210 1685 1493 1763; x_wconf 84' lang='lat' dir='ltr'><strong>quaerat</strong></span> <span class='ocrx_word' id='word_1_75' title='bbox 1518 1677 1845 1744; x_wconf 88' lang='lat' dir='ltr'><strong>honestas</strong></span> <span class='ocrx_word' id='word_1_76' title='bbox 1862 1728 1879 1756; x_wconf 86' lang='lat'>‚</span> 
     </span>
     <span class='ocr_line' id='line_1_12' title="bbox 206 1789 1812 1879; baseline 0.002 -25"><span class='ocrx_word' id='word_1_77' title='bbox 206 1800 269 1854; x_wconf 90' lang='lat' dir='ltr'><strong>et</strong></span> <span class='ocrx_word' id='word_1_78' title='bbox 294 1789 618 1856; x_wconf 88' lang='lat' dir='ltr'><strong>meditata</strong></span> <span class='ocrx_word' id='word_1_79' title='bbox 646 1790 762 1857; x_wconf 92' lang='lat' dir='ltr'><strong>diu</strong></span> <span class='ocrx_word' id='word_1_80' title='bbox 790 1791 993 1858; x_wconf 90' lang='lat' dir='ltr'><strong>cadat</strong></span> <span class='ocrx_word' id='word_1_81' title='bbox 1020 1793 1155 1858; x_wconf 85' lang='lat' dir='ltr'><strong>alte</strong></span> <span class='ocrx_word' id='word_1_82' title='bbox 1185 1800 1453 1878; x_wconf 89' lang='lat' dir='ltr'><strong>sumpta</strong></span> <span class='ocrx_word' id='word_1_83' title='bbox 1483 1793 1812 1879; x_wconf 84' lang='lat' dir='ltr'><strong>querella,</strong></span> 
     </span>
     <span class='ocr_line' id='line_1_13' title="bbox 205 1905 1888 1994; baseline 0.002 -25"><span class='ocrx_word' id='word_1_84' title='bbox 205 1905 652 1993; x_wconf 75' lang='lat' dir='ltr'><strong>stultitiaeque</strong></span> <span class='ocrx_word' id='word_1_85' title='bbox 681 1907 771 1972; x_wconf 89' lang='lat' dir='ltr'><strong>ibi</strong></span> <span class='ocrx_word' id='word_1_86' title='bbox 800 1929 874 1973; x_wconf 90' lang='lat' dir='ltr'><strong>se</strong></span> <span class='ocrx_word' id='word_1_87' title='bbox 904 1906 1179 1973; x_wconf 89' lang='lat' dir='ltr'><strong>damnet</strong></span> <span class='ocrx_word' id='word_1_88' title='bbox 1196 1956 1211 1985; x_wconf 92' lang='lat'>,</span> <span class='ocrx_word' id='word_1_89' title='bbox 1233 1907 1550 1973; x_wconf 79' lang='lat' dir='ltr'><strong>tribuisse</strong></span> <span class='ocrx_word' id='word_1_90' title='bbox 1582 1907 1770 1994; x_wconf 90' lang='lat' dir='ltr'><strong>quod</strong></span> <span class='ocrx_word' id='word_1_91' title='bbox 1796 1908 1888 1973; x_wconf 89' lang='lat' dir='ltr'><strong>illi</strong></span> 
     </span>
     <span class='ocr_line' id='line_1_14' title="bbox 206 2018 1855 2109; baseline 0.003 -25"><span class='ocrx_word' id='word_1_92' title='bbox 206 2020 349 2106; x_wconf 91' lang='lat' dir='ltr'><strong>plus</strong></span> <span class='ocrx_word' id='word_1_93' title='bbox 375 2018 606 2087; x_wconf 82' lang='lat' dir='ltr'><strong>videat</strong></span> <span class='ocrx_word' id='word_1_94' title='bbox 636 2044 836 2108; x_wconf 89' lang='lat' dir='ltr'><strong>quam</strong></span> <span class='ocrx_word' id='word_1_95' title='bbox 863 2023 1129 2088; x_wconf 85' lang='lat' dir='ltr'><strong>mortali</strong></span> <span class='ocrx_word' id='word_1_96' title='bbox 1159 2021 1535 2087; x_wconf 88' lang='lat' dir='ltr'><strong>concedere</strong></span> <span class='ocrx_word' id='word_1_97' title='bbox 1563 2044 1689 2109; x_wconf 90' lang='lat' dir='ltr'><strong>par</strong></span> <span class='ocrx_word' id='word_1_98' title='bbox 1718 2032 1823 2089; x_wconf 91' lang='lat' dir='ltr'><strong>est</strong></span> <span class='ocrx_word' id='word_1_99' title='bbox 1840 2074 1855 2088; x_wconf 89' lang='lat'><strong>.</strong></span> 
     </span>
    </p>

    <p class='ocr_par' dir='ltr' id='par_1_7' title="bbox 55 2134 2108 2684">
     <span class='ocr_line' id='line_1_15' title="bbox 55 2134 1961 2225; baseline 0.005 -31"><span class='ocrx_word' id='word_1_100' title='bbox 55 2148 154 2195; x_wconf 79' lang='lat'>1185</span> <span class='ocrx_word' id='word_1_101' title='bbox 205 2156 319 2199; x_wconf 89' lang='lat' dir='ltr'><strong>nec</strong></span> <span class='ocrx_word' id='word_1_102' title='bbox 345 2134 653 2201; x_wconf 86' lang='lat' dir='ltr'><strong>Veneres</strong></span> <span class='ocrx_word' id='word_1_103' title='bbox 679 2146 953 2204; x_wconf 85' lang='lat' dir='ltr'><strong>nostras</strong></span> <span class='ocrx_word' id='word_1_104' title='bbox 982 2138 1115 2203; x_wconf 89' lang='lat' dir='ltr'><strong>hoc</strong></span> <span class='ocrx_word' id='word_1_105' title='bbox 1142 2137 1345 2216; x_wconf 81' lang='lat' dir='ltr'><strong>fallit3</strong></span> <span class='ocrx_word' id='word_1_106' title='bbox 1370 2160 1505 2224; x_wconf 91' lang='lat' dir='ltr'><strong>quo</strong></span> <span class='ocrx_word' id='word_1_107' title='bbox 1536 2137 1746 2224; x_wconf 86' lang='lat' dir='ltr'><strong>magis</strong></span> <span class='ocrx_word' id='word_1_108' title='bbox 1773 2137 1961 2225; x_wconf 89' lang='lat' dir='ltr'><strong>ipsae</strong></span> 
     </span>
     <span class='ocr_line' id='line_1_16' title="bbox 207 2251 1981 2340; baseline 0.003 -27"><span class='ocrx_word' id='word_1_109' title='bbox 207 2251 417 2314; x_wconf 91' lang='lat' dir='ltr'><strong>omnia</strong></span> <span class='ocrx_word' id='word_1_110' title='bbox 446 2273 702 2316; x_wconf 90' lang='lat' dir='ltr'><strong>summo</strong></span> <span class='ocrx_word' id='word_1_111' title='bbox 733 2274 939 2339; x_wconf 89' lang='lat' dir='ltr'><strong>opere</strong></span> <span class='ocrx_word' id='word_1_112' title='bbox 967 2253 1098 2318; x_wconf 90' lang='lat' dir='ltr'><strong>hos</strong></span> <span class='ocrx_word' id='word_1_113' title='bbox 1126 2254 1306 2317; x_wconf 87' lang='lat' dir='ltr'><strong>vitae</strong></span> <span class='ocrx_word' id='word_1_114' title='bbox 1335 2253 1699 2340; x_wconf 86' lang='lat' dir='ltr'><strong>poscaenia</strong></span> <span class='ocrx_word' id='word_1_115' title='bbox 1727 2253 1949 2319; x_wconf 90' lang='lat' dir='ltr'><strong>celant</strong></span> <span class='ocrx_word' id='word_1_116' title='bbox 1964 2302 1981 2330; x_wconf 86' lang='lat'>‚</span> 
     </span>
     <span class='ocr_line' id='line_1_17' title="bbox 209 2366 2052 2454; baseline 0.003 -26"><span class='ocrx_word' id='word_1_117' title='bbox 209 2386 370 2450; x_wconf 92' lang='lat' dir='ltr'><strong>quos</strong></span> <span class='ocrx_word' id='word_1_118' title='bbox 397 2366 690 2431; x_wconf 80' lang='lat' dir='ltr'><strong>retinere</strong></span> <span class='ocrx_word' id='word_1_119' title='bbox 719 2368 958 2434; x_wconf 85' lang='lat' dir='ltr'><strong>volunt</strong></span> <span class='ocrx_word' id='word_1_120' title='bbox 985 2366 1487 2454; x_wconf 84' lang='lat' dir='ltr'><strong>adstrictosque</strong></span> <span class='ocrx_word' id='word_1_121' title='bbox 1517 2388 1668 2432; x_wconf 90' lang='lat' dir='ltr'><strong>esse</strong></span> <span class='ocrx_word' id='word_1_122' title='bbox 1695 2368 1765 2432; x_wconf 90' lang='lat' dir='ltr'><strong>in</strong></span> <span class='ocrx_word' id='word_1_123' title='bbox 1793 2389 2019 2433; x_wconf 88' lang='lat' dir='ltr'><strong>amore</strong></span> <span class='ocrx_word' id='word_1_124' title='bbox 2037 2418 2052 2446; x_wconf 89' lang='lat'>‚</span> 
     </span>
     <span class='ocr_line' id='line_1_18' title="bbox 207 2480 2108 2572; baseline 0.003 -30"><span class='ocrx_word' id='word_1_125' title='bbox 207 2500 283 2542; x_wconf 89' lang='lat' dir='ltr'><strong>ne</strong></span> <span class='ocrx_word' id='word_1_126' title='bbox 310 2480 627 2566; x_wconf 89' lang='lat' dir='ltr'><strong>quiquam</strong></span> <span class='ocrx_word' id='word_1_127' title='bbox 645 2530 662 2558; x_wconf 87' lang='lat'>‚</span> <span class='ocrx_word' id='word_1_128' title='bbox 686 2483 999 2567; x_wconf 91' lang='lat' dir='ltr'><strong>quoniam</strong></span> <span class='ocrx_word' id='word_1_129' title='bbox 1029 2490 1105 2548; x_wconf 88' lang='lat' dir='ltr'><strong>tu</strong></span> <span class='ocrx_word' id='word_1_130' title='bbox 1135 2483 1355 2548; x_wconf 89' lang='lat' dir='ltr'><strong>animo</strong></span> <span class='ocrx_word' id='word_1_131' title='bbox 1388 2491 1611 2548; x_wconf 89' lang='lat' dir='ltr'><strong>tamen</strong></span> <span class='ocrx_word' id='word_1_132' title='bbox 1640 2483 1860 2548; x_wconf 91' lang='lat' dir='ltr'><strong>omnia</strong></span> <span class='ocrx_word' id='word_1_133' title='bbox 1884 2485 2108 2572; x_wconf 88' lang='lat' dir='ltr'><strong>possis</strong></span> 
     </span>
     <span class='ocr_line' id='line_1_19' title="bbox 208 2595 2010 2684; baseline 0.004 -27"><span class='ocrx_word' id='word_1_134' title='bbox 208 2595 597 2679; x_wconf 84' lang='lat' dir='ltr'><strong>protrahere</strong></span> <span class='ocrx_word' id='word_1_135' title='bbox 624 2596 693 2660; x_wconf 90' lang='lat' dir='ltr'><strong>in</strong></span> <span class='ocrx_word' id='word_1_136' title='bbox 718 2597 933 2661; x_wconf 90' lang='lat' dir='ltr'><strong>lucem</strong></span> <span class='ocrx_word' id='word_1_137' title='bbox 963 2605 1167 2684; x_wconf 89' lang='lat' dir='ltr'><strong>atque</strong></span> <span class='ocrx_word' id='word_1_138' title='bbox 1198 2599 1410 2663; x_wconf 87' lang='lat' dir='ltr'><strong>omnis</strong></span> <span class='ocrx_word' id='word_1_139' title='bbox 1438 2598 1775 2683; x_wconf 86' lang='lat' dir='ltr'><strong>inquirere</strong></span> <span class='ocrx_word' id='word_1_140' title='bbox 1802 2599 1977 2664; x_wconf 89' lang='lat' dir='ltr'><strong>risus</strong></span> <span class='ocrx_word' id='word_1_141' title='bbox 1996 2650 2010 2676; x_wconf 93' lang='lat'>‚</span> 
     </span>
    </p>

    <p class='ocr_par' dir='ltr' id='par_1_8' title="bbox 57 2710 1856 2909">
     <span class='ocr_line' id='line_1_20' title="bbox 57 2710 1838 2788; baseline 0.006 -21"><span class='ocrx_word' id='word_1_142' title='bbox 57 2721 157 2768; x_wconf 76' lang='lat'><strong>1190</strong></span> <span class='ocrx_word' id='word_1_143' title='bbox 210 2717 303 2784; x_wconf 89' lang='lat' dir='ltr'><strong>et,</strong></span> <span class='ocrx_word' id='word_1_144' title='bbox 325 2710 381 2773; x_wconf 90' lang='lat' dir='ltr'><strong>si</strong></span> <span class='ocrx_word' id='word_1_145' title='bbox 408 2710 583 2775; x_wconf 90' lang='lat' dir='ltr'><strong>bello</strong></span> <span class='ocrx_word' id='word_1_146' title='bbox 612 2711 901 2778; x_wconf 86' lang='lat' dir='ltr'><strong>animost</strong></span> <span class='ocrx_word' id='word_1_147' title='bbox 930 2720 999 2778; x_wconf 90' lang='lat' dir='ltr'><strong>et</strong></span> <span class='ocrx_word' id='word_1_148' title='bbox 1023 2734 1162 2777; x_wconf 89' lang='lat' dir='ltr'><strong>non</strong></span> <span class='ocrx_word' id='word_1_149' title='bbox 1194 2711 1465 2788; x_wconf 78' lang='lat' dir='ltr'><strong>odiosa,</strong></span> <span class='ocrx_word' id='word_1_150' title='bbox 1486 2712 1777 2779; x_wconf 87' lang='lat' dir='ltr'><strong>vicissim</strong></span> <span class='ocrx_word' id='word_1_151' title='bbox 1819 2743 1838 2760; x_wconf 64' lang='grc' dir='ltr'><strong><em>ι</em></strong></span> 
     </span>
     <span class='ocr_line' id='line_1_21' title="bbox 209 2825 1856 2909; baseline 0.002 -22"><span class='ocrx_word' id='word_1_152' title='bbox 209 2833 463 2909; x_wconf 88' lang='lat' dir='ltr'><strong>praeter</strong></span> <span class='ocrx_word' id='word_1_153' title='bbox 490 2826 751 2891; x_wconf 90' lang='lat' dir='ltr'><strong>mittere</strong></span> <span class='ocrx_word' id='word_1_154' title='bbox 781 2836 850 2892; x_wconf 92' lang='lat' dir='ltr'><strong>et</strong></span> <span class='ocrx_word' id='word_1_155' title='bbox 877 2827 1184 2893; x_wconf 84' lang='lat' dir='ltr'><strong>humanis</strong></span> <span class='ocrx_word' id='word_1_156' title='bbox 1213 2825 1590 2892; x_wconf 90' lang='lat' dir='ltr'><strong>concedere</strong></span> <span class='ocrx_word' id='word_1_157' title='bbox 1618 2830 1823 2893; x_wconf 89' lang='lat' dir='ltr'><strong>rebus</strong></span> <span class='ocrx_word' id='word_1_158' title='bbox 1842 2877 1856 2891; x_wconf 93' lang='lat'><strong>.</strong></span> 
     </span>
    </p>

    <p class='ocr_par' dir='ltr' id='par_1_9' title="bbox 210 2938 1900 3239">
     <span class='ocr_line' id='line_1_22' title="bbox 283 2938 1779 3030; baseline 0.003 -28"><span class='ocrx_word' id='word_1_159' title='bbox 283 2938 423 3004; x_wconf 83' lang='lat' dir='ltr'><strong>Nec</strong></span> <span class='ocrx_word' id='word_1_160' title='bbox 450 2941 682 3006; x_wconf 90' lang='lat' dir='ltr'><strong>mulier</strong></span> <span class='ocrx_word' id='word_1_161' title='bbox 711 2963 976 3029; x_wconf 90' lang='lat' dir='ltr'><strong>semper</strong></span> <span class='ocrx_word' id='word_1_162' title='bbox 1001 2942 1162 3007; x_wconf 89' lang='lat' dir='ltr'><strong>ficto</strong></span> <span class='ocrx_word' id='word_1_163' title='bbox 1194 2943 1490 3030; x_wconf 89' lang='lat' dir='ltr'><strong>suspirat</strong></span> <span class='ocrx_word' id='word_1_164' title='bbox 1517 2963 1744 3007; x_wconf 86' lang='lat' dir='ltr'><strong>amore</strong></span> <span class='ocrx_word' id='word_1_165' title='bbox 1763 2991 1779 3020; x_wconf 91' lang='lat'>‚</span> 
     </span>
     <span class='ocr_line' id='line_1_23' title="bbox 210 3055 1900 3145; baseline 0.002 -28"><span class='ocrx_word' id='word_1_166' title='bbox 210 3075 372 3139; x_wconf 89' lang='lat' dir='ltr'><strong>quae</strong></span> <span class='ocrx_word' id='word_1_167' title='bbox 400 3055 731 3143; x_wconf 80' lang='lat' dir='ltr'><strong>conplexa</strong></span> <span class='ocrx_word' id='word_1_168' title='bbox 757 3058 883 3122; x_wconf 85' lang='lat' dir='ltr'><strong>viri</strong></span> <span class='ocrx_word' id='word_1_169' title='bbox 911 3079 1158 3144; x_wconf 90' lang='lat' dir='ltr'><strong>corpus</strong></span> <span class='ocrx_word' id='word_1_170' title='bbox 1193 3080 1342 3123; x_wconf 90' lang='lat' dir='ltr'><strong>cum</strong></span> <span class='ocrx_word' id='word_1_171' title='bbox 1373 3078 1659 3145; x_wconf 88' lang='lat' dir='ltr'><strong>corpore</strong></span> <span class='ocrx_word' id='word_1_172' title='bbox 1687 3057 1900 3143; x_wconf 81' lang='lat' dir='ltr'><strong>iungit</strong></span> 
     </span>
     <span class='ocr_line' id='line_1_24' title="bbox 213 3170 1715 3239; baseline 0.003 -8"><span class='ocrx_word' id='word_1_173' title='bbox 213 3176 274 3232; x_wconf 87' lang='lat' dir='ltr'><strong>et</strong></span> <span class='ocrx_word' id='word_1_174' title='bbox 298 3177 481 3236; x_wconf 90' lang='lat' dir='ltr'><strong>tenet</strong></span> <span class='ocrx_word' id='word_1_175' title='bbox 508 3170 809 3237; x_wconf 87' lang='lat' dir='ltr'><strong>adsuctis</strong></span> <span class='ocrx_word' id='word_1_176' title='bbox 836 3180 1185 3238; x_wconf 89' lang='lat' dir='ltr'><strong>umectans</strong></span> <span class='ocrx_word' id='word_1_177' title='bbox 1216 3173 1448 3239; x_wconf 88' lang='lat' dir='ltr'><strong>oscula</strong></span> <span class='ocrx_word' id='word_1_178' title='bbox 1475 3172 1715 3238; x_wconf 86' lang='lat' dir='ltr'><strong>labris:</strong></span> 
     </span>
    </p>

    <p class='ocr_par' dir='ltr' id='par_1_10' title="bbox 59 3283 2015 3835">
     <span class='ocr_line' id='line_1_25' title="bbox 59 3283 2015 3377; baseline 0.007 -39"><span class='ocrx_word' id='word_1_179' title='bbox 59 3293 159 3341; x_wconf 75' lang='lat'>1195</span> <span class='ocrx_word' id='word_1_180' title='bbox 203 3304 349 3347; x_wconf 86' lang='lat' dir='ltr'><strong>nam</strong></span> <span class='ocrx_word' id='word_1_181' title='bbox 371 3283 530 3350; x_wconf 75' lang='lat' dir='ltr'><strong>facit</strong></span> <span class='ocrx_word' id='word_1_182' title='bbox 560 3308 644 3350; x_wconf 85' lang='lat' dir='ltr'><strong>ex</strong></span> <span class='ocrx_word' id='word_1_183' title='bbox 672 3287 891 3353; x_wconf 86' lang='lat' dir='ltr'><strong>animo</strong></span> <span class='ocrx_word' id='word_1_184' title='bbox 923 3309 1127 3377; x_wconf 87' lang='lat' dir='ltr'><strong>saepe</strong></span> <span class='ocrx_word' id='word_1_185' title='bbox 1145 3337 1161 3365; x_wconf 91' lang='lat'>‚</span> <span class='ocrx_word' id='word_1_186' title='bbox 1185 3296 1255 3354; x_wconf 90' lang='lat' dir='ltr'><strong>et</strong></span> <span class='ocrx_word' id='word_1_187' title='bbox 1283 3288 1656 3352; x_wconf 89' lang='lat' dir='ltr'><strong>communia</strong></span> <span class='ocrx_word' id='word_1_188' title='bbox 1685 3308 2015 3372; x_wconf 90' lang='lat' dir='ltr'><strong>quaerens</strong></span> 
     </span>
     <span class='ocr_line' id='line_1_26' title="bbox 213 3398 1800 3491; baseline 0 -26"><span class='ocrx_word' id='word_1_189' title='bbox 213 3398 443 3484; x_wconf 73' lang='lat' dir='ltr'><strong>gaudia</strong></span> <span class='ocrx_word' id='word_1_190' title='bbox 471 3402 788 3467; x_wconf 87' lang='lat' dir='ltr'><strong>sollicitat</strong></span> <span class='ocrx_word' id='word_1_191' title='bbox 816 3405 1104 3491; x_wconf 88' lang='lat' dir='ltr'><strong>spatium</strong></span> <span class='ocrx_word' id='word_1_192' title='bbox 1133 3403 1492 3468; x_wconf 91' lang='lat' dir='ltr'><strong>decurrere</strong></span> <span class='ocrx_word' id='word_1_193' title='bbox 1521 3402 1767 3466; x_wconf 86' lang='lat' dir='ltr'><strong>amoris</strong></span> <span class='ocrx_word' id='word_1_194' title='bbox 1786 3451 1800 3465; x_wconf 93' lang='lat'><strong>.</strong></span> 
     </span>
     <span class='ocr_line' id='line_1_27' title="bbox 216 3517 1794 3603; baseline 0.001 -25"><span class='ocrx_word' id='word_1_195' title='bbox 216 3536 331 3580; x_wconf 89' lang='lat' dir='ltr'><strong>nec</strong></span> <span class='ocrx_word' id='word_1_196' title='bbox 359 3518 617 3582; x_wconf 85' lang='lat' dir='ltr'><strong>ratione</strong></span> <span class='ocrx_word' id='word_1_197' title='bbox 647 3517 777 3582; x_wconf 90' lang='lat' dir='ltr'><strong>alia</strong></span> <span class='ocrx_word' id='word_1_198' title='bbox 802 3519 1115 3584; x_wconf 87' lang='lat' dir='ltr'><strong>volucres</strong></span> <span class='ocrx_word' id='word_1_199' title='bbox 1143 3526 1446 3584; x_wconf 88' lang='lat' dir='ltr'><strong>armenta</strong></span> <span class='ocrx_word' id='word_1_200' title='bbox 1471 3517 1794 3603; x_wconf 89' lang='lat' dir='ltr'><strong>feraeque</strong></span> 
     </span>
     <span class='ocr_line' id='line_1_28' title="bbox 213 3631 1986 3720; baseline 0.002 -26"><span class='ocrx_word' id='word_1_201' title='bbox 213 3639 275 3694; x_wconf 90' lang='lat' dir='ltr'><strong>et</strong></span> <span class='ocrx_word' id='word_1_202' title='bbox 296 3631 595 3718; x_wconf 89' lang='lat' dir='ltr'><strong>pecudes</strong></span> <span class='ocrx_word' id='word_1_203' title='bbox 625 3642 695 3699; x_wconf 91' lang='lat' dir='ltr'><strong>et</strong></span> <span class='ocrx_word' id='word_1_204' title='bbox 724 3655 934 3719; x_wconf 90' lang='lat' dir='ltr'><strong>equae</strong></span> <span class='ocrx_word' id='word_1_205' title='bbox 962 3634 1256 3699; x_wconf 86' lang='lat' dir='ltr'><strong>maribus</strong></span> <span class='ocrx_word' id='word_1_206' title='bbox 1287 3631 1638 3698; x_wconf 90' lang='lat' dir='ltr'><strong>subsidere</strong></span> <span class='ocrx_word' id='word_1_207' title='bbox 1664 3639 1986 3720; x_wconf 85' lang='lat' dir='ltr'><strong>possunt,</strong></span> 
     </span>
     <span class='ocr_line' id='line_1_29' title="bbox 215 3739 2000 3835; baseline 0.002 -27"><span class='ocrx_word' id='word_1_208' title='bbox 215 3739 424 3811; x_wconf 79' lang='lat' dir='ltr'><strong>sinon</strong></span> <span class='ocrx_word' id='word_1_209' title='bbox 450 3749 601 3835; x_wconf 88' lang='lat' dir='ltr'><strong>ipsa</strong></span> <span class='ocrx_word' id='word_1_210' title='bbox 619 3797 635 3825; x_wconf 93' lang='lat'>,</span> <span class='ocrx_word' id='word_1_211' title='bbox 659 3746 847 3834; x_wconf 90' lang='lat' dir='ltr'><strong>quod</strong></span> <span class='ocrx_word' id='word_1_212' title='bbox 874 3748 1136 3813; x_wconf 88' lang='lat' dir='ltr'><strong>illorum</strong></span> <span class='ocrx_word' id='word_1_213' title='bbox 1166 3749 1368 3814; x_wconf 89' lang='lat' dir='ltr'><strong>subat</strong></span> <span class='ocrx_word' id='word_1_214' title='bbox 1386 3797 1401 3823; x_wconf 91' lang='lat'>,</span> <span class='ocrx_word' id='word_1_215' title='bbox 1424 3745 1620 3812; x_wconf 88' lang='lat' dir='ltr'><strong>ardet</strong></span> <span class='ocrx_word' id='word_1_216' title='bbox 1648 3745 2000 3812; x_wconf 88' lang='lat' dir='ltr'><strong>abundans</strong></span> 
     </span>
    </p>

    <p class='ocr_par' dir='ltr' id='par_1_11' title="bbox 62 3862 1909 4064">
     <span class='ocr_line' id='line_1_30' title="bbox 62 3862 1865 3928; baseline 0.007 -14"><span class='ocrx_word' id='word_1_217' title='bbox 62 3870 158 3918; x_wconf 78' lang='lat'>1200</span> <span class='ocrx_word' id='word_1_218' title='bbox 202 3869 431 3926; x_wconf 86' lang='lat' dir='ltr'><strong>natura</strong></span> <span class='ocrx_word' id='word_1_219' title='bbox 460 3871 529 3928; x_wconf 93' lang='lat' dir='ltr'><strong>et</strong></span> <span class='ocrx_word' id='word_1_220' title='bbox 558 3862 894 3927; x_wconf 88' lang='lat' dir='ltr'><strong>Venerem</strong></span> <span class='ocrx_word' id='word_1_221' title='bbox 923 3863 1275 3928; x_wconf 87' lang='lat' dir='ltr'><strong>salientum</strong></span> <span class='ocrx_word' id='word_1_222' title='bbox 1304 3864 1482 3928; x_wconf 90' lang='lat' dir='ltr'><strong>laeta</strong></span> <span class='ocrx_word' id='word_1_223' title='bbox 1509 3870 1834 3927; x_wconf 87' lang='lat' dir='ltr'><strong>retractat</strong></span> <span class='ocrx_word' id='word_1_224' title='bbox 1852 3912 1865 3925; x_wconf 92' lang='lat'><strong>.</strong></span> 
     </span>
     <span class='ocr_line' id='line_1_31' title="bbox 211 3976 1909 4064; baseline 0.001 -25"><span class='ocrx_word' id='word_1_225' title='bbox 211 3996 421 4041; x_wconf 88' lang='lat' dir='ltr'><strong>nonne</strong></span> <span class='ocrx_word' id='word_1_226' title='bbox 446 3976 640 4043; x_wconf 80' lang='lat' dir='ltr'><strong>vides</strong></span> <span class='ocrx_word' id='word_1_227' title='bbox 672 3979 869 4043; x_wconf 84' lang='lat' dir='ltr'><strong>etiam</strong></span> <span class='ocrx_word' id='word_1_228' title='bbox 898 4001 1072 4064; x_wconf 91' lang='lat' dir='ltr'><strong>quos</strong></span> <span class='ocrx_word' id='word_1_229' title='bbox 1100 3986 1331 4043; x_wconf 90' lang='lat' dir='ltr'><strong>mutua</strong></span> <span class='ocrx_word' id='word_1_230' title='bbox 1360 3999 1564 4064; x_wconf 88' lang='lat' dir='ltr'><strong>saepe</strong></span> <span class='ocrx_word' id='word_1_231' title='bbox 1592 3977 1909 4064; x_wconf 87' lang='lat' dir='ltr'><strong>voluptas</strong></span> 
     </span>
    </p>
   </div>
   <div class='ocr_carea' id='block_1_7' title="bbox 215 4190 603 4202">
    <p class='ocr_par' dir='ltr' id='par_1_12' title="bbox 215 4190 603 4202">
     <span class='ocr_line' id='line_1_32' title="bbox 215 4190 603 4202; baseline 0 990"><span class='ocrx_word' id='word_1_232' title='bbox 215 4190 603 4202; x_wconf 95' lang='lat' dir='ltr'><strong> </strong></span> 
     </span>
    </p>
   </div>
   <div class='ocr_carea' id='block_1_8' title="bbox 2298 477 2433 547">
    <p class='ocr_par' dir='ltr' id='par_1_13' title="bbox 2298 477 2433 547">
     <span class='ocr_line' id='line_1_33' title="bbox 2298 477 2433 547; baseline 0.022 -3"><span class='ocrx_word' id='word_1_233' title='bbox 2298 477 2433 547; x_wconf 86' lang='lat'><strong>153</strong></span> 
     </span>
    </p>
   </div>
   <div class='ocr_carea' id='block_1_9' title="bbox 223 4284 2434 4442">
    <p class='ocr_par' dir='ltr' id='par_1_14' title="bbox 223 4284 2434 4442">
     <span class='ocr_line' id='line_1_34' title="bbox 228 4284 2433 4359; baseline 0.003 -28"><span class='ocrx_word' id='word_1_234' title='bbox 228 4287 349 4333; x_wconf 74' lang='lat'>1174</span> <span class='ocrx_word' id='word_1_235' title='bbox 383 4286 579 4355; x_wconf 83' lang='lat' dir='ltr'><strong>turpis.</strong></span> <span class='ocrx_word' id='word_1_236' title='bbox 627 4284 648 4354; x_wconf 89' lang='grc' dir='ltr'><strong>ΙΙ</strong></span> <span class='ocrx_word' id='word_1_237' title='bbox 704 4292 833 4339; x_wconf 86' lang='grc'><strong>1176</strong></span> <span class='ocrx_word' id='word_1_238' title='bbox 870 4287 1019 4359; x_wconf 87' lang='lat' dir='ltr'><strong>longi</strong></span> <span class='ocrx_word' id='word_1_239' title='bbox 1055 4286 1260 4359; x_wconf 78' lang='lat' dir='ltr'><strong>fugitan</strong></span> <span class='ocrx_word' id='word_1_240' title='bbox 1309 4288 1331 4356; x_wconf 84' lang='grc' dir='ltr'><strong>ΙΙ</strong></span> <span class='ocrx_word' id='word_1_241' title='bbox 1382 4293 1508 4341; x_wconf 92' lang='grc'><strong>1180</strong></span> <span class='ocrx_word' id='word_1_242' title='bbox 1546 4288 1764 4340; x_wconf 87' lang='lat' dir='ltr'><strong>missum</strong></span> <span class='ocrx_word' id='word_1_243' title='bbox 1813 4287 1836 4357; x_wconf 85' lang='grc' dir='ltr'><strong>ΙΙ</strong></span> <span class='ocrx_word' id='word_1_244' title='bbox 1888 4291 2014 4338; x_wconf 83' lang='grc'><strong>1182</strong></span> <span class='ocrx_word' id='word_1_245' title='bbox 2051 4284 2206 4339; x_wconf 83' lang='lat' dir='ltr'><strong>cadet</strong></span> <span class='ocrx_word' id='word_1_246' title='bbox 2242 4284 2261 4353; x_wconf 93' lang='grc' dir='ltr'><strong>ΙΙ</strong></span> <span class='ocrx_word' id='word_1_247' title='bbox 2308 4292 2433 4338; x_wconf 85' lang='grc'><strong>1183</strong></span> 
     </span>
     <span class='ocr_line' id='line_1_35' title="bbox 223 4363 2434 4442; baseline 0.002 -25"><span class='ocrx_word' id='word_1_248' title='bbox 223 4363 551 4438; x_wconf 78' lang='lat' dir='ltr'><strong>stultitiaque</strong></span> <span class='ocrx_word' id='word_1_249' title='bbox 584 4369 607 4438; x_wconf 85' lang='grc' dir='ltr'><strong>ΙΙ</strong></span> <span class='ocrx_word' id='word_1_250' title='bbox 649 4374 781 4423; x_wconf 80' lang='grc'><strong>1186</strong></span> <span class='ocrx_word' id='word_1_251' title='bbox 806 4372 1118 4441; x_wconf 79' lang='lat' dir='ltr'><strong>postcaenis</strong></span> <span class='ocrx_word' id='word_1_252' title='bbox 1156 4371 1178 4439; x_wconf 92' lang='grc'><strong>11</strong></span> <span class='ocrx_word' id='word_1_253' title='bbox 1215 4377 1346 4425; x_wconf 90' lang='grc'><strong>1188</strong></span> <span class='ocrx_word' id='word_1_254' title='bbox 1381 4389 1600 4442; x_wconf 87' lang='lat' dir='ltr'><strong>posses.</strong></span> <span class='ocrx_word' id='word_1_255' title='bbox 1638 4371 1659 4439; x_wconf 87' lang='grc' dir='ltr'><strong>ΙΙ</strong></span> <span class='ocrx_word' id='word_1_256' title='bbox 1703 4376 1827 4424; x_wconf 80' lang='grc'><strong>1191</strong></span> <span class='ocrx_word' id='word_1_257' title='bbox 1858 4376 1912 4423; x_wconf 87' lang='lat' dir='ltr'><strong>et</strong></span> <span class='ocrx_word' id='word_1_258' title='bbox 1935 4376 2201 4424; x_wconf 70' lang='lat' dir='ltr'><strong>missum.</strong></span> <span class='ocrx_word' id='word_1_259' title='bbox 2240 4370 2261 4436; x_wconf 79' lang='grc' dir='ltr'><strong><em>Η</em></strong></span> <span class='ocrx_word' id='word_1_260' title='bbox 2305 4375 2434 4421; x_wconf 84' lang='grc'><strong>1198</strong></span> 
     </span>
    </p>
   </div>
   <div class='ocr_carea' id='block_1_10' title="bbox 218 4452 1414 4524">
    <p class='ocr_par' dir='ltr' id='par_1_15' title="bbox 218 4452 1414 4524">
     <span class='ocr_line' id='line_1_36' title="bbox 218 4452 1414 4524; baseline -0.001 -16"><span class='ocrx_word' id='word_1_261' title='bbox 218 4457 454 4516; x_wconf 62' lang='lat' dir='ltr'><strong>voment.</strong></span> <span class='ocrx_word' id='word_1_262' title='bbox 490 4452 512 4521; x_wconf 91' lang='grc' dir='ltr'><strong>ΙΙ</strong></span> <span class='ocrx_word' id='word_1_263' title='bbox 556 4458 685 4506; x_wconf 84' lang='grc'><strong>1200</strong></span> <span class='ocrx_word' id='word_1_264' title='bbox 722 4452 1007 4508; x_wconf 74' lang='lat' dir='ltr'><strong>salientum</strong></span> <span class='ocrx_word' id='word_1_265' title='bbox 1040 4456 1063 4524; x_wconf 81' lang='grc' dir='ltr'><strong>ΙΙ</strong></span> <span class='ocrx_word' id='word_1_266' title='bbox 1097 4462 1414 4509; x_wconf 82' lang='lat' dir='ltr'><strong>retractant.</strong></span> 
     </span>
    </p>
   </div>
  </div>
 </body>
</html>
