3042 5192
776 1259 1468 1343 T.LUCRET1
1528 1260 1829 1344 CARI

300 1488 533 1589 DE
646 1488 1339 1590 RERUM
1444 1487 2294 1592 NATURA

874 1734 1183 1799 LIBER
1229 1735 1726 1815 QUINTUS.

1098 1997 1500 2004 -—*-—-——-

206 2185 401 2336 Quis
427 2248 611 2330 potis
643 2252 749 2308 est
778 2242 1048 2329 dignum
1077 2243 1355 2330 pollenti
1385 2251 1662 2330 pectore
1693 2267 1958 2310 carmen

205 2358 481 2423 eondere
510 2381 637 2447 pro
666 2380 891 2423 rerum
920 2360 1265 2424 maiestate
1296 2358 1539 2444 hisque
1565 2362 1854 2446 repertis
1871 2362 1905 2425 Ρ

205 2475 421 2558 quisve
448 2474 632 2540 valet
660 2475 884 2539 verbis
914 2481 1174 2538 tantum
1191 2523 1207 2551 ,
1232 2474 1347 2559 qui
1373 2473 1626 2560 fingere
1654 2474 1889 2540 laudes

204 2611 316 2675 pro
343 2590 595 2654 meritis
626 2590 769 2654 eius
796 2589 1018 2676 possit
1034 2638 1050 2666 ,
1076 2589 1190 2674 qui
1217 2589 1377 2653 talia
1405 2590 1602 2654 nobis

146 2719 171 2762 5
206 2711 465 2789 pectore
493 2713 695 2791 parta
721 2725 845 2768 suo
878 2704 1313 2790 quaesitaque
1340 2705 1637 2792 praemia
1663 2705 1857 2790 liquit
1872 2705 1906 2768 Ρ

205 2839 384 2883 nemo
401 2868 416 2894 ,
438 2829 515 2884 ut
543 2821 786 2906 opinor
804 2867 820 2895 ‚
843 2819 971 2883 erit
998 2819 1261 2883 mortali
1291 2840 1579 2906 corpore
1610 2827 1836 2884 cretus
1855 2869 1869 2882 .

202 2954 342 2998 nam
369 2935 425 2998 si
440 2983 456 3008 ‚
476 2942 553 2998 ut
576 2935 729 3022 ipsa
757 2934 927 3019 petit
952 2933 1264 2998 maiestas
1295 2935 1566 3020 cognita
1590 2955 1811 2998 rerum
1829 2983 1846 3010 ‚

204 3046 540 3113 dicendum
570 3057 675 3114 est
692 3098 708 3124 ‚
733 3048 900 3112 deus
926 3048 1037 3113 ille
1064 3046 1191 3111 fuit
1207 3097 1222 3123 ‚
1247 3047 1416 3112 deus
1432 3097 1448 3124 ‚
1469 3048 1720 3135 inelyte
1749 3048 2013 3113 Memmi
2034 3098 2049 3120 ,

207 3164 311 3248 qui
334 3164 645 3250 princeps
674 3164 853 3229 vitae
880 3164 1207 3228 rationem
1236 3162 1490 3226 invenit
1519 3183 1662 3226 eam
1694 3184 1865 3248 quae

128 3291 178 3337 ιο
212 3299 374 3342 nunc
400 3279 777 3366 appellatur
804 3279 1132 3366 sapientia
1147 3328 1164 3355 ‚
1188 3278 1436 3363 quique
1464 3297 1590 3363 per
1619 3285 1830 3342 artem

204 3390 490 3458 fluetibus
523 3415 560 3457 e
591 3395 796 3459 tantis
824 3394 1028 3458 vitam
1055 3393 1395 3478 tantisque
1426 3393 1722 3457 tenebris

208 3505 267 3569 in
290 3515 415 3572 tam
442 3509 809 3595 tranquillo
841 3515 909 3572 et
936 3517 1073 3573 tam
1101 3508 1284 3572 clara
1310 3508 1460 3573 luce
1490 3507 1771 3572 locavit.

208 3622 417 3688 confer
446 3624 619 3689 enim
653 3623 877 3688 divina
904 3623 1182 3688 aliorum
1212 3623 1490 3708 antiqua
1515 3629 1790 3708 reperta
1803 3671 1819 3686 .

206 3757 466 3824 namque
499 3739 709 3803 Ceres
735 3738 949 3803 fertur
975 3737 1205 3824 fruges
1233 3737 1569 3824 Liberque
1598 3738 1878 3824 liquoris

124 3862 169 3907 15
204 3850 450 3938 vitigeni
478 3854 747 3918 laticem
773 3853 1168 3918 mortalibus
1194 3853 1603 3930 instituisse3

208 3987 339 4029 eum
364 3976 585 4033 tamen
613 3967 723 4033 his
751 3976 988 4056 posset
1018 3968 1162 4032 sine
1189 3969 1392 4033 rebus
1421 3969 1562 4033 vita
1588 3988 1857 4032 manere
1876 4017 1892 4042 ,

206 4088 271 4143 ut
294 4080 459 4148 fama
488 4089 597 4149 est
625 4084 885 4168 aliquas
916 4083 1114 4148 etiam
1140 4105 1320 4148 nunc
1349 4083 1577 4148 vivere
1606 4083 1859 4169 gentis:

208 4205 269 4259 at
292 4196 453 4262 bene
481 4220 623 4262 non
652 4206 925 4285 poterat
955 4199 1098 4262 sine
1127 4221 1300 4285 puro
1332 4206 1609 4286 pectore
1639 4198 1807 4274 vivi3

214 4443 241 4486 2
272 4440 549 4496 maiestatis
585 4449 744 4513 atque
782 4441 802 4513 ΙΙ
840 4448 868 4493 5
908 4442 1148 4513 quaesita
1185 4441 1205 4512 ΙΙ
1248 4450 1307 4496 12
1346 4443 1584 4496 vocavit.
1622 4443 1642 4511 ΙΙ
1687 4449 1746 4495 14
1784 4456 1941 4512 geres
