3042 5192
625 462 712 530 16
1725 456 1755 522 Ι

616 657 768 700 nem
794 634 1036 698 fecisse
1062 631 1309 696 fertur.
1345 651 1555 716 porro
1586 628 1821 693 eadem
1850 627 2223 692 differentia
2253 636 2359 693 est
2385 629 2454 692 in
2480 631 2752 693 institere
2784 639 2845 692 et

617 735 950 812 obstetrice,
989 732 1059 793 in
1096 730 1411 793 meritorio
1442 735 1511 792 et
1538 728 1886 807 meretrice,
1920 725 2008 790 de
2051 727 2295 811 quibus
2322 747 2521 791 nemo
2553 725 2846 792 dubitat.

619 850 1020 918 quamquam
1060 836 1257 892 vetus
1301 824 1519 890 codex
1549 825 1813 890 Plauti
1796 847 1865 889 ιιι
1896 824 2268 890 Cistellaria
2299 848 2385 900 11,
2407 825 2484 898 3,
2507 825 2590 889 22
2620 825 2703 890 23
2733 825 2847 890 ha-

616 935 734 995 bet
770 929 1085 994 meritn'x.
1130 911 1368 989 eodem
1408 922 1764 988 referenda
1802 931 1908 987 est
1950 925 2196 987 amana
2219 923 2487 1011 sor-&ma
2525 923 2801 987 Plauti
2783 945 2844 987 ιιι

618 1026 930 1092 Rudente
975 1046 1063 1099 11,
1085 1023 1158 1098 6,
1180 1023 1296 1099 49,
1341 1023 1458 1088 ubi
1496 1021 1759 1086 Nonius
1809 1046 1875 1108 p.
1860 1021 2041 1097 .‚406
2060 1021 2098 1085 5
2140 1043 2250 1106 eqo
2291 1024 2651 1087 anutinmn:
2703 1044 2842 1086 nam

616 1149 773 1191 anas
799 1173 818 1205 ,
853 1123 1010 1208 quia
1052 1124 1332 1206 moufipec
1380 1126 1484 1183 est
1502 1169 1518 1195 ‚
1542 1121 1669 1186 sub
1700 1119 2173 1184 simillimorum
2209 1120 2536 1189 rationem
2568 1120 2844 1186 succidit

619 1233 689 1290 et
729 1223 893 1289 facit
934 1223 1158 1301 anim,
1184 1219 1371 1305 quod
1411 1226 1518 1283 est
1544 1221 1616 1282 in
1647 1219 1946 1306 Captivis
1976 1240 2019 1282 v
2037 1266 2053 1293 ‚
2074 1218 2116 1282 4
2134 1267 2150 1293 ,
2172 1218 2213 1282 6
2243 1218 2350 1303 (et
2376 1220 2618 1294 anitum
2641 1220 2843 1307 prima

615 1343 815 1387 manu
843 1318 1393 1384 Vindobonensis
1434 1317 1682 1381 saeculi
1725 1316 1962 1381 decimi
2008 1315 2228 1381 codex
2267 1317 2335 1380 ιιι
2379 1316 2728 1383 Ciceronis
2766 1317 2843 1382 de

617 1429 860 1486 natura
901 1417 1182 1481 deorum
1223 1416 1392 1480 libro
1435 1437 1486 1478 11
1505 1463 1522 1491 ‚
1561 1414 1679 1479 124
1696 1463 1712 1492 ,
1747 1413 1926 1478 idem
1980 1437 2021 1478 a
2066 1423 2449 1480 correctore
2491 1437 2634 1481 non
2682 1417 2844 1481 bene

616 1518 930 1602 meumst
973 1536 1134 1601 ergo
1180 1536 1307 1601 pro
1352 1515 1584 1578 anitino
1606 1561 1625 1594 ‚
1660 1522 1944 1600 propter
1981 1515 2007 1577 i
2043 1513 2315 1598 longum
2354 1512 2545 1598 quod
2587 1516 2658 1578 in
2697 1538 2846 1601 pro·

615 1618 792 1681 xima
832 1615 1093 1701 syllaba
1130 1619 1235 1677 est
1263 1660 1278 1688 ‚
1316 1610 1559 1675 dicitur
1600 1614 1910 1676 anetimnn
1926 1659 1939 1675 .
1979 1610 2104 1676 sed
2132 1611 2218 1676 ab
2250 1610 2486 1675 eodem
2511 1614 2843 1678 vocabulo

618 1715 818 1779 etiam
855 1718 1172 1798 correpto
1211 1712 1238 1774 i
1278 1709 1732 1795 subsequente
1772 1710 2141 1775 aneticulam
2177 1709 2391 1795 prima
2428 1731 2631 1774 manu
2660 1721 2847 1777 vetus

619 1810 977 1876 Camerarii
1011 1810 1081 1872 in
1122 1808 1429 1872 Asinaria
1470 1830 1548 1871 111
1567 1856 1584 1883 ‚
1606 1807 1646 1871 3
1666 1855 1682 1882 ,
1708 1806 1827 1872 103
1847 1856 1863 1884 ‚
1896 1829 1937 1872 a
1977 1815 2362 1872 correctore
2387 1805 2564 1871 idem
2595 1811 2845 1874 amabu-

616 1914 774 1977 lam.
811 1932 891 1975 ac
925 1931 1013 1973 ne
1052 1909 1122 1972 in
1161 1909 1241 1972 iis
1283 1906 1554 1993 quidem
1598 1928 1770 1992 quae
1810 1910 1836 1971 i
1877 1905 2280 1994 productum
2318 1905 2608 1982 habent,
2641 1907 2845 1993 legem

618 2010 820 2074 certis
857 2008 1101 2072 finibus
1145 2006 1596 2093 descriptam
1579 2005 1880 2070 invenio.
1905 2013 2011 2069 est
2041 2005 2214 2068 enim
2239 2006 2682 2070 intemeommn
2711 2006 2845 2090 qui·

616 2109 769 2174 dem
799 2108 940 2173 sive
967 2107 1429 2186 internecivum,
1452 2102 1579 2169 sed
1605 2104 1948 2169 veteribus
1975 2104 2185 2189 magis
2214 2102 2464 2188 placuit
2488 2103 2842 2167 subs-idm

616 2231 813 2294 quam
839 2208 1256 2286 subsecivum,
1288 2225 1510 2290 neque
1537 2211 1801 2269 mutant
1825 2205 2136 2282 asininus,
2175 2201 2655 2280 ammanium,
2693 2204 2844 2266 reci-

613 2309 824 2388 divae,
849 2306 1184 2383 abditivm,
1207 2304 1576 2383 conditiva-3,
1599 2304 1875 2366 insitivus
1890 2302 2313 2387 ,primitiva-3,
2331 2300 2670 2379 monim,
2697 2323 2844 2385 pro·

615 2406 832 2484 datr-ix,
872 2404 1159 2482 dehic-ix,
1194 2403 1495 2465 ianitrix.
1536 2400 1706 2464 haec
1745 2399 1950 2485 igitur
1990 2396 2433 2483 grammaticis
2475 2395 2844 2461 evolvenda

615 2499 1273 2574 commendabimus-3,
1322 2499 1435 2582 qui
1493 2498 1716 2562 adhuc
1750 2498 2012 2583 genitivo
2053 2495 2506 2561 delectantur.
2557 2494 2846 2558 Lucretii

601 2600 814 2685 primo
856 2621 1034 2661 versu
1078 2596 1209 2681 (ita
1256 2593 1453 2680 dicit)
1501 2595 1883 2660 Priscianus
1928 2617 2090 2659 usus
2135 2603 2241 2659 est
2283 2617 2348 2679 p.
2373 2593 2531 2668 733,
2573 2591 2843 2657 secundi

615 2703 809 2783 parte
839 2694 1114 2759 Servius
1144 2693 1234 2759 ad
1256 2693 1598 2758 Aeneidos
1629 2716 1685 2770 1,
1707 2692 1858 2771 198,
1877 2701 1946 2758 et
1972 2692 2083 2756 hic
2115 2690 2382 2778 quidem
2411 2692 2554 2756 sine
2584 2692 2844 2756 nomine

613 2800 904 2906 poetae,
942 2801 1019 2858 ut
1061 2792 1371 2860 videatur
1414 2815 1644 2858 errore
1684 2791 2037 2857 memoriae
2065 2790 2361 2856 Lucretii
2400 2790 2611 2854 verba
2638 2797 2844 2877 appo‘-

613 2893 828 2957 suisse
870 2914 994 2979 pro
1025 2891 1429 2978 Vergilianis
1472 2912 1646 2977 quae
1691 2899 1850 2956 sunt
1885 2891 1955 2955 in
1983 2890 2350 3003 georgicon
2391 2889 2660 2966 11‚157‚
2695 2891 2843 2954 ansi·

612 3014 763 3078 quos
815 3003 1021 3077 supter
1062 2991 1329 3055 labentia
1363 3012 1623 3055 muros:
1689 2989 1851 3055 dicit
1904 2989 2077 3054 enim
2115 2990 2277 3054 Ame
2313 2988 2622 3053 malorum
2661 2988 2763 3064 Ῡφ’
2773 2986 2842 3051 ἐκ

611 3100 699 3154 εει
718 3138 736 3168 ,
765 3100 834 3153 ut
877 3089 1027 3154 alibi
1071 3089 1226 3153 caeli
1268 3088 1469 3152 subter
1513 3089 1782 3153 labentia
1822 3089 2002 3173 siyna
2027 3136 2041 3150 .
2071 3107 2340 3152 versum
2382 3088 2656 3151 tertium
2701 3107 2842 3151 cum

611 3194 808 3272 parte
839 3187 1059 3272 quarti
1088 3186 1297 3250 habet
1324 3185 1587 3252 Nonius
1614 3208 1680 3271 p.
1693 3185 1816 3249 274
1835 3233 1851 3262 ,
1872 3183 1953 3248 32
1971 3235 1986 3249 .

779 3285 845 3348 5.
884 3305 1205 3348 nummii
1249 3305 1513 3349 soms.
1588 3285 1657 3347 7.
1693 3285 2337 3359 Anu-imumque
2377 3305 2638 3348 Tuum.
2719 3281 2840 3346 Hic

612 3381 819 3446 semel
847 3380 1065 3444 dicam
1093 3379 1278 3466 quod
1306 3381 1626 3447 lectorem
1645 3403 1911 3468 semper
1926 3382 2301 3445 meminisse
2319 3388 2626 3468 oportet,
2652 3402 2840 3467 quem

613 3478 975 3544 admodum
1020 3477 1486 3565 Havercampo
1543 3479 1711 3544 nihil
1755 3478 2166 3544 credendum
2210 3480 2331 3557 sit,
2368 3480 2466 3544 ita
2511 3501 2665 3544 eum
2709 3501 2838 3545 om·

610 3578 791 3642 nium
830 3578 1092 3641 minime
1135 3576 1540 3642 audiendum
1582 3599 1730 3642 esse
1749 3627 1765 3654 ‚
1798 3599 1948 3642 cum
1975 3577 2317 3643 Vossiano
2345 3579 2618 3664 utrique
2638 3629 2655 3654 ,
2678 3598 2839 3664 quos

610 3682 810 3739 notat
846 3675 914 3739 Y
944 3673 995 3738 Z
1014 3724 1030 3752 ‚
1070 3696 1151 3739 ea
1191 3675 1534 3740 adscribat
1575 3697 1747 3761 quae
1787 3697 1830 3741 a
1867 3698 1973 3741 me
2015 3698 2155 3742 non
2190 3675 2605 3741 referantur.
2644 3677 2754 3741 hic
2777 3675 2839 3739 ιιι

611 3782 900 3858 utroque
942 3773 1105 3838 dicit
1145 3795 1295 3839 esse
1336 3776 1593 3855 lumine,
1629 3776 1701 3838 in
1727 3783 2018 3861 utroque
2047 3777 2445 3863 Advencuque
2472 3786 2617 3840 mo.-
2644 3775 2838 3840 habet

609 3874 847 3937 lmnina
875 3873 1205 3958 oblongus
1225 3922 1240 3950 ,
1275 3874 1502 3937 lumine
1532 3873 1904 3958 quadratus
1933 3883 2003 3939 et
2030 3873 2323 3938 schedae
2351 3922 2367 3950 ‚
2387 3875 2838 3961 Advenamaqm

608 3983 779 4035 tuum
806 3971 1139 4057 oblongus
1170 3971 1544 4056 quadratus
1574 3972 1868 4037 schedae
1887 4022 1901 4036 .
1926 3973 2196 4037 daedala
2224 3973 2399 4037 tellus
2428 3993 2467 4035 e
2494 3971 2836 4037 Lucretio,

610 4069 724 4154 qui
764 4070 1005 4133 iterum
1043 4071 1140 4135 ita
1181 4069 1352 4133 dixit
1389 4091 1594 4134 versu
1636 4069 1760 4136 228
1789 4121 1805 4146 ,
1851 4070 2240 4136 Macrobius
2283 4070 2350 4134 in
2396 4071 2836 4137 Saturnalium

607 4169 777 4243 v1‚4
796 4217 810 4231 .
843 4170 1172 4234 daedalam
1213 4179 1444 4233 terram
1482 4188 1567 4231 ex
1608 4167 1847 4234 eodem
1888 4169 2155 4255 profert
2190 4191 2328 4233 non
2370 4170 2535 4234 satis
2584 4170 2835 4234 curiose

606 4287 814 4352 agens
827 4266 1079 4331 Paulus
1112 4265 1435 4331 diaconus
1466 4287 1503 4329 e
1532 4265 1737 4331 Festo
1768 4267 1938 4333 libro
1972 4291 2042 4332 iv
2065 4290 2132 4354 p.
2145 4268 2226 4331 52
2254 4267 2722 4334 Lindemanni.
2751 4264 2832 4331 ad

605 4365 946 4450 proximos
989 4386 1227 4430 versus
1274 4364 1551 4450 respicit
1594 4364 1913 4441 Servius,
1952 4387 2103 4430 cum
2148 4364 2312 4431 dicit
2350 4366 2439 4430 ad
2481 4366 2828 4453 georgicon

605 4483 689 4537 ιι,
728 4461 885 4538 329,
932 4463 1019 4527 Et
1054 4463 1343 4527 Venerem
1393 4463 1570 4526 certi-s·
1623 4474 1896 4548 repehmt
1948 4477 2225 4530 armenta
2280 4466 2527 4531 dubus.
2579 4464 2827 4536 stuata-2⁹,
