3042 5192
565 447 701 516 152
1613 446 1742 514 1111

648 621 874 707 Atque
902 620 971 684 in
999 640 1228 685 amore
1254 619 1427 683 mala
1453 619 1626 684 haec
1653 620 1930 707 proprio
1962 641 2350 708 summeque
2381 623 2685 689 secundo

558 735 1018 800 inveniuntur:
1038 735 1108 798 in
1137 733 1427 799 adverso
1458 756 1623 799 vero
1655 743 1858 821 atque
1887 735 2075 822 inopi
2104 745 2266 800 sunt
2282 786 2297 812 ‚

559 848 896 936 prendere
927 870 1099 935 quae
1128 850 1350 936 possis
1381 849 1728 915 oculorum
1770 850 2014 914 lumine
2058 859 2299 936 operto
2317 901 2334 928 ,

560 963 1095 1042 innumerabilia3
1118 971 1194 1028 ut
1220 964 1453 1029 melius
1481 965 1757 1052 vigilare
1790 965 1877 1030 sit
1905 973 2062 1030 ante
2079 1015 2095 1042 ‚

370 1094 497 1141 1145
565 1099 700 1164 qua
727 1079 927 1144 docui
954 1080 1216 1144 ratione
1233 1128 1249 1156 ‚
1273 1100 1650 1166 cavereque
1678 1101 1764 1144 ne
1792 1079 2134 1145 inliciatis.

562 1214 717 1257 nam
744 1194 956 1258 vitare
975 1243 991 1271 ‚
1013 1195 1251 1280 plagas
1277 1195 1347 1258 in
1375 1195 1623 1259 amoris
1650 1216 1737 1259 ne
1764 1194 2079 1259 iaciamur
2099 1242 2116 1270 ‚

563 1330 703 1374 non
728 1309 821 1373 ita
853 1308 1119 1373 difficile
1150 1316 1255 1373 est
1285 1329 1485 1395 quam
1512 1316 1784 1396 captum
1810 1309 2067 1373 retibus
2096 1309 2261 1395 ipsis

570 1424 750 1487 exire
782 1431 849 1487 et
874 1423 1138 1488 validos
1167 1423 1454 1489 Veneris
1482 1444 1917 1511 perrumpere
1945 1422 2170 1488 nodos
2189 1473 2202 1486 .

568 1545 638 1602 et
667 1545 890 1602 tamen
916 1538 1271 1625 implicitus
1301 1541 1572 1625 quoque
1601 1538 1825 1624 possis
1852 1538 2058 1623 inque
2086 1536 2359 1624 peditus

375 1668 504 1716 1150
568 1652 856 1739 effugere
882 1652 1196 1718 infestum
1214 1703 1230 1731 ‚
1251 1655 1380 1718 nisi
1408 1661 1555 1719 tute
1583 1652 1705 1717 tibi
1735 1652 1974 1718 obvius
2005 1652 2239 1717 obstes

567 1774 636 1831 et
661 1774 934 1853 praeter
962 1768 1188 1833 mittas
1217 1768 1414 1833 animi
1441 1768 1606 1833 vitia
1633 1768 1855 1832 omnia
1880 1768 2164 1854 primum

570 1889 688 1946 aut
719 1903 890 1967 quae
921 1884 1205 1969 corpori’
1224 1895 1382 1949 sunt
1411 1884 1553 1948 eius
1570 1932 1586 1959 ‚
1609 1883 1668 1947 si
1695 1903 1895 1968 quam
1923 1882 2101 1969 petis
2131 1902 2211 1944 ac
2240 1881 2340 1946 vis
2361 1931 2378 1944 .

566 2017 720 2060 nam
746 1996 1002 2062 faciunt
1028 1997 1330 2063 homines
1360 1997 1754 2085 plerumque
1786 1995 2096 2083 cupidine
2127 1997 2309 2061 caeci

573 2119 642 2175 et
670 2112 972 2177 tribuunt
999 2133 1080 2176 ea
1108 2134 1282 2199 quae
1311 2134 1448 2177 11011
1478 2120 1640 2177 sunt
1665 2110 1771 2175 his
1802 2110 2154 2176 commoda
2180 2132 2370 2176 vere.

378 2242 507 2288 1155
569 2225 976 2292 multimodis
1003 2227 1204 2313 igitur
1232 2248 1481 2314 pravas
1510 2225 1862 2312 turpisque
1892 2225 2197 2290 videmus

574 2362 723 2406 esse
751 2341 821 2406 in
852 2341 1104 2407 deliciis
1134 2363 1528 2428 summoque
1553 2342 1624 2404 in
1650 2340 1912 2405 honore
1941 2341 2169 2427 vigere
2188 2390 2203 2404 .

573 2463 778 2542 atque
809 2457 976 2522 alios
1006 2458 1114 2523 alii
1141 2457 1436 2522 inrident
1460 2457 1934 2541 Veneremque
1964 2455 2258 2520 suadent

572 2577 651 2636 ut
675 2570 946 2658 placent
963 2620 978 2649 ‚
1003 2574 1318 2658 quoniam
1347 2571 1552 2638 foedo
1584 2570 2010 2637 adflictentur
2036 2591 2263 2635 amore
2284 2618 2301 2645 ‚

573 2706 700 2749 nec
729 2707 851 2750 sua
878 2687 1244 2773 respiciunt
1273 2687 1497 2752 miseri
1521 2688 1698 2751 mala
1725 2689 2011 2752 maxima
2039 2706 2242 2772 saepe
2261 2735 2276 2749 .

381 2814 510 2862 1160
572 2801 766 2886 nigra
790 2801 1147 2867 melichrus
1178 2811 1284 2868 est
1301 2851 1316 2878 ‚
1337 2801 1659 2866 inmunda
1689 2810 1758 2867 et
1784 2801 1996 2866 fetida
2025 2821 2332 2865 acosmos
2350 2848 2368 2871 ,

575 2916 796 2980 caesia
822 2914 1193 2981 Palladium
1211 2966 1226 2995 ‚
1249 2938 1543 2982 nervosa
1572 2925 1640 2982 et
1666 2917 1889 3003 lignea
1918 2915 2163 2981 dorcas
2180 2965 2195 2990 ‚

574 3031 856 3117 parvula
873 3081 889 3108 ‚
910 3033 1179 3119 pumilio
1200 3082 1216 3109 ‚
1240 3031 1549 3097 chariton
1577 3032 1708 3095 mia
1723 3079 1739 3108 ‚
1761 3039 1911 3096 tota
1935 3053 2189 3096 merum
2218 3031 2351 3106 sal,

577 3166 819 3233 magna
847 3154 1051 3232 atque
1077 3147 1358 3212 inmanis
1389 3147 1757 3233 cataplexis
1785 3146 2120 3234 plenaque
2146 3146 2429 3211 honoris
2447 3196 2462 3209 .

576 3261 779 3326 balba
805 3261 994 3347 loqui
1018 3283 1160 3326 non
1191 3262 1335 3348 quit
1352 3311 1368 3338 ‚
1390 3262 1649 3327 traulizi
1667 3311 1683 3340 ‚
1704 3269 1891 3326 muta
1917 3261 2183 3348 pudens
2214 3271 2351 3326 est:

388 3391 516 3439 1165
582 3383 655 3439 at
681 3374 972 3462 flagrans
991 3425 1007 3452 ,
1038 3375 1303 3453 odiosa,
1337 3376 1729 3463 loquacula,
1757 3375 2198 3463 Lampadium
2225 3376 2301 3440 fit
2319 3425 2333 3439 .

578 3489 863 3555 ischnon
895 3492 1278 3555 eromenion
1307 3499 1449 3556 tum
1474 3492 1552 3557 fit
1569 3542 1584 3570 ,
1609 3514 1758 3557 eum
1785 3492 2013 3558 vivere
2041 3514 2180 3556 nou
2211 3491 2355 3577 quit

579 3626 744 3691 prae
770 3607 1014 3671 macie:
1036 3605 1319 3671 rhadine
1347 3614 1582 3673 verost
1608 3608 1738 3672 iam
1764 3615 2029 3672 mortua
2056 3607 2260 3672 tussi.

582 3728 653 3785 at
679 3720 909 3785 Lamia
938 3730 1006 3787 et
1033 3743 1397 3787 mammosa
1427 3722 1632 3788 Ceres
1663 3731 1768 3787 est
1796 3723 1946 3809 ipsa
1975 3724 2062 3787 ab
2089 3721 2334 3787 Iaccho
2353 3770 2368 3796 ‚

581 3836 817 3900 simula
847 3837 1070 3901 Silena
1097 3859 1177 3902 ac
1207 3845 1504 3902 saturast
1520 3888 1536 3914 ,
1557 3839 1834 3903 labeosa
1860 3837 2152 3923 philema
2169 3886 2182 3900 .

390 3967 516 4013 1170
582 3958 807 4015 cetera
837 3949 922 4016 de
950 3973 1197 4039 genere
1224 3952 1358 4017 hoc
1387 3953 1660 4039 longum
1689 3961 1796 4017 est
1824 3953 1882 4017 si
1913 3951 2136 4016 dicere
2168 3972 2372 4016 coner
2391 4000 2406 4013 .

583 4065 704 4130 sed
733 4074 957 4132 tamen
987 4076 1136 4133 esto
1166 4068 1295 4132 iam
1328 4076 1582 4154 quanto
1611 4069 1714 4133 vis
1746 4068 1881 4132 oris
1910 4067 2171 4133 honore
2190 4117 2205 4142 ‚

594 4348 719 4394 1141
760 4341 895 4395 male
931 4344 952 4412 ΙΙ
992 4349 1121 4396 1145
1159 4343 1483 4415 inligniaris.
1536 4349 1559 4416 ΙΙ
1607 4352 1734 4398 1152
1774 4346 1852 4400 Ut
1887 4347 1908 4415 ΙΙ
1946 4346 1993 4399 si
2028 4352 2299 4399 omissum.
2346 4343 2368 4411 ΙΙ
2413 4342 2590 4413 §petis
2629 4343 2649 4408 ss
2687 4345 2810 4392 115⁴
2995 4373 2996 4418 3

588 4426 632 4480 is
670 4426 692 4494 n
735 4432 864 4478 1156
901 4425 1108 4481 delictis
1145 4427 1167 4496 u
1210 4432 1339 4481 1160
1377 4426 1578 4483 foetida
1617 4429 1637 4497 Η
1680 4434 1810 4482 1163
1848 4428 2039 4483 iamina
2074 4428 2095 4495 n
2139 4433 2268 4479 1170
2308 4425 2428 4480 esti:
2995 4421 2996 4476 1

2991 4705 2994 4752 1
