3042 5192
561 480 601 545 4
1657 475 1690 543 Ι

552 648 1096 734 frondiferasque
1129 646 1368 712 domos
1399 648 1616 713 avium
1648 669 2055 734 camposque
2085 651 2361 714 virentis

557 765 861 830 omnibus
892 764 1222 827 incutiens
1250 761 1573 827 blandum
1600 784 1724 848 per
1753 771 2037 848 pectora
2065 785 2356 829 amorem

425 897 488 943 20
554 879 758 943 efficis
787 887 864 944 ut
894 877 1135 964 cupide
1165 878 1532 964 generatim
1562 877 1784 941 saecla
1812 888 2224 964 propagent.

556 1016 727 1081 quae
758 994 1072 1078 quoniam
1101 1013 1324 1056 rerum
1351 999 1659 1056 naturam
1689 992 1836 1055 sola
1862 993 2227 1077 gubernas,

551 1129 677 1172 nec
707 1109 850 1172 sine
878 1117 946 1171 te
978 1108 1334 1192 quicquam
1366 1105 1512 1171 dias
1541 1107 1610 1169 in
1637 1106 1900 1171 luminis
1932 1128 2087 1172 oras
2149 1156 2154 1167 .

555 1208 852 1287 exoritur
880 1242 1100 1305 neque
1128 1221 1204 1285 fit
1230 1222 1477 1286 laetum
1508 1241 1730 1305 neque
1760 1221 2038 1285 amabile
2068 1221 2426 1307 quicquam
2442 1272 2457 1291 ,

551 1347 619 1401 te
650 1337 899 1400 sociam
929 1334 1170 1400 studeo
1202 1334 1578 1400 scribendis
1607 1337 1915 1400 versibus
1946 1357 2125 1411 esse,

416 1470 478 1514 25
545 1473 719 1536 quos
751 1471 875 1536 ego
910 1447 994 1511 de
1023 1470 1249 1512 rerum
1277 1457 1521 1512 natura
1549 1471 1844 1535 pangere
1877 1472 2088 1514 conor

548 1562 988 1629 Memmiadae
1017 1570 1253 1627 nostro
1275 1610 1291 1639 ‚
1315 1583 1513 1647 quem
1543 1570 1650 1639 tu,
1674 1562 1803 1627 dea
1819 1613 1833 1639 ,
1856 1572 2161 1650 tempore
2189 1567 2258 1629 in
2287 1567 2465 1629 omni

551 1679 855 1744 omnibus
886 1686 1193 1741 ornatum
1218 1677 1493 1758 voluisti
1523 1652 1852 1741 excellere
1882 1680 2114 1742 rebus.
2535 1658 2540 1663 ’

552 1816 687 1879 quo
716 1793 926 1879 magis
957 1801 1301 1856 aeternum
1330 1790 1420 1855 da
1448 1790 1676 1867 dictis,
1702 1790 1888 1868 diva,
1912 1793 2238 1880 leporem.

553 1908 739 1972 effice
769 1916 845 1972 ut
870 1908 1128 1971 interea
1154 1905 1298 1970 fera
1324 1928 1642 1970 moenera
1668 1907 1919 1971 militiai

421 2038 485 2085 30
548 2043 673 2108 per
700 2022 908 2085 maria
936 2042 1016 2085 ac
1045 2030 1263 2086 terras
1292 2022 1506 2085 omnis
1538 2021 1761 2106 sopita
1790 2022 2172 2106 quiescant:

550 2158 705 2201 nam
735 2147 809 2201 tu
839 2137 985 2200 sola
1011 2144 1210 2222 potes
1241 2135 1603 2221 tranquilla
1629 2157 1798 2221 pace
1826 2137 2056 2201 iuvare

546 2252 845 2317 mortalis
861 2300 876 2326 ‚
900 2251 1213 2336 quoniam
1238 2251 1395 2315 belli
1421 2250 1567 2314 fera
1594 2272 1910 2315 moenera
1937 2251 2213 2316 Mavors

548 2367 957 2453 armipotens
986 2366 1192 2450 regit,
1212 2366 1281 2428 in
1308 2366 1628 2450 gremium
1657 2367 1773 2450 qui
1800 2387 2003 2452 saepe
2034 2377 2218 2431 tuum
2248 2388 2321 2430 se

546 2481 737 2544 reicit
766 2488 1040 2544 aeterno
1074 2478 1378 2543 devictus
1406 2479 1684 2544 vulnere
1715 2481 1958 2545 amoris
1978 2529 1995 2553 ‚

419 2611 482 2656 35
551 2602 753 2679 atque
781 2594 875 2657 ita
906 2593 1305 2679 suspiciens,
1328 2594 1529 2657 tereti
1558 2595 1818 2659 cervice
1847 2604 2150 2680 reposta,

542 2709 761 2795 pascit
789 2729 1013 2772 amore
1044 2706 1280 2772 avidos
1298 2757 1314 2783 ‚
1336 2707 1601 2772 inhians
1628 2709 1697 2771 in
1725 2716 1824 2784 te,
1849 2707 2007 2785 dea,
2029 2710 2240 2775 visus·

549 2844 719 2907 eque
750 2831 865 2886 tuo
895 2821 1153 2908 pendet
1178 2822 1473 2908 resupini
1503 2823 1778 2908 spiritus
1809 2845 1957 2887 ore.

544 2937 725 3001 hunc
753 2944 858 3013 tu,
883 2935 1066 3011 diva,
1090 2944 1209 3001 tuo
1237 2937 1673 3001 recubantem
1702 2958 1990 3023 corpore
2019 2946 2255 3001 sancto

545 3053 790 3115 circum
818 3050 971 3115 fusa
1000 3072 1203 3137 super
1222 3100 1236 3127 ,
1261 3053 1486 3116 suavis
1516 3073 1603 3116 ex
1633 3074 1752 3116 ore
1781 3051 2110 3136 loquellas

415 3183 478 3229 4ο
542 3164 748 3229 funde
777 3174 1021 3252 petens
1049 3164 1382 3251 placidam
1410 3165 1730 3230 Romanis
1747 3214 1762 3241 ‚
1786 3166 2067 3240 incluta,
2090 3186 2352 3250 pacem:

544 3301 697 3344 nam
725 3300 946 3363 neque
973 3301 1100 3342 nos
1130 3300 1329 3364 agere
1357 3278 1490 3343 hoc
1519 3280 1760 3364 patriai
1790 3287 2093 3363 tempore
2121 3279 2348 3363 iniquo

542 3414 900 3477 possumus
929 3413 1146 3477 aequo
1178 3393 1396 3457 animo
1426 3414 1553 3455 nec
1583 3392 1852 3454 Memmi
1883 3392 2063 3455 clara
2093 3413 2398 3479 propago

540 3506 783 3570 talibus
812 3507 879 3569 in
908 3506 1111 3570 rebus
1140 3506 1469 3570 communi
1500 3504 1700 3570 desse
1732 3506 1956 3570 saluti.

1617 3670 1654 3709 ἡ

407 3865 475 3912 50
541 3848 729 3934 quod
758 3870 960 3934 super
990 3858 1127 3924 est,
1156 3868 1405 3912 vacuas
1434 3848 1614 3913 auris
1643 3848 2062 3934 animumque
2094 3871 2400 3936 sagacem

541 3972 869 4027 semotum
899 3985 940 4027 a
970 3964 1145 4027 curis
1175 3962 1419 4028 adhibe
1448 3983 1675 4028 veram
1705 3961 1793 4026 ad
1820 3965 2181 4040 rationem3

534 4276 597 4322 27
637 4270 893 4325 oralatum
931 4272 950 4341 ΙΙ
987 4277 1050 4324 32
1089 4288 1307 4324 monera
1340 4274 1360 4341 Η
1399 4276 1460 4323 33
1498 4272 1702 4341 regium
1739 4273 1791 4323 in
1819 4272 2180 4343 gremiumque
2215 4280 2235 4342 Η
2272 4279 2334 4324 35
2373 4274 2515 4325 ten-iti
2555 4276 2574 4341 ΙΙ
2613 4279 2675 4325 43
2715 4273 2768 4325 id

529 4368 648 4406 esse
692 4354 712 4422 Η
762 4359 997 4406 44-49
1024 4370 1181 4420 zu,
1204 4358 1533 4406 646—651.
1578 4356 1598 4424 ΙΙ
1649 4362 1712 4408 50
1749 4362 1808 4408 ut
1843 4372 2035 4409 vacuas
2083 4358 2103 4425 Η
2152 4357 2483 4427 animumque
2520 4373 2763 4427 sagacem

532 4443 746 4489 omma.
