3042 5192
639 456 775 524 154
1686 456 1812 525 IIII

437 647 563 694 1202
627 631 872 706 vinxit,
893 637 971 694 ut
998 630 1066 693 in
1093 629 1327 693 vinclis
1358 630 1817 695 communibus
1848 631 2316 695 excrucientur
2333 632 2365 693 Ρ

626 746 696 809 111
723 745 935 811 triviis
967 765 1165 829 quam
1194 764 1398 829 saepe
1428 764 1631 808 canes
1648 793 1665 820 ‚
1688 743 2037 809 discedere
2067 746 2328 810 aventis
2347 795 2362 814 ,

437 877 564 924 1210
630 859 881 924 divorsi
914 858 1156 946 cupide
1186 859 1457 924 summis
1488 880 1573 923 ex
1601 860 1834 924 viribu'
1865 859 2190 935 tendunt,
2226 836 2242 850 ’

436 992 564 1038 1204
629 997 831 1061 quom
858 976 1117 1039 interea
1143 973 1385 1038 validis
1414 972 1703 1038 Veneris
1734 974 2168 1060 compagibus
2196 974 2515 1041 haerent!

631 1089 816 1177 quod
843 1088 1146 1154 facerent
1172 1109 1534 1173 numquam
1551 1138 1567 1166 ,
1587 1090 1716 1153 nisi
1743 1097 1974 1153 mutua
2001 1089 2251 1175 gaudia
2279 1099 2562 1155 nossent
2577 1141 2592 1164 ,

629 1226 803 1291 quae
829 1206 1048 1269 iacere
1076 1204 1146 1267 in
1173 1203 1479 1268 fraudem
1507 1211 1794 1289 possent
1820 1205 2220 1291 vinctosque
2249 1212 2483 1271 tenere
2502 1256 2517 1269 .

628 1341 836 1407 quare
867 1320 1063 1383 etiam
1092 1325 1295 1403 atque
1326 1319 1555 1394 etiam,
1579 1326 1656 1383 ut
1687 1319 1840 1383 dico
1859 1368 1876 1395 ‚
1900 1327 2005 1384 est
2033 1322 2377 1385 communi’
2407 1320 2746 1406 voluptas,

707 1435 802 1499 Et
829 1432 1319 1499 commiscendo
1353 1455 1558 1518 quom
1588 1434 1835 1498 semine
1864 1433 2043 1498 forte
2071 1434 2242 1499 virili

624 1549 868 1614 femina
894 1550 1027 1614 vim
1054 1549 1218 1613 vicit
1245 1548 1467 1613 subita
1493 1549 1562 1613 vi
1592 1549 2050 1634 corripuitque
2068 1598 2084 1625 ,

436 1684 557 1729 1211
628 1673 769 1730 tum
798 1664 1042 1728 similes
1070 1671 1353 1728 matrum
1381 1671 1687 1728 materno
1717 1665 1965 1728 semine
1993 1665 2196 1739 fiunt,

626 1788 702 1844 ut
729 1780 1034 1865 patribus
1062 1780 1283 1865 patrio
1303 1827 1317 1842 .
1341 1777 1467 1843 sed
1495 1801 1670 1865 quos
1701 1780 2051 1865 utriusque
2080 1778 2332 1865 figurae

627 1917 776 1960 esse
804 1894 994 1959 vides
1012 1943 1029 1970 ‚
1049 1894 1282 1959 iuxtim
1310 1895 1670 1959 miscentes
1697 1894 1887 1959 vulta
1913 1901 2267 1979 parentum
2285 1943 2302 1968 ‚

626 2032 913 2097 corpore
945 2009 1030 2073 de
1057 2009 1276 2095 patrio
1309 2017 1379 2072 et
1405 2017 1707 2074 materno
1739 2009 2058 2096 sanguine
2087 2019 2404 2074 crescunt
2420 2059 2435 2084 ‚

436 2144 560 2189 1215
626 2126 878 2191 semina
906 2148 1055 2191 cum
1084 2124 1371 2188 Veneris
1401 2124 1684 2189 stimulis
1715 2125 1934 2189 excita
1960 2146 2083 2210 per
2112 2133 2300 2190 artus

627 2242 824 2306 obvia
854 2240 1154 2305 conflixit
1182 2240 1581 2325 conspirans
1610 2246 1879 2304 mutuus
1911 2238 2116 2304 ardor
2134 2288 2150 2316 ,

629 2365 697 2422 et
723 2329 1196 2441 neque'utrum
1224 2355 1571 2440 superavit
1600 2375 1830 2418 eorum
1857 2375 1985 2419 nec
2016 2363 2470 2440 superatumst
2488 2407 2501 2420 .

624 2472 700 2536 fit
729 2493 998 2557 quoque
1026 2478 1104 2534 ut
1128 2471 1305 2534 inter
1335 2468 1493 2534 dum
1521 2469 1766 2533 similes
1797 2470 2087 2534 existere
2117 2492 2394 2535 avorum

626 2587 892 2673 possint
920 2594 988 2650 et
1015 2585 1314 2650 referant
1340 2606 1749 2672 proavorum
1776 2605 1979 2669 saepe
2007 2584 2256 2671 figuras

434 2719 561 2766 1220
623 2708 987 2787 propterea.
1017 2700 1173 2786 quia.
1200 2700 1409 2764 multa
1434 2698 1653 2764 modis
1682 2698 2048 2784 primordia
2073 2699 2299 2764 multis

622 2816 831 2880 mixta
856 2838 979 2880 suo
1012 2815 1232 2880 celant
1258 2815 1328 2879 in
1358 2835 1644 2900 corpore
1675 2835 1877 2899 saepe
1905 2815 2203 2899 parentis
2221 2864 2238 2891 ‚

625 2951 795 3017 quae
823 2930 1127 3015 patribus
1156 2938 1387 3015 patres
1416 2927 1699 2993 tradunt
1726 2929 1811 2993 ab
1842 2930 2053 3015 stirpe
2080 2929 2418 3014 profecta:

620 3045 779 3110 inde
810 3044 1043 3110 Venus
1070 3045 1259 3111 varia
1285 3042 1604 3131 producit
1631 3051 1819 3109 sorte
1846 3043 2094 3130 figuras
2113 3093 2129 3121 ,

620 3162 1072 3246 maiorumque
1101 3159 1312 3225 refert
1337 3159 1566 3225 voltus
1593 3180 1934 3244 vocesque
1964 3180 2355 3245 comasque;

429 3295 556 3339 1225
624 3274 1172 3363 quandoquidem
1199 3274 1334 3339 nilo
1364 3274 1574 3360 magis
1602 3273 1775 3337 haec
1806 3271 1892 3336 de
1923 3274 2172 3338 semine
2201 3282 2390 3340 certo

620 3392 791 3456 fiunt
821 3412 1018 3476 quam
1048 3389 1255 3454 facies
1285 3397 1352 3453 et
1380 3410 1671 3474 corpora
1697 3389 2127 3473 membraque
2153 3389 2350 3454 nobis
2368 3438 2383 3460 ,

625 3513 693 3570 et
720 3505 1037 3569 muliebre
1068 3505 1280 3568 oritur
1307 3505 1528 3589 patrio
1560 3502 1647 3567 de
1678 3504 1926 3569 semine
1957 3503 2250 3568 saeclum
2269 3553 2285 3580 ,

620 3628 1061 3705 maternoque
1090 3641 1307 3684 mares
1338 3620 1636 3683 existunt
1665 3641 1951 3705 corpore
1981 3620 2149 3683 creti
2168 3668 2181 3681 .

621 3756 884 3822 semper
917 3735 1087 3799 enim
1115 3742 1356 3820 partus
1388 3733 1634 3820 duplici
1667 3732 1752 3797 de
1782 3734 2029 3798 semine
2060 3742 2358 3808 constat,

428 3867 555 3912 1230
620 3859 823 3936 atque
851 3851 986 3915 utri
1015 3850 1291 3915 similest
1316 3849 1527 3935 magis
1557 3848 1630 3912 id
1660 3848 1849 3934 quod
1880 3870 2163 3935 cumque
2194 3857 2461 3914 creatur
2480 3899 2495 3918 ,

623 3967 763 4031 eius
792 3967 1002 4031 habet
1028 3965 1180 4052 plus
1210 3972 1403 4050 parte
1434 3985 1686 4049 aequa;
1712 3964 1898 4050 quod
1928 3986 2204 4029 cernere
2233 3965 2454 4050 possis
2474 4013 2490 4038 ,

618 4082 759 4146 sive
788 4083 1002 4146 virum
1035 4080 1305 4144 suboles
1338 4081 1548 4144 sivest
1575 4079 1912 4143 muliebris
1944 4079 2166 4165 orig0.

629 4362 757 4410 1202
796 4355 949 4409 Vixit
999 4356 1019 4422 Η
1066 4356 1250 4408 vinciis
1298 4356 1319 4423 ΙΙ
1372 4362 1498 4408 1203
1538 4374 1656 4410 cum
1710 4355 1731 4422 ΙΙ
1786 4360 1915 4408 1209
1953 4355 2081 4408 uleit
2132 4355 2153 4422 ΙΙ
2205 4361 2334 4407 1212
2373 4354 2616 4424 partibus
2665 4355 2684 4420 ΙΙ
2723 4355 2836 4404 1220

624 4439 950 4495 multimodis
1011 4441 1031 4508 ΙΙ
1096 4445 1225 4492 1222
1265 4457 1295 4492 a
1348 4440 1368 4507 ΙΙ
1428 4445 1556 4492 1224
1608 4438 1748 4492 refer
1804 4439 1825 4505 ΙΙ
1889 4445 2016 4490 1225
2064 4437 2133 4490 de
2166 4445 2436 4493 ooniacum.
2496 4438 2517 4504 ΙΙ
2584 4443 2711 4490 1230
2745 4449 2837 4504 quo
