3042 5192
609 463 648 527 2
663 460 752 527 58
1670 457 1765 524 IV

608 655 852 698 vorsum
880 633 999 697 ead
1025 654 1209 718 quam
1240 632 1306 693 in
1338 639 1614 694 senatus
1645 630 1954 694 consulto
1987 629 2074 693 de
2103 630 2666 704 Bacchanalibus‚
2709 634 2820 697 scd

610 733 750 794 sine
782 730 1095 794 relativo,
2082 729 2089 735 '

774 829 913 892 818.
945 849 1093 890 Nos
1137 848 1787 890 suprnnrrnrun.
1818 826 2185 889 Brixiensis
2217 826 2421 890 editio
2452 851 2641 892 NON.

773 926 915 991 820.
945 926 1034 988 ΙΝ
1073 946 1434 988 ΜΛΝῐΒυε
1463 947 1801 987 viarum
1841 946 2183 988 FAC-rus.
2231 925 2307 987 In
2340 925 2668 1009 quadrato
2697 951 2821 991 vin

609 1047 740 1088 στι
782 1023 1034 1087 factum
1075 1021 1381 1087 radendo
1412 1070 1428 1094 ‚
1468 1043 1689 1106 neque
1733 1022 1925 1085 aliter
1964 1023 2115 1085 Itali
2158 1030 2227 1085 et
2264 1024 2634 1089 Marullus.
2680 1026 2818 1090 olim

609 1121 771 1186 editi
796 1124 893 1185 vir
920 1133 1025 1184 tun
1057 1128 1124 1184 et
1150 1124 1246 1183 vir
1274 1131 1446 1200 tune,
1480 1141 1653 1204 quos
1684 1120 2014 1182 Avantius
2044 1129 2317 1183 secutus
2347 1129 2485 1184 est.

774 1219 915 1283 826.
963 1219 1186 1297 Quoi)
1247 1240 1343 1280 NE
1403 1239 1775 1280 M1R13n1un
1812 1266 1823 1277 .
1886 1217 2102 1280 Huius
2148 1239 2387 1281 versus
2431 1240 2596 1283 vera
2638 1220 2819 1284 sedes

610 1339 783 1402 quae
814 1326 994 1381 esset
1038 1327 1381 1380 corrector
1413 1313 1726 1400 quadrati
1771 1316 2150 1379 annotavit.
2198 1316 2523 1381 Marullus
2568 1340 2817 1403 quoque

607 1416 809 1480 vidit.

776 1514 917 1578 822.
979 1514 1230 1576 [mun
1291 1533 1374 1573 IN
1432 1532 1569 1573 rus
1626 1531 1888 1573 luanus
1945 1532 2237 1574 vinum
2296 1533 2817 1576 vnnnmnurrn

609 1634 888 1676 INESSE
953 1610 1396 1673 Erruomaen
1429 1657 1444 1683 ‚
1524 1629 1845 1670 ERRORE
1918 1630 2464 1684 MULTAREQUE
2531 1633 2813 1673 parmi:-

606 1731 981 1774 'ronna-ER
1008 1759 1021 1771 .
1081 1705 1469 1785 Quadratus
1513 1698 1694 1769 Illud
1734 1706 1900 1768 initis
1955 1706 2134 1768 rehu-s·
2180 1707 2402 1770 vicium
2429 1757 2448 1787 ,
2507 1708 2815 1792 oblongus

593 1818 1090 1894 praemetuentur
1108 1854 1122 1867 .
1163 1804 1497 1867 Antonius
1528 1802 1725 1866 Marii
1766 1826 1976 1867 errore
2016 1805 2241 1867 multas
2281 1829 2399 1892 que
2427 1807 2811 1891 premeditat-

604 1918 705 1971 tur
733 1953 746 1967 .
800 1926 1179 1967 Ennonnm
1219 1903 1694 1975 v1rAREQuE
1742 1902 1975 1964 eximie
2023 1913 2369 1966 corrector
2412 1903 2717 1988 quadrati
2757 1913 2810 1966 ct

605 2003 935 2067 Avantius
955 2050 969 2065 .
1000 2012 1488 2086 prae-momente?-
1516 2008 1703 2063 recte
1748 2007 1974 2063 tuetur
2006 1999 2390 2064 Gronovius
2418 2001 2488 2063 in
2519 2003 2808 2065 observa·

605 2103 862 2166 tionum
902 2101 1055 2174 111‚5
1084 2099 1322 2186 p.463:
1367 2097 1491 2162 sed
1533 2097 1707 2161 idem
1738 2146 1754 2172 ‚
1813 2096 1997 2182 quod
2044 2098 2331 2162 orationi
2374 2101 2665 2163 membra
2709 2121 2809 2163 sua

602 2198 901 2263 nondum
934 2204 1249 2261 constant
1278 2198 1454 2280 (quis
1486 2197 1657 2259 enim
1688 2217 1837 2258 cum
1864 2193 2286 2258 WVakefieldo
2320 2195 2504 2259 dicat
2532 2199 2713 2261 inesse
2737 2199 2806 2260 ab

600 2300 844 2361 interest
869 2317 1008 2358 non
1038 2294 1302 2358 differre
1321 2294 1389 2378 P)
1409 2342 1424 2370 ‚
1467 2294 1781 2379 probavit
1806 2293 2179 2356 vehementer
2205 2295 2391 2357 inesto
2406 2343 2425 2374 7
2465 2294 2537 2357 id
2570 2303 2669 2358 est
2687 2346 2701 2370 ‚
2726 2297 2805 2358 in·

603 2396 749 2479 quit
766 2443 780 2468 ‚
811 2393 942 2456 hoc
974 2392 1092 2456 tibi
1119 2391 1521 2455 inculcatum
1542 2439 1557 2465 ‚
1584 2391 1719 2453 hoc
1748 2389 2021 2452 infixum
2049 2391 2167 2453 sit.
2200 2390 2324 2454 sed
2353 2391 2488 2455 hoc
2514 2396 2697 2458 inesto
2720 2395 2806 2456 tibi

600 2493 862 2580 effugere
889 2511 1130 2553 vereor
1158 2497 1237 2553 ut
1258 2489 1496 2552 Latine
1529 2487 1657 2551 dici
1686 2487 1937 2572 possit,
1969 2497 2036 2550 et
2060 2488 2443 2554 Gronovius
2471 2490 2544 2554 id
2568 2491 2801 2555 Marulli

599 2590 948 2651 inventum
992 2607 1140 2650 esse
1180 2586 1572 2672 ignorabat,
1616 2587 1729 2671 qui
1769 2587 1917 2672 ipse
1958 2586 2122 2670 quid
2163 2589 2461 2652 sentiens
2502 2591 2597 2654 ita
2623 2592 2801 2677 scrip-

602 2686 766 2749 serit
792 2705 931 2747 non
972 2706 1248 2769 possum
1280 2691 1464 2747 certo
1498 2683 1722 2748 dicere
1754 2707 1768 2746 ε
1806 2684 1967 2748 fecit
1996 2685 2167 2747 enim
2198 2686 2490 2774 Effieyere
2519 2713 2719 2753 errore
2742 2691 2800 2752 il-

600 2786 801 2848 lorum
829 2784 938 2869 qui
963 2783 1114 2845 haec
1129 2783 1693 2868 praemeditantur.
1724 2783 1853 2844 iam
1884 2784 1939 2844 si
1971 2783 2347 2866 quaerimus
2375 2785 2447 2848 id
2477 2786 2661 2871 quod
2687 2809 2798 2850 om·

602 2882 779 2945 nium
820 2880 1371 2967 simplicissimum
1417 2889 1523 2943 cst
1548 2929 1562 2956 ‚
1606 2879 1695 2943 ad
1741 2879 2203 2965 complendam
2245 2885 2641 2948 sententiam
2664 2884 2800 2948 nihil

600 2977 1168 3044 accommodatius
1197 2977 1575 3041 invenietur
1614 2999 1814 3061 quam
1853 2990 2081 3062 oportet
2111 3028 2125 3041 .
2173 2978 2306 3043 hoc
2348 2989 2574 3046 tamen
2601 3005 2797 3047 verum

601 3098 748 3140 esse
794 3098 930 3140 non
973 3084 1205 3163 potest
1233 3125 1247 3150 ‚
1305 3076 1460 3160 quia
1498 3076 1887 3140 Lucretium
1940 3078 2025 3141 ab
2078 3077 2210 3141 hoc
2254 3079 2465 3143 verbo
2509 3104 2647 3144 non
2683 3083 2798 3145 sine

601 3197 807 3239 causa
848 3175 1254 3239 abstinuisse
1309 3172 1912 3238 demonstravimus
1956 3174 2046 3236 ad
2095 3175 2335 3240 librum
2377 3179 2559 3250 1‚778
2585 3228 2600 3240 .
2648 3201 2797 3243 nunc

596 3284 920 3351 necessest,
975 3293 1108 3356 quo
1153 3279 1355 3358 poelta
1393 3271 1492 3335 uti
1534 3272 1747 3346 solet,
1798 3274 1882 3337 ab
1924 3275 2116 3338 inesse
2144 3283 2279 3338 tam
2319 3278 2556 3362 paucis
2595 3278 2797 3341 litteris

600 3368 809 3433 distat
830 3416 844 3441 ‚
891 3377 968 3432 ut
997 3370 1110 3433 vix
1142 3369 1456 3433 credibile
1504 3370 1592 3434 sit
1622 3369 1803 3433 aliud
1833 3372 2187 3456 quicquam
2226 3372 2337 3435 hic
2380 3374 2591 3438 latere
2616 3425 2631 3438 .
2659 3385 2721 3439 at
2744 3372 2798 3436 id

599 3488 838 3528 versus
869 3488 1007 3528 non
1037 3468 1320 3551 patitur.
1354 3465 1477 3530 sed
1507 3468 1801 3552 patietur
1821 3517 1837 3544 ‚
1878 3469 1934 3532 si
1962 3469 2129 3533 illud
2156 3471 2335 3535 rebus
2362 3472 2431 3534 in
2459 3472 2655 3536 finem
2676 3495 2797 3536 ver-

600 3585 716 3626 sus
737 3563 1083 3626 reiciemus
1101 3613 1115 3639 ,
1142 3585 1289 3628 cum
1310 3566 1618 3629 librarios
1654 3565 1979 3630 formulae
2000 3567 2438 3633 Lucretianae
2474 3572 2603 3634 iam
2638 3571 2795 3634 nimis

598 3660 923 3725 adsuetos
967 3661 1075 3724 hic
1121 3684 1392 3747 quoque
1421 3663 1595 3727 Illud
1632 3666 1697 3726 in
1740 3665 1833 3727 his
1872 3665 2052 3729 rebus
2094 3667 2525 3731 continuasse
2562 3691 2689 3732 non
2726 3669 2795 3730 sit

599 3759 967 3824 mirandum
984 3810 999 3824 .
1032 3762 1396 3825 scribemus
1425 3761 1626 3846 igitur
1650 3763 1818 3827 Illud
1844 3765 1909 3826 in
1937 3762 2031 3826 Ιιίε
2056 3767 2266 3828 vitium
2294 3779 2589 3831 vementer
2608 3767 2791 3829 nnnu'

596 3881 1053 3922 uncussnsr
1098 3859 1396 3946 Effuyere
1424 3909 1437 3922 .
1485 3859 1593 3922 his
1634 3859 2027 3925 simillimum
2066 3872 2171 3926 est
2205 3866 2272 3926 in
2313 3863 2514 3936 11‚581
2560 3863 2715 3928 Illud
2740 3865 2789 3925 in

597 3957 690 4019 his
731 3957 1105 4040 obsiynamm
1145 3979 1381 4042 quoque
1420 3958 1599 4021 rebus
1627 3958 1847 4023 habere
1883 3961 2199 4041 Convenit,
2231 3983 2451 4046 neque
2480 3962 2641 4025 haec
2680 3960 2785 4023 ‹lis-

595 4052 856 4124 similia‚
900 4053 968 4115 in
1015 4052 1249 4116 codem
1281 4054 1403 4118 216
1447 4055 1620 4119 Illud
1656 4057 1720 4119 in
1761 4056 1855 4120 leis
1897 4080 2133 4144 quoque
2169 4071 2223 4123 te
2260 4060 2441 4122 rebus
2478 4081 2785 4144 cayno-mre

597 4174 840 4214 avemus
865 4199 884 4230 ,
936 4159 1004 4214 et
1032 4151 1150 4215 891
1187 4152 1357 4216 Illud
1380 4154 1446 4216 in
1475 4153 1570 4216 leis
1596 4155 1784 4239 iyitur
1810 4157 1990 4219 rebus
2018 4160 2357 4222 maninisse
2384 4159 2639 4221 decebit.
2684 4152 2779 4219 sed

593 4249 660 4311 in
706 4249 839 4314 hoc
885 4249 1037 4313 loco
1078 4251 1287 4314 verba
1326 4250 1702 4314 restituisse
1744 4274 1884 4315 non
1915 4253 2208 4318 sufficit:
2257 4256 2458 4340 longe
2499 4255 2655 4318 enim
2692 4251 2776 4315 hic

595 4346 924 4411 difficilius
955 4355 1060 4412 est
1086 4370 1306 4412 rerum
1338 4347 1640 4412 ordinem
1680 4359 1749 4414 et
1790 4352 2206 4415 tractationis
2235 4354 2582 4418 universae
2609 4349 2773 4431 ratio·

593 4464 743 4506 nem
784 4447 1199 4531 perspicere.
1243 4468 1396 4510 nam
1438 4453 1641 4531 pocta
1685 4449 1969 4534 primum
2013 4450 2379 4515 simulacris
2410 4473 2633 4516 sensus
2657 4467 2767 4511 mo·
