3042 5192
79 1021 182 1066 1050

76 1595 185 1640 1055

79 2173 189 2218 1060

76 2745 189 2792 1065

78 3319 188 3367 1070

74 3891 182 3939 1075

1372 487 1402 554 1

242 659 599 746 principiis
630 680 851 723 rerum
881 659 1167 744 spatium
1197 666 1595 745 tempusque
1627 660 1802 747 fugai

242 774 470 860 largiri
488 823 506 848 ‚
532 782 616 838 ut
644 774 911 860 possint
941 794 981 836 a
1009 782 1205 838 coetu
1235 774 1445 839 libera
1473 774 1633 838 ferri
1653 825 1666 839 .

243 909 453 974 quare
488 889 696 953 etiam
727 896 932 974 atque
964 888 1160 953 etiam
1190 890 1478 954 suboriri
1505 890 1715 954 multa
1743 903 2116 969 necessest,
2161 898 2166 905 '

240 1014 307 1067 et
334 1013 575 1069 tamen
605 1012 682 1068 ut
708 1005 947 1092 plagae
979 1024 1249 1088 quoque
1278 1004 1544 1090 possint
1572 1015 1929 1094 suppetere
1959 1008 2178 1096 ipsae,

241 1119 501 1184 infinita
532 1142 712 1207 opus
743 1128 848 1182 est
875 1119 978 1182 vis
1008 1116 1305 1203 undique
1332 1119 1633 1183 materiai
1652 1169 1667 1184 .

322 1234 509 1297 Illud
538 1235 613 1298 in
640 1233 748 1298 his
778 1235 979 1299 rebus
1009 1234 1208 1319 longe
1236 1232 1393 1320 fuge
1423 1232 1701 1298 credere
1721 1284 1736 1307 ‚
1759 1235 2061 1312 Memmi,

242 1351 307 1412 in
336 1349 642 1414 medium
672 1370 963 1413 summae
995 1346 1181 1434 quod
1213 1347 1444 1413 dicunt
1474 1351 1695 1413 omnia
1723 1350 1877 1425 niti,

245 1472 453 1550 atque
481 1464 648 1529 ideo
678 1462 905 1527 mundi
935 1471 1241 1527 naturam
1273 1470 1454 1527 stare
1485 1465 1629 1527 sine
1657 1464 1808 1528 ullis

242 1579 484 1644 ictibus
517 1578 821 1643 externis
848 1599 1069 1663 neque
1102 1598 1441 1663 quoquam
1469 1600 1673 1665 posse
1701 1580 1948 1645 resolvi

248 1716 502 1759 summa
534 1702 743 1780 atque
776 1694 938 1769 ima,
964 1692 1151 1778 quod
1178 1694 1246 1756 in
1274 1692 1563 1757 medium
1592 1694 1726 1758 sint
1755 1695 1975 1758 omnia
2001 1697 2193 1773 nixa3

246 1811 457 1896 ipsum
495 1810 555 1874 si
586 1810 941 1894 quicquam
968 1828 1174 1895 posse
1202 1808 1270 1870 in
1302 1829 1375 1872 se
1406 1808 1644 1872 sistere
1675 1808 1954 1885 crediS‚'

250 1936 313 1990 et
342 1948 528 2011 quae
557 1922 868 2013 pondera
897 1931 1058 1988 sunt
1086 1923 1212 1987 sub
1241 1923 1441 1987 terris
1473 1924 1693 1987 omnia
1721 1946 1985 1989 sursum

246 2042 438 2105 nitier
472 2042 543 2105 in
574 2050 891 2124 terraque
921 2046 1106 2102 retro
1134 2038 1558 2121 requiescere
1586 2048 1790 2125 posta
1808 2088 1821 2102 .

246 2167 317 2220 ut
344 2178 473 2243 per
506 2176 720 2241 aquas
751 2174 927 2239 quae
955 2174 1132 2216 nunc
1159 2174 1379 2216 rerum
1410 2154 1764 2217 simulacra
1791 2153 2092 2219 videmus
2112 2205 2126 2225 ,

246 2271 529 2335 adsimili
560 2269 820 2334 ratione
851 2255 1153 2331 animalia
1182 2289 1402 2355 suppa
1429 2269 1661 2353 vagari

249 2385 705 2459 contendunt,
727 2404 947 2468 neque
974 2404 1179 2470 posse
1210 2403 1245 2446 e
1276 2384 1474 2448 terris
1502 2384 1572 2447 in
1599 2384 1750 2447 loca
1778 2384 1941 2449 caeli

247 2500 588 2566 reccidere
618 2499 933 2563 inferiora
958 2497 1169 2583 magis
1200 2518 1399 2582 quam
1429 2519 1718 2585 corpora
1745 2507 1984 2563 nostra

247 2626 491 2704 sponte
522 2636 648 2680 sua
674 2613 940 2702 possint
966 2612 1034 2676 in
1064 2612 1227 2675 caeli
1256 2613 1508 2700 templa
1534 2614 1799 2679 volare:

244 2731 331 2795 illi
361 2753 513 2795 cum
542 2729 821 2794 videant
847 2728 1055 2793 solem
1073 2776 1090 2803 ‚
1112 2749 1238 2791 nos
1268 2726 1490 2792 sidera
1517 2730 1735 2794 noctis

247 2867 519 2910 cernere
536 2895 552 2921 ‚
576 2853 649 2910 et
674 2844 951 2909 alternis
973 2843 1323 2907 nobiseum
1355 2852 1660 2930 tempora
1690 2843 1855 2907 caeli

249 2958 549 3024 dividere
579 2969 647 3024 et
673 2966 912 3023 noctes
941 2957 1167 3045 parilis
1197 2958 1449 3044 agitare
1481 2957 1718 3023 diebus
1738 3009 1751 3022 .

192 3130 210 3145 .
248 3073 374 3139 sed
402 3095 613 3138 vanus
642 3071 911 3137 stolidis
941 3073 1109 3137 haee

245 3190 531 3277 amplexi
560 3186 749 3275 quod
776 3187 1030 3252 habent
1057 3209 1228 3275 perv

242 3326 390 3369 nam
418 3304 714 3369 medium
743 3303 837 3367 nil
865 3325 1012 3368 esse
1040 3310 1272 3390 potest

245 3419 527 3485 infinita.
550 3436 774 3505 neque
804 3418 1069 3483 omnino
1090 3467 1106 3493 ‚
1129 3418 1187 3482 si
1214 3418 1342 3481 iam
1370 3416 1661 3481 medium
1691 3417 1778 3481 sit
1796 3466 1810 3488 ,

237 3535 455 3623 possit
482 3534 575 3598 ibi
607 3535 960 3620 quiequam
989 3532 1357 3598 consistere

241 3671 438 3736 quam
469 3649 708 3735 quavis
737 3649 866 3712 alio
894 3649 1094 3735 longe
1121 3648 1380 3712 ratione

242 3766 455 3829 omnis
487 3764 660 3828 enim
680 3746 878 3829 iocus
906 3786 987 3828 ac
1017 3763 1306 3851 spatium
1323 3810 1339 3837 ‚
1363 3760 1553 3847 quod
1579 3762 1775 3825 inane
1802 3781 2121 3825 vocamus
2139 3809 2154 3831 ,

237 3900 357 3966 per
384 3877 678 3943 medium
696 3927 713 3954 ‚
733 3900 857 3967 per
884 3900 1023 3944 non
1048 3875 1335 3942 medium
1352 3924 1370 3953 ‚
1393 3875 1768 3941 concedere
1799 3875 2004 3940 debet

237 4015 447 4080 aeque
478 3992 893 4082 ponderibus
909 4042 926 4070 ‚
953 4000 1174 4059 motus
1206 4012 1340 4078 qua
1370 4013 1652 4076 cumque
1679 3989 1988 4057 feruntur
2007 4038 2020 4053 .

2405 494 2494 561 37

244 4307 367 4354 1047
407 4300 741 4372 Principium
803 4300 824 4369 ΙΙ
885 4305 1009 4353 1061
1054 4299 1127 4353 Et
1149 4300 1303 4354 simili
1363 4303 1384 4371 ΙΙ
1449 4307 1581 4354 1068
1618 4297 1849 4354 stollidis
1911 4300 1931 4366 11
1996 4306 2120 4352 1071
2163 4299 2391 4370 denique
2446 4300 2468 4369 11

240 4382 465 4437 medium
490 4385 567 4438 sit
591 4391 807 4439 emim.
864 4383 887 4452 ΙΙ
944 4389 1075 4437 1073
1112 4383 1215 4437 alia
1267 4385 1287 4453 ΙΙ
1345 4391 1474 4440 1074
1513 4383 1658 4456 quod
1683 4384 1764 4437 in.
1820 4383 1840 4451 ΙΙ
1891 4399 2143 4437 vocamus
2168 4384 2466 4451 omissum]

244 4473 366 4521 1075
405 4466 573 4522 debet
610 4474 882 4524 ommam.
921 4467 942 4534 ιι
984 4473 1114 4520 1076
1150 4468 1354 4538 Aequis
