3042 5192
1299 474 1364 540 V
2315 473 2454 540 325)

225 660 292 716 et
309 649 529 715 Varro
555 649 879 727 Lucilius3
912 649 1098 712 euius
1122 649 1290 712 haee
1314 656 1473 712 sunt
1495 655 1860 736 praecepta
1879 697 1893 722 ‚
1911 672 2109 734 porro
2141 649 2280 723 hoe,
2292 648 2457 737 filiu'

233 751 419 826 Luci,
457 748 697 812 Feceris
723 750 747 810 i
774 749 969 812 solum
986 797 1003 827 ,
1033 758 1102 811 ut
1131 748 1369 811 Comeli
1399 747 1800 836 Cornificique
1815 794 1833 824 ‚
1873 747 2030 810 item
2061 750 2085 811 i
2110 750 2164 811 si-
2175 747 2335 835 saci’
2362 771 2458 812 so-

223 849 352 910 lum
369 895 386 925 ,
418 848 686 931 Papini,
705 847 926 931 pueri,
961 846 1170 908 Lucili
1185 893 1202 923 ,
1231 845 1344 908 hoc
1373 846 1697 933 unin’fiet.
1733 865 1938 929 quare
1970 867 2107 910 non
2138 845 2457 910 debemus

224 943 503 1008 eredere
534 944 856 1007 Lucilium
899 943 1028 1006 hos
1074 943 1478 1028 genetivosi
1522 941 1770 1030 duplici
1810 942 2142 1007 finiendos
2187 966 2458 1031 praece-

222 1044 404 1130 pisse
425 1092 440 1117 ‚
490 1044 791 1127 quamvis
824 1041 1186 1105 Caesellius
1216 1040 1492 1104 Vindex
1526 1040 1861 1126 quendam
1893 1043 2033 1105 eius
2061 1043 2459 1106 versiculum

222 1143 316 1206 ita
356 1141 785 1226 interpretari
829 1139 1139 1203 videatur
1180 1137 1362 1225 apud
1393 1139 1788 1203 Putschium
1833 1165 1896 1226 p.
1913 1141 2106 1215 2318,
2153 1162 2350 1226 quem
2393 1142 2458 1204 in

224 1240 631 1303 contrariam
660 1247 920 1325 partem
950 1245 1134 1301 reete
1164 1237 1500 1324 accipiunt
1530 1236 1720 1302 Beda
1750 1237 1992 1323 p.‘2373
2023 1246 2092 1302 et
2120 1239 2460 1303 Charisius

221 1339 416 1423 p.60.
474 1336 598 1401 sed
641 1338 710 1401 in
744 1337 1022 1400 Charisii
1084 1335 1317 1399 codice
1364 1335 1524 1420 quid
1569 1337 1690 1412 sit,
1750 1358 1887 1400 non
1926 1358 1967 1400 a
2004 1335 2461 1402 Lindemanno

223 1434 622 1499 discendum
669 1442 806 1506 est,
852 1433 974 1498 sed
1024 1456 1107 1497 ex
1150 1434 1444 1498 H.Keilii
1489 1435 1555 1497 in
1603 1433 1923 1498 Catonem
1971 1443 2039 1499 et
2085 1435 2461 1501 Varronem

223 1533 809 1597 observationibus
852 1533 1045 1619 p.96.
1092 1533 1321 1616 itaque
1350 1533 1850 1617 grammaticum
1892 1533 2058 1597 haee
2089 1533 2173 1597 de
2205 1534 2459 1600 Lucilio

221 1633 580 1719 scripsisse
623 1639 877 1695 certum
921 1640 1056 1705 est,
1114 1633 1478 1717 Numquam
1517 1633 1679 1696 euim
1719 1632 1832 1695 hoc
1874 1632 2168 1696 intulisset
2191 1682 2208 1712 ,
2249 1636 2370 1697 nisi
2411 1645 2467 1697 et

223 1731 602 1795 Numerium
634 1753 755 1815 per
782 1731 807 1792 i
835 1730 1014 1792 lmius·
1046 1730 1312 1793 Numeri
1333 1731 1699 1817 faciendum
1729 1732 1999 1794 crederet
2022 1756 2042 1793 .·
2086 1730 2318 1795 Lucilii
2349 1755 2461 1797 au-

221 1842 358 1893 tem
401 1851 668 1892 versum
710 1828 799 1892 ad
841 1828 1024 1891 hunc
1065 1827 1204 1891 fere
1235 1826 1505 1891 modum
1537 1850 1687 1892 eum
1716 1837 1939 1892 cetera
1970 1832 2273 1894 oratione
2305 1852 2461 1895 con-

221 1929 524 1991 iunctum
575 1927 781 1990 fuisse
837 1927 1177 2013 suspicor,
1214 1920 1597 2012 ‘'[memento]
1636 1928 1940 1991 Servandi
1978 1929 2248 1992 Numeri
2261 1933 2295 2010 ,'
2346 1953 2459 1993 nu-

219 2049 464 2090 merum
511 2037 580 2089 ut
623 2028 912 2089 servmnu’
960 2026 1326 2111 modumque
1341 2073 1360 2104 ,
1404 2024 1715 2109 [Dicimu'
1731 2051 1752 2087 .·
1800 2027 1966 2111 quod
2009 2027 2065 2088 si
2113 2028 2237 2090 alio
2274 2041 2463 2112 pacto

219 2148 443 2190 nomen
487 2136 845 2210 patermdur
888 2125 1106 2187 Versu-s·
1120 2171 1138 2201 ,
1193 2124 1480 2186 dixissem
1519 2117 1917 2186 ‘'servandmn-
1940 2135 2059 2186 tute
2100 2129 2426 2190 memento?
2420 2130 2468 2212 J

221 2232 524 2287 ceterum
566 2230 903 2286 extremae
943 2221 1360 2306 ignorantiae
1402 2229 1510 2284 est
1550 2244 1832 2306 proquam
1874 2223 2164 2305 Pompilii
2209 2222 2460 2286 Lucilio

221 2321 569 2406 adfingere
590 2370 605 2395 ,
638 2342 808 2406 quae
841 2320 1126 2383 debetur
1156 2319 1437 2383 librariis
1468 2318 1527 2381 N
1537 2319 1669 2381 onii
1700 2341 1763 2403 p.
1782 2318 1922 2393 255,
1944 2319 2050 2393 15,
2092 2341 2240 2383 cum
2268 2342 2461 2409 aper-

221 2431 368 2485 tum
400 2421 489 2484 sit
519 2426 788 2504 poetam
817 2419 1167 2505 scripsisse
1193 2418 1502 2502 Pero-repa
1523 2437 1801 2501 puqna‘m
1828 2418 2054 2503 Popilli
2072 2467 2089 2498 ,
2103 2418 2285 2504 facta
2317 2422 2460 2482 Cor-

220 2520 347 2583 neli
390 2542 578 2582 cane.-
616 2539 770 2581 nam
801 2518 890 2581 M.
911 2517 1234 2602 Popillius
1264 2516 1528 2579 Laenas
1574 2515 1829 2601 proelio
1857 2516 2079 2580 vietus
2120 2524 2225 2580 est
2254 2539 2294 2579 a
2324 2516 2461 2580 Nu-

218 2617 540 2681 mantinis
563 2638 738 2680 anno
764 2618 847 2680 ab
871 2617 1035 2680 urbe
1060 2614 1335 2679 condita
1357 2615 1508 2690 616,
1532 2615 1776 2678 bellum
1798 2613 2152 2678 Africanus
2177 2615 2465 2678 confecit

220 2717 388 2790 621,
427 2723 497 2779 et
541 2716 881 2800 pertinent
909 2714 999 2777 ad
1029 2713 1312 2777 eundem
1353 2714 1575 2777 locum
1615 2713 1685 2777 hi
1713 2735 1988 2785 verSUS,
2046 2712 2122 2776 Ue
2150 2715 2467 2777 Romanus·

210 2815 490 2901 populu-s·
515 2816 704 2878 victus
729 2816 791 2877 vi
819 2825 876 2876 et
899 2824 1222 2899 superatus
1239 2813 1497 2898 proelii-s·
1529 2811 1731 2896 Saepe
1760 2823 1846 2875 est
1870 2812 2072 2875 multis
2086 2860 2104 2890 ‚
2146 2812 2298 2876 bello
2325 2836 2466 2876 vero

221 2937 564 2999 nmnqumn
594 2962 609 2987 ‚
659 2914 723 2976 in
765 2935 883 2998 quo
920 2924 1062 2976 sunt
1098 2913 1305 2974 omnia
1331 2960 1349 2989 ‚
1407 2912 1698 2994 itemque
1738 2910 1842 2986 hi,
1902 2911 2125 2974 Contra
2145 2908 2463 2997 flayitimn

219 3023 474 3076 nostrae
513 3036 579 3074 re
621 3010 844 3096 (apud
871 3010 1163 3074 Nonium
1191 3032 1254 3094 p.
1282 3008 1416 3082 186,
1431 3007 1513 3071 30
1542 3009 1812 3092 nescire)
1854 3008 2007 3071 bello
2044 3009 2203 3070 vinci
2243 3032 2283 3070 a
2323 3009 2464 3071 bar-

222 3112 416 3190 baro,
464 3109 766 3188 11'iriatho,
815 3109 1205 3173 Hannibale.
1256 3105 1546 3190 denique
1577 3105 1896 3168 Italorum
1938 3105 2265 3168 sermonis
2295 3107 2362 3168 in
2393 3128 2465 3169 ro.

223 3231 384 3272 cum
412 3208 518 3271 his
548 3208 875 3292 genetivis
900 3206 1439 3271 coniunctissima
1468 3203 1695 3268 similis
1721 3202 2050 3287 quaedam
2073 3203 2465 3267 vicissitudo

221 3304 826 3393 praetermittenda
856 3326 992 3368 non
1023 3304 1179 3368 fuit.
1223 3302 1459 3366 horum
1494 3302 1665 3365 enim
1705 3300 2005 3388 plerique
2032 3300 2271 3376 hodie,
2318 3325 2465 3366 eum

218 3405 498 3469 studium
539 3403 777 3489 plurali
820 3425 1093 3466 numero
1138 3401 1422 3465 efferunt
1449 3450 1464 3476 ‚
1509 3402 1606 3464 ita
1643 3400 1959 3463 locuntur
2001 3409 2076 3463 ut
2120 3421 2192 3463 se
2234 3422 2467 3466 verum

224 3524 477 3567 sonum
503 3524 644 3566 non
673 3523 1115 3588 expressuros
1145 3508 1387 3587 putent
1407 3548 1422 3574 ‚
1453 3499 1576 3562 nisi
1602 3507 1718 3562 aut
1737 3499 2034 3582 studiant
2052 3500 2237 3561 studii
2258 3501 2467 3586 scrip-

223 3602 480 3666 serint:
526 3608 763 3664 contra
805 3609 1072 3664 veteres
1116 3600 1529 3684 seripserunt
1563 3598 1757 3675 studi,
1802 3617 2022 3681 neque
2050 3595 2364 3662 videntur
2391 3600 2466 3663 il-

223 3703 370 3766 lum
411 3700 823 3785 pinguiorem
869 3720 1106 3762 sonum
1147 3697 1448 3761 audisse.
1492 3703 1674 3759 certe
1703 3693 2072 3758 Petrareha
2098 3694 2166 3757 in
2197 3705 2467 3761 sonetto

231 3801 356 3864 166
397 3798 533 3861 hoe
565 3797 852 3861 medium
884 3798 1173 3861 collocat
1214 3795 1388 3859 inter
1430 3795 1558 3858 alia
1601 3814 1773 3879 quae
1801 3794 2102 3858 vocalem
2147 3804 2466 3860 extenua-

223 3909 374 3962 tam
401 3895 686 3971 habent,
728 3896 933 3959 claudi
963 3895 1130 3979 (hoc
1161 3901 1267 3957 est
1295 3894 1564 3978 claudis)
1603 3893 1765 3956 ,studi
1794 3893 1972 3956 crudi
2007 3893 2221 3977 iynudi
2239 3941 2252 3954 .
2292 3892 2468 3957 idem

223 3997 295 4059 in
341 3993 684 4078 triumpho
735 3994 966 4056 mortis
1011 3994 1148 4066 1‚62
1196 3993 1382 4078 paria
1434 3991 1627 4078 ponit
1668 4002 1732 4055 tu
1763 3992 1971 4076 guidi,
2021 3992 2067 4053 ti
2092 3991 2253 4078 fidi,
2303 3994 2472 4057 molti

206 4093 483 4182 fastidi,
527 4100 603 4155 ut
642 4091 975 4156 hodierno
1019 4114 1200 4156 more
1237 4092 1470 4178 fastidj
1504 4089 1632 4153 dici
1676 4111 1812 4153 non
1840 4087 2118 4152 debeat.
2174 4089 2471 4153 similiter

227 4194 500 4258 Dantes
544 4192 611 4253 in
657 4189 984 4254 Paradiso
1031 4191 1214 4266 v1,47
1259 4192 1416 4254 Deci
1456 4215 1487 4253 e
1519 4188 1712 4268 Fabi,
1754 4188 1987 4266 Arabi,
2030 4198 2094 4250 tu
2132 4187 2290 4261 labi,
2333 4209 2470 4250 non

235 4292 426 4375 Fabj.
480 4289 656 4352 idem
706 4290 969 4375 tripudi,
1019 4312 1157 4352 non
1208 4290 1471 4374 mpudj,
1522 4288 1589 4350 in
1642 4284 1872 4349 eadem
1924 4284 2230 4348 carminis
2280 4294 2472 4370 parte

225 4411 477 4463 xxvm,
508 4387 622 4451 124
654 4436 669 4462 ‚
744 4387 996 4451 scilieet
1069 4387 1492 4450 coniunctum
1567 4407 1714 4448 eum
1776 4383 2191 4446 tenuioribus
2248 4385 2474 4449 virtude'

228 4495 302 4550 et
335 4488 499 4550 ludi.
755 4521 788 4544 0
