3042 5192
49 924 148 970 11²0

48 1496 146 1541 1125

42 2068 146 2115 11³0

38 2641 141 2686 1135

34 3213 138 3262 1140

34 3786 132 3833 1115

1301 501 1364 569 II

201 686 271 742 ut
294 677 371 742 fit
394 677 518 741 ubi
548 677 690 740 nilo
719 677 852 740 iam
880 664 1033 761 plus
1065 682 1170 739 est
1200 674 1386 760 quod
1415 674 1616 740 datur
1642 677 1819 742 intra

201 792 411 857 vitalis
440 813 663 856 venas
695 811 896 876 quam
927 789 1113 876 quod
1140 789 1287 854 fluit
1314 790 1538 877 adque
1564 790 1824 857 recedit
1840 842 1854 856 .

203 907 501 971 omnibus
534 905 647 970 his
678 913 866 970 aetas
899 903 1103 970 debet
1131 905 1498 970 consistere
1528 907 1764 971 rebus:

198 1022 301 1085 hic
326 1029 581 1086 natura
609 1021 751 1085 suis
779 1019 1076 1084 refrenat
1102 1020 1355 1085 viribus
1384 1028 1652 1086 auctum
1670 1070 1685 1084 .

200 1157 343 1200 nam
371 1156 557 1221 quae
589 1155 879 1220 cumque
907 1133 1097 1199 vides
1125 1134 1340 1199 hilaro
1371 1134 1819 1221 grandescere
1849 1136 2140 1204 adauctu

199 1251 654 1336 paulatimque
683 1248 937 1337 gradus
968 1250 1205 1314 aetatis
1235 1248 1563 1314 scandere
1594 1249 1861 1317 adultae
1879 1303 1895 1329 ‚

200 1366 386 1450 plura
414 1367 553 1430 sibi
584 1364 949 1430 adsumunt
978 1386 1175 1450 quam
1206 1363 1290 1428 de
1322 1387 1396 1429 se
1429 1386 1718 1450 corpora
1744 1366 2018 1432 mittunt
2036 1418 2051 1443 ,

201 1478 348 1544 dum
374 1480 582 1545 facile
608 1481 680 1544 in
708 1501 917 1545 venas
945 1480 1132 1544 cibus
1162 1479 1376 1543 omnis
1403 1478 1658 1543 inditur
1674 1529 1689 1556 ‚
1714 1489 1781 1545 et
1808 1479 1966 1545 dum

198 1597 449 1660 nonita
479 1604 649 1661 sunt
676 1595 813 1660 late
843 1594 1150 1679 dispersa
1167 1644 1181 1669 ,
1203 1602 1281 1658 ut
1306 1595 1514 1658 multa
1541 1596 1881 1661 remittant

202 1719 265 1773 et
288 1710 437 1795 plus
470 1709 794 1797 dispendi
820 1708 1071 1775 faciant
1101 1730 1300 1794 quam
1327 1710 1622 1773 vescitur
1650 1717 1836 1774 aetas
1857 1760 1872 1775 .

202 1846 343 1889 nam
372 1833 563 1890 certe
592 1824 799 1889 fluere
829 1822 1051 1910 adque
1081 1823 1396 1888 recedere
1429 1844 1717 1910 corpora
1743 1826 1945 1891 rebus

200 1940 393 2004 multa
419 1962 664 2005 manus
696 1938 993 2003 dandum
1024 1948 1161 2004 est:
1184 1937 1308 2004 sed
1335 1938 1531 2025 plura
1559 1938 1883 2005 accedere
1912 1941 2162 2008 debent
2179 1993 2195 2019 ‚

200 2052 403 2119 donec
432 2054 778 2120 alescendi
806 2076 1130 2119 summum
1156 2055 1439 2140 tetigere
1470 2076 1786 2119 cacumen
1805 2105 1819 2118 .

197 2168 344 2234 inde
370 2171 752 2235 minutatim
780 2170 957 2234 vires
989 2176 1057 2233 et
1082 2169 1291 2234 robor
1320 2146 1623 2233 adultum

150 2335 163 2345 .
196 2282 437 2370 frangit
468 2296 538 2349 et
565 2287 633 2348 in
662 2293 920 2370 partem
948 2285 1242 2369 peiorem
1270 2284 1546 2370 liquitur
1574 2293 1795 2349 aetas.

198 2399 439 2485 quippe
473 2400 717 2464 etenim
747 2406 1002 2484 quanto
1036 2407 1143 2463 est
1168 2420 1280 2463 res
1310 2400 1623 2485 amplior,
1648 2396 1952 2487 augmine
1981 2401 2331 2543 adempto,

199 2521 263 2577 et
289 2535 423 2599 quo
454 2514 655 2580 latior
685 2522 823 2590 est,
845 2515 914 2578 in
944 2521 1222 2579 cunctas
1250 2513 1548 2600 undique
1575 2516 1788 2600 partis

197 2626 381 2713 plura
407 2628 616 2694 modo
647 2628 979 2716 dispargit
1010 2638 1078 2694 et
1106 2631 1193 2694 ab
1223 2651 1298 2694 se
1328 2651 1620 2714 corpora
1646 2630 1881 2708 mittit,

198 2763 316 2807 nec
342 2742 534 2808 facile
563 2744 632 2808 in
662 2766 872 2809 venas
904 2744 1092 2810 cibus
1124 2745 1336 2809 omnis
1368 2743 1621 2808 diditur
1650 2745 1743 2821 ei,

196 2879 315 2921 nec
343 2859 506 2924 satis
537 2866 643 2924 est
660 2908 676 2935 ‚
696 2882 823 2945 pro
855 2881 1053 2945 quam
1082 2860 1307 2946 largos
1339 2867 1689 2924 exaestuat
1716 2868 1941 2927 aestus
1959 2910 1975 2939 ,

192 2972 368 3037 unde
397 2982 604 3061 queat
632 2984 892 3039 tantum
921 2975 1210 3039 suboriri
1239 2996 1319 3039 ac
1348 2973 1786 3061 subpeditare
1803 3025 1817 3039 .

190 3087 327 3152 iure
354 3090 558 3176 igitur
584 3098 870 3176 pereunt
886 3139 901 3166 ‚
933 3112 1082 3154 cum
1108 3089 1441 3155 rarefacta
1468 3088 1740 3154 fluendo

196 3212 349 3269 sunt
377 3214 445 3269 et
471 3227 623 3270 cum
653 3205 947 3271 externis
977 3206 1421 3271 succumbunt
1450 3205 1669 3270 omnia
1694 3204 1946 3292 plagis;

194 3318 730 3407 quandoquidem
758 3320 999 3407 grandi
1027 3321 1215 3386 cibus
1246 3342 1412 3385 aevo
1444 3319 1734 3405 denique
1764 3320 1926 3386 defit
1943 3370 1958 3397 ,

190 3454 306 3498 nec
334 3434 698 3500 tuditantia
724 3457 863 3500 rem
894 3446 1162 3502 cessant
1193 3436 1610 3500 extrinsecus
1637 3436 1836 3500 ullam

188 3568 463 3635 corpora
493 3550 825 3615 conficere
854 3558 924 3617 et
947 3552 1167 3638 plagis
1201 3550 1447 3616 infesta
1476 3548 1749 3616 domare
1769 3601 1782 3615 .

265 3663 371 3729 Sic
398 3666 606 3751 igitur
632 3667 857 3751 magni
886 3688 1158 3752 quoque
1189 3668 1436 3730 circum
1464 3667 1725 3730 moenia
1751 3665 1982 3730 mundi

186 3788 562 3866 expugnata
590 3779 850 3845 dabunt
877 3779 1095 3845 labem
1122 3782 1473 3867 putrisque
1503 3782 1766 3846 ruinas:

185 3894 391 3958 omnia
422 3894 629 3959 debet
660 3896 832 3958 enim
861 3894 1048 3960 cibus
1076 3896 1415 3982 integrare
1442 3894 1761 3959 novando

185 4016 249 4069 et
275 4006 501 4074 fulcire
532 4010 721 4074 cibus
740 4059 756 4087 ‚
780 4010 968 4075 cibus
998 4012 1218 4076 omnia
1246 4019 1628 4075 sustentare
1647 4060 1663 4086 ‚

184 4142 261 4184 ne
291 4124 603 4210 quiquam
621 4174 638 4200 ‚
664 4125 978 4210 quoniam
1006 4147 1131 4190 nec
1158 4148 1369 4191 venae
1398 4126 1864 4212 perpetiuntur

2350 507 2440 574 77

784 4335 809 4360 .

192 4402 311 4450 1122
344 4400 476 4454 hilar
516 4402 536 4471 Η
578 4409 709 4456 1124
747 4422 874 4457 cora
910 4402 932 4473 n
973 4410 1102 4457 1129
1140 4404 1323 4458 debet.
1359 4405 1381 4473 ΙΙ
1426 4410 1555 4456 1135
1593 4421 1623 4456 a
1647 4421 1706 4457 se
1744 4406 1765 4473 n
1806 4409 1935 4456 1136
1965 4402 2175 4458 deditur
2211 4406 2232 4474 u
2275 4411 2404 4458 1138

187 4492 365 4550 queunt
400 4487 422 4553 ΙΙ
461 4493 591 4540 1145
629 4490 806 4558 putris
842 4489 865 4557 ΙΙ
907 4495 1035 4543 1047
1074 4490 1225 4542 cibus
1260 4491 1430 4544 smel.
1470 4488 1491 4557 ΙΙ
1534 4493 1663 4541 1148
1701 4488 1818 4541 Nec
