3042 5192
1287 465 1415 533 1111
2325 473 2460 541 125

209 643 325 706 fiet
352 643 456 706 ita
473 690 491 715 ,
516 647 677 706 ante
709 639 946 704 oculus
974 638 1178 704 fuerit
1206 638 1321 724 qui
1350 637 1624 714 dexter,
1645 645 1724 702 ut
1751 637 1928 704 idem

86 776 163 821 ³25
212 778 393 821 nunc
423 757 521 820 sit
547 755 786 819 laevus
805 802 822 829 ,
845 761 915 818 et
943 774 980 818 e
1008 754 1202 818 laevo
1233 753 1322 817 sit
1347 760 1580 818 mutua
1610 751 1848 819 dexter
1866 804 1881 818 .

215 872 293 935 fit
322 889 609 956 quoque
640 867 728 933 de
758 867 1034 953 speculo
1064 868 1135 930 in
1164 867 1506 952 speculum
1535 875 1613 931 ut
1641 867 1949 933 tradatur
1976 870 2192 956 imago
2211 921 2227 946 ‚

220 987 523 1071 quinque
555 983 753 1048 etiam
785 990 902 1047 aut
927 1003 1052 1047 sex
1080 989 1159 1046 ut
1182 981 1327 1046 fieri
1356 981 1709 1046 simulacra
1737 983 1993 1049 suerint
2011 1034 2025 1048 .

216 1122 371 1164 nam
403 1119 583 1185 quae
619 1118 907 1182 cumque
934 1103 1119 1160 retro
1149 1104 1342 1180 parte
1369 1096 1686 1161 interiore
1714 1096 2020 1163 latebunt
2037 1148 2053 1174 ‚

222 1213 381 1278 inde
409 1220 642 1278 tamen
661 1260 676 1287 ‚
702 1211 1003 1296 quamvis
1032 1216 1214 1275 torte
1241 1211 1648 1296 penitusque
1676 1219 1932 1277 remota
1950 1262 1967 1288 ,

84 1346 165 1390 330
218 1328 443 1392 omnia
470 1346 600 1411 per
626 1324 841 1388 flexos
871 1323 1092 1388 aditus
1124 1323 1367 1390 educta
1394 1324 1622 1389 licebit

221 1442 535 1527 pluribus
564 1440 736 1505 haec
766 1438 1053 1524 speculis
1082 1438 1439 1504 videantur
1466 1440 1536 1504 in
1565 1438 1843 1505 aedibus
1876 1461 2025 1506 esse
2043 1492 2057 1505 .

216 1577 439 1642 usque
471 1554 648 1620 adeo
678 1553 952 1639 speculo
982 1554 1052 1617 in
1080 1553 1423 1640 speculum
1451 1553 1820 1618 translucet
1845 1556 2061 1642 imago
2082 1606 2098 1633 ,

225 1680 295 1733 et
324 1693 477 1734 cum
506 1670 699 1734 laeva
729 1667 889 1732 data
919 1676 1024 1733 est
1040 1717 1055 1744 ‚
1078 1669 1155 1733 fit
1181 1690 1410 1733 rusum
1438 1676 1517 1732 ut
1546 1667 1828 1734 dextera
1851 1669 1970 1735 fiat
1987 1720 2004 1746 ‚

222 1783 383 1848 inde
410 1792 597 1849 retro
624 1804 891 1848 rursum
918 1781 1098 1848 redit
1127 1791 1196 1848 et
1224 1783 1643 1848 convertitur
1671 1781 1908 1847 eodem
1925 1832 1940 1847 .

81 1915 168 1960 335
224 1899 389 1984 quin
420 1899 616 1963 etiam
647 1918 821 1984 quae
852 1918 1135 1982 cumque
1163 1897 1494 1964 latuscula
1521 1905 1681 1962 sunt
1708 1897 2130 1982 speculorum

223 2011 505 2077 adsimili
532 2012 762 2078 lateris
791 2011 1049 2076 flexura
1074 2011 1383 2098 praedita
1410 2014 1630 2077 nostri
1646 2059 1661 2088 ,

227 2126 512 2192 dextera
541 2149 621 2192 ea
646 2134 929 2213 propter
956 2128 1152 2192 nobis
1181 2127 1535 2192 simulacra
1561 2127 1909 2192 remittunt
1925 2177 1942 2203 ‚

225 2251 341 2305 aut
372 2242 530 2327 quia
559 2241 646 2305 de
676 2241 950 2326 speculo
980 2243 1049 2305 in
1080 2241 1421 2327 speculum
1450 2239 1852 2306 transfertur
1880 2242 2096 2329 imago
2117 2294 2134 2316 ,

224 2355 380 2420 inde
411 2355 501 2419 ad
530 2378 659 2421 nos
688 2355 849 2420 elisa
874 2356 979 2420 bis
1009 2355 1284 2421 advolat
1301 2405 1316 2434 ,
1340 2364 1458 2421 aut
1480 2356 1677 2420 etiam
1707 2355 1895 2440 quod

90 2487 174 2533 3⁴0
227 2471 477 2535 circum
506 2472 757 2557 agitur,
781 2492 929 2535 cum
956 2472 1174 2547 venit,
1195 2471 1414 2557 imago
1443 2478 1808 2556 propterea
1838 2471 2025 2557 quod

225 2585 399 2650 flexa
424 2586 643 2671 figura
672 2584 874 2650 docet
900 2585 1155 2671 speculi
1186 2585 1566 2649 convertier
1593 2583 1683 2650 ad
1709 2607 1837 2650 nos
1855 2636 1870 2650 .

224 2699 580 2786 indugredi
609 2722 816 2785 porro
845 2701 1096 2785 pariter
1126 2699 1477 2764 simulacra
1502 2697 1881 2787 pedemque

223 2835 481 2900 ponere
509 2815 854 2880 nobiscum
883 2813 1121 2878 credas
1150 2821 1545 2900 gestumque
1571 2814 1811 2879 imitari

222 2938 586 3016 propterea
616 2930 771 3016 quia
787 2978 804 3005 ,
828 2927 913 2992 de
943 2929 1200 3014 speculi
1231 2950 1366 3014 qua
1393 2935 1588 3013 parte
1615 2927 1900 2994 recedas
1917 2978 1934 3004 ‚

89 3059 175 3105 ³45
225 3045 544 3108 continuo
572 3051 914 3129 nequeunt
941 3043 1120 3108 illinc
1149 3043 1500 3108 simulacra
1524 3044 1807 3120 reverti3

228 3159 448 3223 omnia
478 3157 1020 3245 quandoquidem
1049 3159 1230 3244 cogit
1255 3164 1500 3224 natura
1527 3155 1766 3222 referri

224 3295 303 3337 ac
330 3273 585 3338 resilire
614 3274 697 3338 ab
726 3274 930 3338 rebus
962 3272 1052 3338 ad
1080 3294 1333 3359 aequos
1362 3271 1630 3337 reddita
1656 3270 1901 3336 flexus.

90 3401 176 3447 299
306 3387 681 3474 Splendida
707 3410 914 3473 porro
946 3388 1121 3452 oculi
1147 3387 1436 3474 fugitant
1461 3388 1814 3472 vitantque
1843 3388 2048 3452 tueri:

221 3502 322 3565 sol
350 3504 551 3566 etiam
581 3510 811 3567 caecat
827 3552 843 3578 ‚
867 3511 1105 3568 contra
1134 3503 1191 3567 si
1218 3502 1500 3567 tendere
1528 3522 1771 3587 pergas
1791 3551 1806 3576 ,

220 3625 587 3703 propterea
615 3617 771 3702 quia
797 3617 899 3682 vis
928 3625 1238 3704 magnast
1263 3617 1471 3702 ipsius
1492 3666 1507 3693 ‚
1532 3624 1599 3680 et
1626 3616 1760 3680 alte

220 3736 373 3795 αξη
401 3753 527 3818 per
554 3752 795 3817 purum
823 3732 1119 3818 graviter
1149 3733 1497 3797 simulacra
1523 3731 1831 3795 feruntur

220 3855 287 3910 et
313 3844 567 3911 feriunt
598 3847 829 3911 oculos
847 3895 863 3922 ‚
885 3848 1224 3912 turbantia
1253 3847 1740 3933 composituras
1761 3894 1775 3908 .

218 3969 571 4045 praeterea
598 3959 921 4046 splendor
952 3962 1067 4047 qui
1096 3983 1378 4048 cumque
1410 3969 1514 4026 est
1544 3981 1697 4024 acer
1729 3957 1953 4025 adurit

92 4085 175 4131 305
221 4096 416 4161 saepe
449 4075 685 4140 oculos
716 4074 869 4141 ideo
902 4076 1090 4162 quod
1119 4077 1370 4143 semina
1395 4074 1704 4162 possidet
1730 4076 1903 4161 ignis

225 4353 316 4401 324
352 4349 476 4402 fiet
512 4359 573 4403 ut
621 4351 643 4420 ΙΙ
690 4357 787 4405 327
824 4361 917 4407 aut
950 4363 1217 4411 maios-mn.
1277 4358 1297 4426 ΙΙ
1344 4361 1442 4409 328
1476 4355 1689 4409 latebit.
1739 4356 1761 4423 ΙΙ
1821 4360 1918 4407 334
1956 4355 2221 4406 convertit
2278 4355 2298 4419 ΙΙ
2349 4358 2443 4404 341

226 4430 413 4487 Flexea
451 4434 474 4502 ΙΙ
512 4441 613 4490 304
649 4443 799 4490 tacet·
824 4437 1062 4492 trdurit.
