3042 5192
1357 495 1389 561 I

239 671 330 735 sic
358 670 531 734 alias
563 668 712 732 aliis
741 666 945 731 rebus
973 668 1291 732 mutarier
1320 669 1536 732 omnis
1553 668 1587 730 Ρ
1639 658 1644 667 “

307 780 420 849 ‘At
450 782 817 863 manifesta
845 782 1065 868 palam
1094 803 1207 845 res
1235 781 1503 847 indicat’
1531 784 1755 868 inquis
1779 777 1876 847 ‘in
1909 804 2107 848 auras

237 900 404 963 aeris
437 921 474 962 e
508 907 699 961 terra
725 918 837 962 res
868 898 1082 961 omnis
1113 918 1417 963 crescere
1446 898 1703 984 alique:

106 1034 188 1077 805
240 1025 303 1078 et
329 1014 459 1077 nisi
490 1020 868 1098 tempestas
895 1010 1204 1098 indulget
1232 1020 1534 1098 tempore
1563 1011 1790 1077 fausto

105 1147 184 1193 ⁸07
239 1129 471 1213 solque
504 1148 635 1191 sua
664 1148 792 1213 pro
823 1135 1015 1213 parte
1044 1127 1233 1192 fovet
1260 1127 1627 1212 tribuitque
1657 1128 1945 1191 calorem
1965 1179 1979 1203 ,

108 1261 190 1306 soe
238 1244 559 1307 imbribus
594 1251 665 1306 et
694 1242 852 1305 tabe
880 1241 1255 1311 nimborum
1283 1243 1593 1307 ambusta
1618 1242 1963 1320 vacillent,

108 1376 191 1421 :308
240 1379 545 1422 crescere
575 1378 717 1421 non
746 1357 1011 1443 possint
1036 1355 1265 1442 fruges
1295 1358 1574 1421 arbusta
1602 1358 1951 1422 animantis
1973 1363 2003 1421 .’

238 1474 485 1538 scilicet
502 1523 521 1548 ‚
548 1480 621 1537 et
648 1471 779 1536 nisi
804 1493 933 1536 nos
963 1472 1152 1536 cibus
1182 1470 1412 1536 aridus
1442 1481 1511 1536 et
1539 1481 1730 1536 tener
1759 1494 1953 1537 umor

108 1606 189 1651 310
237 1587 505 1652 adiuvet
523 1637 541 1663 ‚
567 1587 817 1651 amisso
846 1587 973 1650 iam
1004 1607 1291 1673 corpore
1319 1586 1458 1651 vita
1488 1608 1760 1673 quoque
1790 1589 2004 1652 omnis

246 1703 550 1766 omnibus
584 1724 620 1765 e
650 1702 875 1765 nervis
906 1709 1109 1786 atque
1139 1702 1405 1766 ossibus
1436 1703 1859 1767 exsoluatur:

246 1817 624 1881 adiutamur
655 1817 828 1880 enim
858 1815 1063 1880 dubio
1093 1816 1332 1902 procul
1361 1824 1564 1901 atque
1595 1817 1828 1881 alimur
1856 1841 1982 1882 nos

247 1933 438 1996 certis
468 1932 561 1995 ab
593 1931 830 2006 rebus,
854 1931 1055 1996 certis
1087 1931 1253 1995 aliae
1284 1939 1487 2016 atque
1518 1931 1686 1995 aliae
1714 1954 1825 1997 res
1845 1984 1858 1996 .

245 2048 307 2110 ni
334 2048 577 2111 mirum
596 2095 612 2121 ‚
635 2047 793 2131 quia
818 2047 1027 2110 multa
1055 2045 1277 2110 modis
1304 2046 1675 2110 communia
1702 2047 1926 2111 multis

110 2180 195 2224 315
242 2163 598 2227 multarum
624 2181 844 2224 rerum
874 2162 942 2224 in
969 2161 1172 2225 rebus
1200 2160 1566 2247 primordia
1592 2162 1801 2225 mixta

244 2286 426 2352 sunt,
448 2275 613 2340 ideo
643 2275 846 2340 variis
873 2276 1099 2339 variae
1127 2296 1238 2340 res
1268 2276 1471 2339 rebus
1502 2276 1804 2340 aluntur.

243 2400 443 2477 atque
479 2390 714 2454 eadem
741 2391 961 2476 magni
988 2390 1198 2454 refert
1226 2390 1596 2475 primordia
1624 2412 1826 2477 saepe

246 2528 385 2570 cum
418 2506 671 2592 quibus
700 2513 769 2568 et
800 2505 978 2589 quali
1006 2506 1312 2591 positura
1340 2506 1808 2570 contineantur

246 2636 311 2686 et
340 2642 518 2707 quos
546 2620 723 2683 inter
753 2640 827 2683 se
859 2618 1025 2683 dent
1052 2628 1277 2685 motus
1307 2621 1804 2707 accipiantque:

106 2752 192 2798 ⁸20
244 2756 527 2821 namque
558 2732 791 2798 eadem
819 2736 1074 2799 caelum
1100 2756 1286 2799 mare
1318 2743 1534 2800 terras
1564 2735 1832 2801 flumina
1862 2739 2068 2801 solem

248 2852 667 2915 constituunt
684 2899 701 2925 ‚
724 2849 958 2913 eadem
987 2849 1215 2936 fruges
1245 2851 1522 2915 arbusta
1551 2852 1903 2916 animantis
1921 2902 1937 2927 ‚

244 2986 477 3028 verum
505 2964 646 3029 aliis
678 2964 944 3051 alioque
973 2963 1177 3029 modo
1208 2965 1566 3030 commixta
1593 2976 1947 3031 moventur
1967 3017 1980 3028 .

248 3080 409 3165 quin
440 3081 633 3143 etiam
668 3080 917 3167 passim
944 3080 1194 3144 nostris
1222 3081 1290 3143 in
1318 3081 1625 3145 versibus
1654 3081 1818 3167 ipsis

248 3195 453 3260 multa
480 3195 810 3259 elementa
834 3193 1028 3259 vides
1057 3195 1282 3260 multis
1313 3196 1686 3259 communia
1713 3196 1938 3261 verbis
1956 3245 1971 3271 ‚

106 3326 194 3371 325
244 3330 391 3374 cum
418 3318 647 3374 tamen
676 3310 853 3374 inter
884 3331 957 3373 se
986 3331 1223 3375 versus
1253 3333 1334 3375 ac
1361 3312 1574 3377 verba
1601 3319 1945 3375 necessest

246 3425 607 3489 confiteare
637 3431 707 3488 ct
731 3445 806 3487 re
837 3433 907 3489 et
936 3425 1161 3490 sonitu
1192 3424 1446 3489 dista-re
1477 3426 1742 3491 sonanti
1764 3476 1777 3490 .

242 3548 503 3604 tantum
533 3538 862 3603 elementa
892 3548 1147 3624 queunt
1174 3547 1555 3626 permutato
1588 3539 1824 3605 ordine
1853 3541 2033 3605 solo:

242 3662 312 3718 at
339 3676 566 3719 rerum
597 3675 769 3739 quae
799 3661 959 3718 sunt
985 3652 1351 3740 primordia
1368 3703 1383 3731 ,
1405 3655 1602 3741 plura
1630 3654 1953 3720 adhibere

242 3777 534 3854 possunt
562 3767 743 3832 unde
774 3776 1027 3855 queant
1053 3770 1278 3834 variae
1307 3790 1418 3833 res
1450 3791 1758 3855 quaeque
1789 3772 2035 3834 creari.

102 3896 189 3944 830
323 3883 523 3948 Nunc
552 3891 630 3947 ut
658 3883 1103 3970 Anaxagorae
1134 3892 1504 3949 scrutemur
1533 3884 2070 3949 homoeomerian

241 4018 439 4083 quam
472 3998 638 4062 Grai
668 4005 1040 4064 memorant
1066 4020 1193 4063 nec
1223 4007 1459 4063 nostra
1488 3998 1715 4064 dicere
1743 4000 1968 4085 lingua

239 4112 556 4177 concedit
584 4114 781 4178 nobis
810 4114 1011 4200 patrii
1041 4114 1365 4178 sermonis
1397 4121 1663 4199 egestas
1681 4163 1696 4191 ,

242 4226 363 4290 sed
392 4238 619 4294 tamen
648 4230 862 4315 ipsam
890 4251 1032 4294 rem
1061 4229 1323 4294 facilest
1353 4249 1692 4314 exponere
1721 4230 1944 4295 verbis
1963 4278 1979 4304 ‚

252 4474 347 4520 806
372 4470 593 4524 arbusta
628 4472 651 4541 ΙΙ
690 4479 789 4524 814
814 4472 1139 4526 multimodis
1179 4475 1201 4541 ΙΙ
1238 4480 1335 4525 824
1362 4473 1543 4527 bellis.
1580 4474 1600 4542 ΙΙ
1642 4479 1740 4526 830
1768 4483 1818 4525 et

2394 497 2484 563 29
