3042 5192
112 895 180 942 240

107 1467 177 1512 245

97 3184 167 3232 260

96 3757 165 3801 255

1281 474 1352 541 V

231 650 422 715 omnia
447 650 674 713 nativo
705 669 785 712 ac
813 648 1078 713 mortali
1109 670 1396 734 corpore
1427 657 1777 726 constant,

225 763 399 830 debet
426 763 663 829 eodem
695 764 906 828 omnis
934 761 1166 827 mundi
1191 771 1433 828 natura
1458 766 1716 849 putari.

223 879 440 965 quippe
470 879 710 942 etenim
731 928 747 955 ,
772 900 1057 963 quorum
1083 878 1298 964 partis
1330 886 1398 943 et
1423 881 1723 945 membra
1749 880 2052 948 videmus

224 1016 476 1079 corpore
505 994 736 1058 nativo
768 1015 847 1057 ac
874 993 1266 1059 mortalibus
1297 1015 1446 1060 esse
1475 995 1705 1082 figuris
1723 1045 1739 1073 ,

222 1107 362 1172 haec
389 1107 612 1173 eadem
643 1108 854 1172 ferme
882 1108 1189 1172 mortalia
1217 1110 1545 1174 cernimus
1578 1132 1726 1175 esse

224 1229 280 1285 et
302 1224 515 1287 nativa
543 1223 739 1287 simul
757 1273 770 1287 .
798 1244 932 1307 qua
958 1231 1244 1309 propter
1271 1225 1558 1289 maxima
1585 1225 1815 1289 mundi

221 1357 347 1400 cum
371 1337 624 1403 videam
652 1338 951 1402 membra
979 1358 1060 1401 ac
1085 1339 1299 1423 partis
1330 1347 1730 1425 consumpta
1758 1342 2010 1428 regigni
2030 1391 2044 1416 ‚

220 1452 367 1516 scire
392 1453 542 1517 licet
571 1453 738 1517 caeli
769 1473 1040 1538 quoque
1065 1452 1226 1516 item
1255 1460 1613 1539 terraeque
1640 1453 1848 1518 fuisse

218 1567 567 1654 principiale
598 1566 878 1653 aliquod
905 1575 1168 1653 tempus
1199 1566 1591 1653 clademque
1617 1567 1941 1634 futuram.

285 1680 444 1746 Illud
469 1684 536 1746 in
560 1683 670 1747 his
699 1683 904 1746 rebus
929 1703 1018 1745 ne
1050 1683 1452 1770 corripuisse
1480 1684 1691 1748 rearis

219 1815 306 1857 me
331 1797 471 1860 mihi
488 1846 504 1874 ,
527 1795 715 1883 quod
744 1804 991 1862 terram
1020 1805 1225 1883 atque
1253 1798 1477 1884 ignem
1503 1799 1812 1863 mortalia
1839 1802 2090 1887 sumpsi

221 1931 378 1987 esse,
398 1933 606 1997 neque
635 1933 938 1977 umorem
966 1911 1265 1978 dubitavi
1294 1934 1629 1999 aurasque
1659 1914 1878 2001 perire
1897 1964 1912 1990 ‚

217 2032 393 2110 atque
422 2025 645 2090 eadem
675 2027 859 2113 gigni
887 2049 1255 2113 rursusque
1286 2049 1649 2115 augescere
1679 2028 1817 2093 dixi
1834 2078 1850 2106 ‚

216 2139 504 2227 principio
531 2163 699 2228 pars
730 2142 935 2206 terrai
960 2164 1098 2205 non
1126 2143 1310 2207 nulla
1326 2192 1342 2220 ‚
1366 2151 1646 2229 perusta

215 2254 435 2318 solibus
460 2254 764 2321 adsiduis
782 2305 799 2332 ‚
819 2256 1026 2321 multa
1052 2258 1320 2345 pulsata
1347 2258 1598 2345 pedum
1624 2260 1691 2323 vi
1709 2309 1724 2336 ‚

212 2369 471 2454 pulveris
499 2371 776 2436 exhalat
800 2372 1110 2437 nebulam
1136 2375 1486 2460 nubesque
1514 2372 1804 2440 volantis
1823 2425 1837 2450 ‚

216 2505 358 2569 quas
382 2485 580 2551 validi
607 2494 762 2552 toto
797 2484 1192 2573 dispergunt
1219 2494 1374 2554 aere
1401 2489 1586 2554 venti
1606 2538 1619 2552 .

124 2614 170 2658 55
212 2619 348 2685 pars
374 2602 561 2665 etiam
592 2601 941 2687 glebarum
971 2601 1061 2666 ad
1091 2601 1404 2667 diluviem
1430 2611 1789 2668 revocatur

212 2713 496 2781 imbribus
513 2765 530 2792 ‚
552 2725 621 2781 et
647 2717 837 2804 ripas
865 2716 1173 2782 radentia
1201 2717 1469 2781 flumina
1495 2705 1775 2783 rodunt.

210 2836 529 2915 praeterea
554 2853 686 2917 pro
716 2838 910 2918 parte
940 2853 1095 2908 sua,
1119 2831 1304 2917 quod
1337 2853 1622 2917 cumque
1653 2833 1788 2896 alid
1818 2843 2020 2920 auget
2039 2884 2054 2911 ‚

210 2942 511 3008 redditur:
535 2951 603 3008 et
634 2945 954 3029 quoniam
984 2944 1187 3011 dubio
1216 2947 1454 3031 procul
1483 2967 1634 3010 esse
1661 2945 1929 3012 videtur

212 3059 600 3145 omniparens
632 3058 872 3123 eadem
899 3081 1122 3124 rerum
1151 3082 1496 3124 commune
1527 3061 1902 3148 sepulcrum
1923 3112 1939 3138 ‚

210 3192 345 3258 ergo
371 3181 545 3238 terra
570 3174 697 3239 tibi
726 3174 973 3239 libatur
1004 3182 1073 3239 et
1101 3181 1300 3239 aucta
1327 3175 1648 3239 recrescit
1666 3224 1679 3238 .

278 3285 462 3367 Quod
488 3310 699 3377 super
732 3296 868 3366 est,
889 3311 1123 3355 umore
1150 3311 1331 3354 novo
1361 3311 1543 3353 mare
1572 3288 1840 3354 flumina
1866 3288 2090 3356 fontes

209 3422 439 3490 semper
467 3402 819 3470 abundare
847 3410 916 3468 et
941 3403 1174 3468 latices
1200 3423 1471 3468 manare
1500 3404 1815 3490 perennis

208 3516 285 3580 nil
309 3540 469 3605 opus
499 3527 606 3584 est
632 3518 895 3583 verbis:
917 3539 1199 3604 magnus
1232 3518 1557 3583 decursus
1588 3539 1912 3603 aquarum

207 3629 471 3719 undique
502 3634 810 3699 declarat
826 3682 839 3696 .
865 3632 990 3697 sed
1016 3632 1299 3719 primum
1330 3631 1648 3719 quicquid
1678 3635 1876 3718 aquai

206 3745 465 3824 tollitur,
484 3750 555 3812 in
586 3769 979 3833 summaque
1007 3748 1082 3812 fit
1108 3755 1188 3813 ut
1212 3748 1305 3812 nil
1333 3770 1526 3813 umor
1556 3746 1854 3836 abundet
1872 3797 1888 3824 ‚

206 3862 421 3944 partim
449 3861 640 3949 quod
666 3861 873 3926 validi
898 3868 1246 3927 verrentes
1277 3882 1574 3947 aequora
1599 3863 1784 3926 venti

208 3971 555 4041 diminuunt
581 3975 929 4063 radiisque
957 3984 1271 4042 retexens
1301 3976 1637 4040 aetherius
1668 3976 1805 4052 sol,

209 4092 423 4171 partim
454 4090 648 4178 quod
678 4097 913 4179 supter
940 4113 1065 4180 per
1096 4100 1314 4157 terras
1348 4090 1601 4155 diditur
1633 4092 1878 4156 omnis:

208 4206 569 4287 percolatur
602 4206 777 4270 enim
802 4207 987 4272 virus
1006 4255 1022 4285 ,
1044 4214 1363 4294 retroque
1393 4214 1696 4271 remanat

216 4453 300 4502 239
335 4451 511 4506 eadem
552 4454 576 4522 ΙΙ
616 4461 711 4507 241
751 4454 987 4508 nativum
1022 4455 1045 4522 ΙΙ
1082 4461 1178 4508 245
1218 4453 1354 4507 idem
1394 4450 1417 4519 ΙΙ
1453 4458 1551 4505 251
1591 4449 1696 4504 ulla
1732 4451 1754 4520 ΙΙ
1791 4456 1889 4504 264
1926 4448 2179 4521 quidquid

2289 483 2424 552 165
