3042 5192
581 489 718 557 194
1656 482 1750 550 ΙΙΙ

580 662 907 740 Marullus
950 659 1186 744 addiyit
1204 683 1224 720 .·
1273 656 1613 721 Antonius
1631 703 1645 730 ‚
1698 656 2032 720 Avantius
2066 706 2081 730 ‚
2129 655 2510 741 Naugerius
2535 704 2551 731 ‚
2596 661 2810 744 auspic,

578 760 768 848 quod
798 758 1162 824 Lambinus
1204 756 1548 843 praesenti
1575 763 1883 841 tempore
1914 755 2161 841 accipit
2190 802 2203 817 .
2253 753 2473 819 eidem
2499 755 2810 822 Lambino

582 858 886 923 Gifanius
918 855 1244 921 adscribit
1273 875 1517 917 Ani-10
1537 876 1649 929 ιτ,
1682 852 1868 939 quod
1900 861 1969 917 et
1996 852 2107 916 hic
2135 852 2332 917 unice
2360 875 2593 918 verum
2624 863 2729 919 est
2754 865 2813 919 et

576 960 646 1023 in
674 977 879 1021 versu
906 954 1031 1020 853
1049 1002 1064 1017 .
1096 953 1403 1041 proxime
1432 959 1595 1017 ante
1626 951 1798 1015 haec
1820 952 2154 1036 oblongus
2177 975 2302 1016 esse
2321 975 2637 1038 soporem,
2666 974 2815 1039 qua·

579 1055 817 1119 dratus
858 1075 981 1117 esse
1008 1073 1273 1137 praemo
1305 1075 1326 1113 .·
1369 1071 1528 1113 mox
1554 1048 1732 1114 idem
1764 1048 2138 1135 quadratus
2181 1061 2327 1114 tunc
2352 1052 2470 1115 illa
2499 1074 2625 1137 per
2653 1064 2816 1131 arm,

579 1168 723 1218 tum
741 1150 999 1214 motibus
1017 1159 1262 1213 emant
1274 1196 1292 1227 ,
1325 1145 1572 1210 deinde
1595 1148 1808 1212 turbem
1830 1148 2113 1212 distectw
2135 1155 2204 1212 et
2231 1148 2632 1236 Conseqm'dw·
2650 1151 2817 1230 lecim·

581 1250 801 1314 omnia
837 1248 1082 1313 vitiose
1110 1295 1124 1322 ,
1169 1253 1238 1309 et
1283 1245 1553 1309 omnino
1599 1245 1909 1311 librarius
1940 1294 1956 1321 ‚
2000 1245 2143 1310 sive
2181 1246 2331 1333 ipse
2372 1247 2517 1311 sive
2548 1249 2607 1313 is
2638 1270 2817 1335 quem

584 1347 889 1433 sequitur
922 1394 936 1420 ‚
975 1342 1606 1429 neglegentissimus
1635 1342 1762 1408 fuit
1791 1391 1806 1416 ‚
1852 1351 1929 1407 ut
1965 1364 2106 1407 non
2134 1343 2381 1410 debeat
2422 1367 2557 1411 nos
2591 1349 2817 1413 morari

585 1447 987 1529 ubicumque
1019 1442 1351 1527 oblongus
1385 1448 1574 1505 recta
1603 1449 1671 1505 et
1699 1449 1939 1528 aperta
1965 1443 2248 1527 praebet
2267 1493 2281 1507 .

750 1544 891 1608 935.
949 1541 1138 1606 Nm
1198 1561 1506 1604 olm-rm
1566 1562 1756 1603 ruu-
1828 1562 2000 1603 ‘1'1131
2070 1562 2266 1605 vrrA
2334 1563 2556 1605 ‚uu-2
2626 1564 2817 1607 Acta

587 1662 1001 1716 Pmonoun
1027 1687 1041 1701 .
1086 1637 1168 1701 In
1196 1637 1303 1700 his
1332 1637 1496 1700 nihil
1526 1637 1928 1725 reprehendi
1961 1637 2168 1703 debet
2199 1639 2329 1702 nisi
2359 1637 2673 1704 defectus
2700 1641 2817 1727 syl·

590 1741 781 1806 labae
798 1786 814 1813 ‚
847 1758 1047 1824 quam
1073 1736 1380 1800 facillime
1407 1737 1505 1799 ita
1537 1736 2022 1821 supplebimus,
2052 1737 2229 1801 Nam
2251 1737 2603 1824 qratiefuit
2632 1760 2816 1801 nAnc

596 1841 705 1904 cibi
731 1840 854 1902 vita
873 1885 887 1900 .
919 1837 1073 1900 olim
1100 1835 1406 1921 impressi
1431 1835 1611 1899 Nam
1625 1847 1873 1920 yratwm
1884 1834 2058 1922 ficit5
2076 1834 2259 1898 unde
2280 1835 2511 1899 exorsi
2532 1835 2817 1922 plerique

589 1937 950 2002 vanissima
979 1934 1405 2023 protulerunt
1435 1982 1449 1997 .
1494 1932 1621 1997 sed
1650 1933 1976 1998 Marullus
2015 1931 2192 1997 idem
2224 1931 2413 2019 quod
2450 1954 2584 1997 nos
2612 1935 2681 1997 in
2709 1956 2816 1998 suo

591 2035 826 2100 codice
869 2035 1194 2122 scriptum
1235 2033 1491 2097 invenit
1532 2033 1723 2117 (nam
1766 2053 1851 2096 ne
1893 2030 1978 2097 ab
2007 2032 2303 2096 Antonio
2335 2030 2610 2116 quidem
2642 2032 2815 2096 Marii

586 2135 720 2199 filio
752 2132 933 2199 aliud
964 2132 1330 2197 exhibitum
1354 2132 1529 2215 est),
1561 2152 1646 2194 ex
1677 2151 1814 2216 quo
1844 2129 2004 2194 fecit
2025 2131 2201 2194 Num
2224 2129 2672 2219 yratulsfluant3
2696 2151 2813 2193 me-

586 2234 715 2298 lius
745 2240 928 2297 certe
960 2252 1159 2317 quam
1187 2228 1652 2295 Wakefieldus
1683 2230 1861 2294 Nam
1883 2228 2345 2316 yratumfioevit
2357 2276 2376 2309 ‚
2414 2228 2606 2314 quod
2634 2228 2814 2294 Eich-

588 2329 849 2396 stadius
881 2338 950 2394 et
977 2328 1304 2416 Forbiger
1333 2335 1560 2393 ament
1586 2328 1775 2392 lieet.
1822 2325 2202 2413 Naugerius
2230 2348 2368 2391 non
2395 2326 2631 2414 inepte
2664 2329 2817 2393 Nam

758 2525 900 2591 941.
952 2524 1325 2601 VITAQUE
1381 2548 1464 2589 IN
1515 2547 2021 2600 orrnnsosr‚
2073 2544 2227 2589 cun
2274 2545 2640 2588 Aurmus
2688 2546 2815 2588 An·

590 2645 801 2687 nmen
860 2645 1213 2699 otuinus
1271 2622 1610 2688 Rursum
1670 2645 1884 2700 ouon
1932 2644 2246 2687 Pruna-r
2296 2645 2512 2687 uuaz
2559 2645 2657 2687 ετ
2707 2646 2815 2686 111-

592 2744 927 2787 ona-rum
956 2743 1314 2786 occinAT
1346 2743 1598 2785 omun.
1632 2723 1709 2786 In
1737 2723 2014 2811 offen-eost
2041 2720 2414 2807 quadratus
2439 2730 2509 2787 et
2535 2723 2605 2786 in
2636 2722 2819 2787 litura

594 2820 927 2906 oblongus
946 2869 963 2897 ‚
1001 2821 1071 2884 in
1103 2841 1238 2905 quo
1267 2819 1537 2885 videtur
1564 2820 1779 2906 prima
1808 2841 2005 2885 manu
2033 2819 2242 2884 fuisse
2270 2821 2337 2884 in
2365 2822 2609 2910 offemt.
2649 2833 2817 2886 recte

589 2919 953 2983 Lambinus
995 2920 1061 2982 in
1104 2940 1605 2983 orrnnsusr.
1650 2927 1792 2983 tum
1833 2919 2166 3005 oblongus
2208 2925 2276 2983 et
2320 2918 2476 2983 olim
2520 2920 2814 3006 impressi

595 3021 823 3085 addere
851 3042 1065 3107 queres
1095 3025 1163 3083 et
1188 3018 1258 3083 in
1287 3039 1491 3083 versu
1518 3018 1733 3083 altero
1762 3019 1916 3083 mali
1942 3030 2031 3083 ec.
2071 3017 2207 3081 hoc
2235 3037 2401 3081 vero
2431 3017 2655 3104 ipsum
2682 3019 2818 3082 uzali

591 3130 677 3198 et,
723 3139 875 3182 cum
901 3115 1325 3181 Wakefieldo
1359 3117 1730 3202 elegantius
1759 3117 1974 3181 visum
2007 3123 2187 3180 esset
2215 3163 2231 3191 ‚
2277 3116 2406 3180 arti
2435 3121 2684 3201 poeme
2711 3114 2815 3180 ad·

591 3215 845 3280 versari
874 3215 967 3279 M.
985 3215 1324 3301 Hauptius
1367 3214 1602 3279 docuit
1627 3214 1696 3278 in
1727 3214 2312 3280 observationibus
2352 3214 2600 3280 criticis
2631 3239 2698 3303 p.
2723 3215 2789 3280 17
2801 3261 2814 3274 .

589 3334 864 3399 possum
892 3313 1146 3377 instare
1172 3314 1489 3377 vitiosum
1531 3313 1733 3401 plane
1776 3333 1927 3378 esse
1972 3320 2041 3377 et
2084 3313 2227 3378 sine
2268 3313 2576 3401 exemplo
2611 3362 2627 3376 .
2678 3334 2819 3378 nam

589 3431 709 3473 cur
739 3409 1009 3474 credam
1039 3410 1365 3475 Senecam
1392 3412 1462 3474 in
1489 3410 1882 3476 Phoenissis
1911 3411 2035 3477 394
2066 3410 2336 3476 dedisse
2369 3412 2518 3476 Vide
2544 3424 2615 3476 ut
2640 3408 2819 3478 atu-a?

589 3530 738 3572 cum
767 3517 1004 3595 posset
1032 3511 1325 3575 scribere
1351 3509 1589 3575 Viden?
1631 3522 1772 3576 atra
1799 3510 1986 3575 nubes
2008 3511 2267 3596 ptdvere
2293 3510 2606 3576 abscondit
2632 3514 2785 3576 diem
2801 3557 2815 3571 .

585 3608 655 3670 in
683 3605 921 3670 Lucilii
950 3615 1170 3672 autem
1199 3609 1506 3674 versibus
1538 3609 1653 3694 qui
1682 3616 1840 3674 sunt
1870 3607 2053 3697 apud
2080 3607 2372 3672 Nonium
2400 3631 2466 3695 p.
2485 3608 2628 3686 260,
2646 3609 2729 3674 28
2756 3615 2813 3670 et

585 3704 727 3777 308,
749 3704 826 3769 18
866 3705 946 3789 (ii
974 3727 1213 3771 versus
1257 3706 1390 3772 hoc
1431 3706 1637 3771 modo
1669 3706 2007 3773 scribendi
2050 3714 2241 3782 sunt,
2296 3707 2449 3771 Cum
2477 3710 2663 3794 poclo
2692 3707 2816 3771 bibo

584 3805 825 3885 eodem,
856 3805 1221 3890 amplector,
1250 3807 1430 3871 labra
1457 3807 1692 3871 labellis
1720 3807 1899 3872 Rota
1926 3807 2055 3871 eim
2081 3828 2407 3892 compone,
2435 3805 2552 3871 hoc
2578 3818 2667 3871 ast
2689 3827 2815 3870 ema

574 3903 1088 3987 peolooopumae:
1125 3901 1324 3968 Nonii
1351 3903 1754 3991 exemplaria
1782 3904 2109 3985 Rom-iem,
2149 3903 2459 3969 Nonius
2441 3927 2589 3991 ipse
2596 3907 2755 3996 fida
2780 3925 2817 3967 a

567 4001 866 4089 snsyevzdo
889 3999 1113 4076 duxit,
1138 4021 1288 4066 cum
1318 4003 1405 4067 sit
1433 4025 1474 4066 a
1482 4003 1789 4092 flqendo)
1820 4004 1891 4067 in
1917 4003 2024 4068 his
2053 4003 2188 4067 bibo
2215 4003 2442 4067 littera
2471 4027 2507 4068 o
2538 4013 2652 4068 aut
2672 4025 2813 4068 cor·

583 4105 780 4185 repta
808 4105 927 4163 aut
966 4099 1194 4185 potius
1224 4121 1363 4164 non
1395 4101 1557 4165 elisa
1598 4099 1955 4165 dicendum
1986 4109 2135 4166 est.
2178 4101 2402 4166 nullus
2450 4103 2617 4166 enim
2656 4123 2813 4190 poe·

586 4203 804 4261 tarum
848 4206 1118 4282 praeter
1157 4205 1425 4263 veteres
1478 4199 1824 4265 scaenicos
1866 4199 2347 4265 vocabulorum
2390 4201 2815 4266 ’iambicorum

581 4295 884 4359 vocalem
915 4305 1278 4361 extremam
1310 4318 1457 4361 cum
1485 4298 1677 4361 brevi
1708 4299 1971 4386 syllaba
1997 4298 2385 4387 copulavit.
2426 4306 2814 4386 argumento

583 4414 729 4457 esse
769 4400 1001 4479 potest
1040 4393 1264 4460 hiatus
1304 4396 1374 4459 in
1417 4395 1550 4460 hoc
1591 4417 1838 4482 genere
1878 4420 2016 4461 non
2056 4397 2490 4483 infrequens,
2534 4407 2605 4461 ut
2642 4395 2815 4482 Hssa

580 4490 795 4575 Hyla·
769 4538 790 4574 ,
835 4494 1137 4581 iustosque
1163 4496 1305 4580 pati
1343 4495 1754 4582 hymenaeos·
1728 4544 1748 4578 ,
1798 4497 2095 4561 Maeonia
2129 4519 2421 4582 qeneroee
2460 4498 2667 4573 domo,
2710 4493 2814 4558 ubo·
