<?xml version="1.0" encoding="UTF-8"?>
<!DOCTYPE html PUBLIC "-//W3C//DTD XHTML 1.0 Transitional//EN"
    "http://www.w3.org/TR/xhtml1/DTD/xhtml1-transitional.dtd">
<html xmlns="http://www.w3.org/1999/xhtml" xml:lang="en" lang="en">
 <head>
  <title>
</title>
<meta http-equiv="Content-Type" content="text/html;charset=utf-8" />
  <meta name='ocr-system' content='tesseract 3.04.00' />
  <meta name='ocr-capabilities' content='ocr_page ocr_carea ocr_par ocr_line ocrx_word'/>
</head>
<body>
  <div class='ocr_page' id='page_1' title='image "./tlucreticarider04unkngoog_0014.png"; bbox 0 0 3042 5192; ppageno 0'>
   <div class='ocr_carea' id='block_1_1' title="bbox 518 397 1641 469">
    <p class='ocr_par' dir='ltr' id='par_1_1' title="bbox 518 397 1641 469">
     <span class='ocr_line' id='line_1_1' title="bbox 518 397 1641 469; baseline -0.004 0"><span class='ocrx_word' id='word_1_1' title='bbox 518 402 563 469; x_wconf 78' lang='lat'><em>8</em></span> <span class='ocrx_word' id='word_1_2' title='bbox 1484 446 1491 459; x_wconf 85' lang='lat'><strong>.</strong></span> <span class='ocrx_word' id='word_1_3' title='bbox 1609 397 1641 465; x_wconf 95' lang='lat' dir='ltr'>I</span> 
     </span>
    </p>
   </div>
   <div class='ocr_carea' id='block_1_2' title="bbox 363 567 2443 4214">
    <p class='ocr_par' dir='ltr' id='par_1_2' title="bbox 514 567 2119 890">
     <span class='ocr_line' id='line_1_2' title="bbox 514 567 1870 657; baseline -0.004 -19"><span class='ocrx_word' id='word_1_4' title='bbox 514 596 654 638; x_wconf 92' lang='lat' dir='ltr'>non</span> <span class='ocrx_word' id='word_1_5' title='bbox 681 572 852 638; x_wconf 84' lang='lat' dir='ltr'>radii</span> <span class='ocrx_word' id='word_1_6' title='bbox 881 572 1042 637; x_wconf 92' lang='lat' dir='ltr'>solis</span> <span class='ocrx_word' id='word_1_7' title='bbox 1070 593 1291 657; x_wconf 86' lang='lat' dir='ltr'>neque</span> <span class='ocrx_word' id='word_1_8' title='bbox 1319 570 1543 636; x_wconf 83' lang='lat' dir='ltr'>lucida</span> <span class='ocrx_word' id='word_1_9' title='bbox 1571 569 1707 634; x_wconf 87' lang='lat' dir='ltr'>tela</span> <span class='ocrx_word' id='word_1_10' title='bbox 1736 567 1870 633; x_wconf 88' lang='lat' dir='ltr'>diei</span> 
     </span>
     <span class='ocr_line' id='line_1_3' title="bbox 516 684 2035 773; baseline -0.004 -21"><span class='ocrx_word' id='word_1_11' title='bbox 516 689 909 763; x_wconf 82' lang='lat' dir='ltr'>discutiant,</span> <span class='ocrx_word' id='word_1_12' title='bbox 933 686 1055 751; x_wconf 90' lang='lat' dir='ltr'>sed</span> <span class='ocrx_word' id='word_1_13' title='bbox 1085 695 1367 751; x_wconf 86' lang='lat' dir='ltr'>naturae</span> <span class='ocrx_word' id='word_1_14' title='bbox 1396 685 1658 773; x_wconf 88' lang='lat' dir='ltr'>species</span> <span class='ocrx_word' id='word_1_15' title='bbox 1686 684 2001 769; x_wconf 87' lang='lat' dir='ltr'>ratioque</span> <span class='ocrx_word' id='word_1_16' title='bbox 2020 732 2035 746; x_wconf 92' lang='lat'><strong>.</strong></span> 
     </span>
     <span class='ocr_line' id='line_1_4' title="bbox 515 798 2119 890; baseline -0.003 -22"><span class='ocrx_word' id='word_1_17' title='bbox 515 802 909 890; x_wconf 88' lang='lat' dir='ltr'>principium</span> <span class='ocrx_word' id='word_1_18' title='bbox 938 803 1123 866; x_wconf 91' lang='lat' dir='ltr'>cuius</span> <span class='ocrx_word' id='word_1_19' title='bbox 1150 801 1307 866; x_wconf 91' lang='lat' dir='ltr'>hinc</span> <span class='ocrx_word' id='word_1_20' title='bbox 1335 801 1533 866; x_wconf 91' lang='lat' dir='ltr'>nobis</span> <span class='ocrx_word' id='word_1_21' title='bbox 1562 798 1842 864; x_wconf 83' lang='lat' dir='ltr'>exordia</span> <span class='ocrx_word' id='word_1_22' title='bbox 1869 806 2085 863; x_wconf 87' lang='lat' dir='ltr'>sumet</span> <span class='ocrx_word' id='word_1_23' title='bbox 2103 849 2119 874; x_wconf 83' lang='grc'>,</span> 
     </span>
    </p>

    <p class='ocr_par' dir='ltr' id='par_1_3' title="bbox 365 915 2149 1461">
     <span class='ocr_line' id='line_1_5' title="bbox 365 915 2098 1003; baseline -0.003 -22"><span class='ocrx_word' id='word_1_24' title='bbox 365 935 459 983; x_wconf 84' lang='grc'>150</span> <span class='ocrx_word' id='word_1_25' title='bbox 516 919 763 982; x_wconf 80' lang='lat' dir='ltr'>nullam</span> <span class='ocrx_word' id='word_1_26' title='bbox 789 939 929 980; x_wconf 89' lang='lat' dir='ltr'>rem</span> <span class='ocrx_word' id='word_1_27' title='bbox 961 938 996 979; x_wconf 89' lang='lat' dir='ltr'>e</span> <span class='ocrx_word' id='word_1_28' title='bbox 1025 917 1161 981; x_wconf 91' lang='lat' dir='ltr'>nilo</span> <span class='ocrx_word' id='word_1_29' title='bbox 1192 917 1374 1003; x_wconf 86' lang='lat' dir='ltr'>gigni</span> <span class='ocrx_word' id='word_1_30' title='bbox 1403 915 1721 980; x_wconf 77' lang='lat' dir='ltr'>divinitus</span> <span class='ocrx_word' id='word_1_31' title='bbox 1750 935 2063 1000; x_wconf 87' lang='lat' dir='ltr'>umquam</span> <span class='ocrx_word' id='word_1_32' title='bbox 2084 963 2098 976; x_wconf 92' lang='lat'><strong><em>.</em></strong></span> 
     </span>
     <span class='ocr_line' id='line_1_6' title="bbox 519 1029 2149 1119; baseline -0.002 -23"><span class='ocrx_word' id='word_1_33' title='bbox 519 1034 767 1119; x_wconf 82' lang='lat' dir='ltr'>quippe</span> <span class='ocrx_word' id='word_1_34' title='bbox 793 1032 889 1095; x_wconf 87' lang='lat' dir='ltr'>ita</span> <span class='ocrx_word' id='word_1_35' title='bbox 918 1030 1207 1095; x_wconf 87' lang='lat' dir='ltr'>formido</span> <span class='ocrx_word' id='word_1_36' title='bbox 1237 1030 1540 1097; x_wconf 85' lang='lat' dir='ltr'>mortalis</span> <span class='ocrx_word' id='word_1_37' title='bbox 1570 1030 1871 1094; x_wconf 83' lang='lat' dir='ltr'>continet</span> <span class='ocrx_word' id='word_1_38' title='bbox 1899 1029 2114 1093; x_wconf 90' lang='lat' dir='ltr'>omnis</span> <span class='ocrx_word' id='word_1_39' title='bbox 2134 1078 2149 1104; x_wconf 92' lang='lat'>‚</span> 
     </span>
     <span class='ocr_line' id='line_1_7' title="bbox 519 1144 2125 1232; baseline -0.001 -22"><span class='ocrx_word' id='word_1_40' title='bbox 519 1145 705 1232; x_wconf 87' lang='lat' dir='ltr'>quod</span> <span class='ocrx_word' id='word_1_41' title='bbox 732 1146 943 1210; x_wconf 85' lang='lat' dir='ltr'>multa</span> <span class='ocrx_word' id='word_1_42' title='bbox 967 1146 1037 1208; x_wconf 91' lang='lat' dir='ltr'>in</span> <span class='ocrx_word' id='word_1_43' title='bbox 1066 1146 1263 1211; x_wconf 88' lang='lat' dir='ltr'>terris</span> <span class='ocrx_word' id='word_1_44' title='bbox 1291 1145 1435 1210; x_wconf 87' lang='lat' dir='ltr'>fieri</span> <span class='ocrx_word' id='word_1_45' title='bbox 1464 1144 1788 1230; x_wconf 87' lang='lat' dir='ltr'>caeloque</span> <span class='ocrx_word' id='word_1_46' title='bbox 1816 1152 2091 1208; x_wconf 89' lang='lat' dir='ltr'>tuentur</span> <span class='ocrx_word' id='word_1_47' title='bbox 2110 1192 2125 1218; x_wconf 91' lang='lat'>‚</span> 
     </span>
     <span class='ocr_line' id='line_1_8' title="bbox 520 1257 2142 1347; baseline -0.003 -21"><span class='ocrx_word' id='word_1_48' title='bbox 520 1283 804 1347; x_wconf 89' lang='lat' dir='ltr'>quorum</span> <span class='ocrx_word' id='word_1_49' title='bbox 835 1282 1114 1346; x_wconf 89' lang='lat' dir='ltr'>operum</span> <span class='ocrx_word' id='word_1_50' title='bbox 1145 1281 1384 1325; x_wconf 82' lang='lat' dir='ltr'>causas</span> <span class='ocrx_word' id='word_1_51' title='bbox 1413 1260 1597 1325; x_wconf 87' lang='lat' dir='ltr'>nulla</span> <span class='ocrx_word' id='word_1_52' title='bbox 1623 1261 1884 1325; x_wconf 87' lang='lat' dir='ltr'>ratione</span> <span class='ocrx_word' id='word_1_53' title='bbox 1910 1257 2142 1323; x_wconf 83' lang='lat' dir='ltr'>videre</span> 
     </span>
     <span class='ocr_line' id='line_1_9' title="bbox 516 1373 1940 1461; baseline -0.001 -22"><span class='ocrx_word' id='word_1_54' title='bbox 516 1384 805 1461; x_wconf 86' lang='lat' dir='ltr'>possunt</span> <span class='ocrx_word' id='word_1_55' title='bbox 833 1395 914 1438; x_wconf 90' lang='grc'>00</span> <span class='ocrx_word' id='word_1_56' title='bbox 939 1375 1083 1438; x_wconf 87' lang='lat' dir='ltr'>fieri</span> <span class='ocrx_word' id='word_1_57' title='bbox 1112 1373 1340 1439; x_wconf 84' lang='lat' dir='ltr'>divino</span> <span class='ocrx_word' id='word_1_58' title='bbox 1369 1374 1638 1438; x_wconf 88' lang='lat' dir='ltr'>numine</span> <span class='ocrx_word' id='word_1_59' title='bbox 1666 1380 1904 1437; x_wconf 87' lang='lat' dir='ltr'>rentur</span> <span class='ocrx_word' id='word_1_60' title='bbox 1925 1423 1940 1437; x_wconf 90' lang='lat'><strong>.</strong></span> 
     </span>
    </p>

    <p class='ocr_par' dir='ltr' id='par_1_4' title="bbox 368 1487 2315 1804">
     <span class='ocr_line' id='line_1_10' title="bbox 368 1487 2082 1574; baseline -0.001 -22"><span class='ocrx_word' id='word_1_61' title='bbox 368 1506 463 1552; x_wconf 83' lang='lat'>156</span> <span class='ocrx_word' id='word_1_62' title='bbox 521 1511 690 1574; x_wconf 87' lang='lat' dir='ltr'>quas</span> <span class='ocrx_word' id='word_1_63' title='bbox 721 1488 809 1552; x_wconf 94' lang='lat' dir='ltr'>ob</span> <span class='ocrx_word' id='word_1_64' title='bbox 838 1510 949 1553; x_wconf 91' lang='lat' dir='ltr'>res</span> <span class='ocrx_word' id='word_1_65' title='bbox 979 1489 1093 1552; x_wconf 91' lang='lat' dir='ltr'>ubi</span> <span class='ocrx_word' id='word_1_66' title='bbox 1119 1487 1483 1552; x_wconf 84' lang='lat' dir='ltr'>viderimus</span> <span class='ocrx_word' id='word_1_67' title='bbox 1512 1487 1607 1551; x_wconf 89' lang='lat' dir='ltr'>nil</span> <span class='ocrx_word' id='word_1_68' title='bbox 1634 1508 1838 1573; x_wconf 87' lang='lat' dir='ltr'>posse</span> <span class='ocrx_word' id='word_1_69' title='bbox 1870 1489 2082 1552; x_wconf 88' lang='lat' dir='ltr'>creari</span> 
     </span>
     <span class='ocr_line' id='line_1_11' title="bbox 519 1600 2180 1689; baseline -0.002 -22"><span class='ocrx_word' id='word_1_70' title='bbox 519 1602 605 1667; x_wconf 90' lang='grc'>(10</span> <span class='ocrx_word' id='word_1_71' title='bbox 634 1604 768 1667; x_wconf 89' lang='grc'>11110</span> <span class='ocrx_word' id='word_1_72' title='bbox 790 1652 805 1679; x_wconf 89' lang='grc'>,</span> <span class='ocrx_word' id='word_1_73' title='bbox 827 1611 970 1667; x_wconf 89' lang='lat' dir='ltr'>tum</span> <span class='ocrx_word' id='word_1_74' title='bbox 1000 1601 1187 1689; x_wconf 90' lang='lat' dir='ltr'>quod</span> <span class='ocrx_word' id='word_1_75' title='bbox 1217 1602 1556 1688; x_wconf 78' lang='lat' dir='ltr'>sequimur</span> <span class='ocrx_word' id='word_1_76' title='bbox 1582 1603 1714 1665; x_wconf 89' lang='lat' dir='ltr'>iam</span> <span class='ocrx_word' id='word_1_77' title='bbox 1741 1602 1992 1666; x_wconf 92' lang='lat' dir='ltr'>rectius</span> <span class='ocrx_word' id='word_1_78' title='bbox 2021 1600 2180 1665; x_wconf 86' lang='lat' dir='ltr'>inde</span> 
     </span>
     <span class='ocr_line' id='line_1_12' title="bbox 517 1716 2315 1804; baseline -0.001 -22"><span class='ocrx_word' id='word_1_79' title='bbox 517 1719 993 1804; x_wconf 82' lang='lat' dir='ltr'>perspiciemus</span> <span class='ocrx_word' id='word_1_80' title='bbox 1011 1766 1027 1793; x_wconf 87' lang='lat'><strong>‚</strong></span> <span class='ocrx_word' id='word_1_81' title='bbox 1050 1726 1118 1782; x_wconf 92' lang='lat' dir='ltr'>et</span> <span class='ocrx_word' id='word_1_82' title='bbox 1144 1716 1326 1781; x_wconf 88' lang='lat' dir='ltr'>unde</span> <span class='ocrx_word' id='word_1_83' title='bbox 1358 1725 1564 1802; x_wconf 80' lang='lat' dir='ltr'>queat</span> <span class='ocrx_word' id='word_1_84' title='bbox 1591 1738 1702 1781; x_wconf 87' lang='lat' dir='ltr'>res</span> <span class='ocrx_word' id='word_1_85' title='bbox 1733 1737 2042 1802; x_wconf 86' lang='lat' dir='ltr'>quaeque</span> <span class='ocrx_word' id='word_1_86' title='bbox 2071 1718 2282 1781; x_wconf 88' lang='lat' dir='ltr'>creari</span> <span class='ocrx_word' id='word_1_87' title='bbox 2311 1732 2315 1738; x_wconf 74' lang='grc'><em>’</em></span> 
     </span>
    </p>

    <p class='ocr_par' dir='ltr' id='par_1_5' title="bbox 370 1830 2216 1919">
     <span class='ocr_line' id='line_1_13' title="bbox 370 1830 2216 1919; baseline 0 -23"><span class='ocrx_word' id='word_1_88' title='bbox 370 1850 462 1896; x_wconf 83' lang='grc'>155</span> <span class='ocrx_word' id='word_1_89' title='bbox 521 1840 590 1897; x_wconf 91' lang='lat' dir='ltr'>et</span> <span class='ocrx_word' id='word_1_90' title='bbox 620 1854 755 1918; x_wconf 89' lang='lat' dir='ltr'>quo</span> <span class='ocrx_word' id='word_1_91' title='bbox 789 1853 1093 1919; x_wconf 89' lang='lat' dir='ltr'>quaeque</span> <span class='ocrx_word' id='word_1_92' title='bbox 1120 1831 1322 1895; x_wconf 89' lang='lat' dir='ltr'>modo</span> <span class='ocrx_word' id='word_1_93' title='bbox 1350 1830 1517 1895; x_wconf 89' lang='lat' dir='ltr'>fiant</span> <span class='ocrx_word' id='word_1_94' title='bbox 1545 1853 1756 1918; x_wconf 88' lang='lat' dir='ltr'>opera</span> <span class='ocrx_word' id='word_1_95' title='bbox 1783 1832 1928 1896; x_wconf 89' lang='lat' dir='ltr'>sine</span> <span class='ocrx_word' id='word_1_96' title='bbox 1958 1830 2184 1896; x_wconf 84' lang='lat' dir='ltr'>divom</span> <span class='ocrx_word' id='word_1_97' title='bbox 2202 1882 2216 1896; x_wconf 89' lang='lat'><strong>.</strong></span> 
     </span>
    </p>

    <p class='ocr_par' dir='ltr' id='par_1_6' title="bbox 368 1945 2155 2167">
     <span class='ocr_line' id='line_1_14' title="bbox 368 1945 2109 2022; baseline 0.001 -13"><span class='ocrx_word' id='word_1_98' title='bbox 368 1962 462 2009; x_wconf 84' lang='lat'>159</span> <span class='ocrx_word' id='word_1_99' title='bbox 605 1946 778 2010; x_wconf 86' lang='lat' dir='ltr'>Nam</span> <span class='ocrx_word' id='word_1_100' title='bbox 810 1948 867 2012; x_wconf 90' lang='lat' dir='ltr'>si</span> <span class='ocrx_word' id='word_1_101' title='bbox 896 1946 981 2011; x_wconf 85' lang='lat' dir='ltr'>de</span> <span class='ocrx_word' id='word_1_102' title='bbox 1011 1947 1146 2011; x_wconf 89' lang='lat' dir='ltr'>nilo</span> <span class='ocrx_word' id='word_1_103' title='bbox 1176 1945 1450 2022; x_wconf 88' lang='lat' dir='ltr'>fierent,</span> <span class='ocrx_word' id='word_1_104' title='bbox 1475 1967 1562 2009; x_wconf 84' lang='lat' dir='ltr'>ex</span> <span class='ocrx_word' id='word_1_105' title='bbox 1592 1947 1879 2011; x_wconf 90' lang='lat' dir='ltr'>omnibu’</span> <span class='ocrx_word' id='word_1_106' title='bbox 1905 1947 2109 2011; x_wconf 86' lang='lat' dir='ltr'>rebus</span> 
     </span>
     <span class='ocr_line' id='line_1_15' title="bbox 522 2061 2155 2167; baseline 0 -42"><span class='ocrx_word' id='word_1_107' title='bbox 522 2083 716 2125; x_wconf 90' lang='lat' dir='ltr'>omne</span> <span class='ocrx_word' id='word_1_108' title='bbox 744 2083 955 2148; x_wconf 90' lang='lat' dir='ltr'>genus</span> <span class='ocrx_word' id='word_1_109' title='bbox 983 2061 1171 2127; x_wconf 89' lang='lat' dir='ltr'>nasci</span> <span class='ocrx_word' id='word_1_110' title='bbox 1197 2069 1435 2167; x_wconf 28' lang='lat' dir='ltr'>po-sset</span> <span class='ocrx_word' id='word_1_111' title='bbox 1453 2109 1469 2138; x_wconf 85' lang='lat'>‚</span> <span class='ocrx_word' id='word_1_112' title='bbox 1490 2061 1587 2125; x_wconf 88' lang='lat' dir='ltr'>nil</span> <span class='ocrx_word' id='word_1_113' title='bbox 1615 2061 1863 2125; x_wconf 89' lang='lat' dir='ltr'>semine</span> <span class='ocrx_word' id='word_1_114' title='bbox 1895 2071 2122 2166; x_wconf 83' lang='lat' dir='ltr'>egeret</span> <span class='ocrx_word' id='word_1_115' title='bbox 2141 2112 2155 2125; x_wconf 92' lang='lat'><strong><em>.</em></strong></span> 
     </span>
    </p>

    <p class='ocr_par' dir='ltr' id='par_1_7' title="bbox 522 2175 2443 2608">
     <span class='ocr_line' id='line_1_16' title="bbox 525 2175 2184 2264; baseline 0 -25"><span class='ocrx_word' id='word_1_116' title='bbox 525 2198 559 2239; x_wconf 90' lang='grc'>0</span> <span class='ocrx_word' id='word_1_117' title='bbox 588 2198 771 2241; x_wconf 87' lang='grc'>111010</span> <span class='ocrx_word' id='word_1_118' title='bbox 800 2178 1083 2264; x_wconf 89' lang='lat' dir='ltr'>primum</span> <span class='ocrx_word' id='word_1_119' title='bbox 1110 2175 1415 2241; x_wconf 90' lang='lat' dir='ltr'>homines</span> <span class='ocrx_word' id='word_1_120' title='bbox 1435 2224 1451 2249; x_wconf 79' lang='lat'>‚</span> <span class='ocrx_word' id='word_1_121' title='bbox 1477 2197 1513 2239; x_wconf 92' lang='grc'>0</span> <span class='ocrx_word' id='word_1_122' title='bbox 1543 2182 1727 2239; x_wconf 85' lang='lat' dir='ltr'>terra</span> <span class='ocrx_word' id='word_1_123' title='bbox 1753 2184 1993 2261; x_wconf 89' lang='lat' dir='ltr'>posset</span> <span class='ocrx_word' id='word_1_124' title='bbox 2023 2176 2184 2241; x_wconf 91' lang='lat' dir='ltr'>oriri</span> 
     </span>
     <span class='ocr_line' id='line_1_17' title="bbox 523 2291 2328 2378; baseline 0.001 -23"><span class='ocrx_word' id='word_1_125' title='bbox 523 2293 1013 2378; x_wconf 87' lang='lat' dir='ltr'>squamigerum</span> <span class='ocrx_word' id='word_1_126' title='bbox 1040 2312 1253 2377; x_wconf 90' lang='lat' dir='ltr'>genus</span> <span class='ocrx_word' id='word_1_127' title='bbox 1286 2298 1356 2356; x_wconf 88' lang='lat' dir='ltr'>et</span> <span class='ocrx_word' id='word_1_128' title='bbox 1381 2291 1695 2356; x_wconf 81' lang='lat' dir='ltr'>volucres</span> <span class='ocrx_word' id='word_1_129' title='bbox 1730 2311 2076 2376; x_wconf 81' lang='lat' dir='ltr'>erumpere</span> <span class='ocrx_word' id='word_1_130' title='bbox 2107 2292 2328 2357; x_wconf 87' lang='lat' dir='ltr'>caelo:</span> 
     </span>
     <span class='ocr_line' id='line_1_18' title="bbox 523 2404 2443 2492; baseline 0 -23"><span class='ocrx_word' id='word_1_131' title='bbox 523 2414 823 2471; x_wconf 85' lang='lat' dir='ltr'>armenta</span> <span class='ocrx_word' id='word_1_132' title='bbox 860 2416 1062 2492; x_wconf 84' lang='lat' dir='ltr'>atque</span> <span class='ocrx_word' id='word_1_133' title='bbox 1092 2407 1259 2471; x_wconf 88' lang='lat' dir='ltr'>aliae</span> <span class='ocrx_word' id='word_1_134' title='bbox 1287 2404 1588 2492; x_wconf 85' lang='lat' dir='ltr'>pecudes</span> <span class='ocrx_word' id='word_1_135' title='bbox 1608 2454 1623 2482; x_wconf 90' lang='lat'>‚</span> <span class='ocrx_word' id='word_1_136' title='bbox 1645 2425 1856 2491; x_wconf 89' lang='lat' dir='ltr'>genus</span> <span class='ocrx_word' id='word_1_137' title='bbox 1886 2427 2079 2469; x_wconf 91' lang='lat' dir='ltr'>omne</span> <span class='ocrx_word' id='word_1_138' title='bbox 2109 2405 2443 2477; x_wconf 65' lang='lat' dir='ltr'>ferarun12,2</span> 
     </span>
     <span class='ocr_line' id='line_1_19' title="bbox 522 2519 1996 2608; baseline -0.001 -24"><span class='ocrx_word' id='word_1_139' title='bbox 522 2522 778 2586; x_wconf 89' lang='lat' dir='ltr'>incerto</span> <span class='ocrx_word' id='word_1_140' title='bbox 807 2534 1008 2608; x_wconf 86' lang='lat' dir='ltr'>partu</span> <span class='ocrx_word' id='word_1_141' title='bbox 1038 2522 1217 2586; x_wconf 88' lang='lat' dir='ltr'>culta</span> <span class='ocrx_word' id='word_1_142' title='bbox 1245 2542 1325 2585; x_wconf 90' lang='lat' dir='ltr'>ac</span> <span class='ocrx_word' id='word_1_143' title='bbox 1355 2519 1628 2585; x_wconf 88' lang='lat' dir='ltr'>deserta</span> <span class='ocrx_word' id='word_1_144' title='bbox 1654 2528 1996 2585; x_wconf 85' lang='lat' dir='ltr'>tenerent:</span> 
     </span>
    </p>

    <p class='ocr_par' dir='ltr' id='par_1_8' title="bbox 374 2635 2336 3182">
     <span class='ocr_line' id='line_1_20' title="bbox 374 2635 2239 2701; baseline 0.002 -4"><span class='ocrx_word' id='word_1_145' title='bbox 374 2650 467 2697; x_wconf 75' lang='lat'>165</span> <span class='ocrx_word' id='word_1_146' title='bbox 527 2657 653 2699; x_wconf 90' lang='lat' dir='ltr'>nec</span> <span class='ocrx_word' id='word_1_147' title='bbox 682 2635 942 2699; x_wconf 75' lang='lat' dir='ltr'>fructus</span> <span class='ocrx_word' id='word_1_148' title='bbox 971 2635 1148 2700; x_wconf 89' lang='lat' dir='ltr'>idem</span> <span class='ocrx_word' id='word_1_149' title='bbox 1178 2636 1532 2700; x_wconf 78' lang='lat' dir='ltr'>arboribus</span> <span class='ocrx_word' id='word_1_150' title='bbox 1564 2643 1877 2700; x_wconf 80' lang='lat' dir='ltr'>constare</span> <span class='ocrx_word' id='word_1_151' title='bbox 1909 2635 2239 2701; x_wconf 81' lang='lat' dir='ltr'>solerent.</span> 
     </span>
     <span class='ocr_line' id='line_1_21' title="bbox 524 2749 2195 2836; baseline 0 -23"><span class='ocrx_word' id='word_1_152' title='bbox 524 2749 648 2813; x_wconf 86' lang='lat' dir='ltr'>sed</span> <span class='ocrx_word' id='word_1_153' title='bbox 675 2758 1097 2814; x_wconf 84' lang='lat' dir='ltr'>mutarentur</span> <span class='ocrx_word' id='word_1_154' title='bbox 1115 2800 1130 2826; x_wconf 90' lang='lat'><strong>,</strong></span> <span class='ocrx_word' id='word_1_155' title='bbox 1151 2750 1329 2815; x_wconf 86' lang='lat' dir='ltr'>ferre</span> <span class='ocrx_word' id='word_1_156' title='bbox 1361 2771 1596 2814; x_wconf 89' lang='lat' dir='ltr'>omnes</span> <span class='ocrx_word' id='word_1_157' title='bbox 1626 2750 1847 2814; x_wconf 88' lang='lat' dir='ltr'>omnia</span> <span class='ocrx_word' id='word_1_158' title='bbox 1873 2759 2159 2836; x_wconf 83' lang='lat' dir='ltr'>possent</span> <span class='ocrx_word' id='word_1_159' title='bbox 2182 2800 2195 2813; x_wconf 88' lang='lat'><strong>.</strong></span> 
     </span>
     <span class='ocr_line' id='line_1_22' title="bbox 527 2865 2334 2951; baseline 0.001 -24"><span class='ocrx_word' id='word_1_160' title='bbox 527 2865 774 2951; x_wconf 87' lang='lat' dir='ltr'>quippe</span> <span class='ocrx_word' id='word_1_161' title='bbox 793 2914 809 2941; x_wconf 91' lang='lat'>‚</span> <span class='ocrx_word' id='word_1_162' title='bbox 830 2867 944 2930; x_wconf 91' lang='lat' dir='ltr'>ubi</span> <span class='ocrx_word' id='word_1_163' title='bbox 971 2888 1108 2930; x_wconf 90' lang='lat' dir='ltr'>non</span> <span class='ocrx_word' id='word_1_164' title='bbox 1140 2873 1369 2930; x_wconf 88' lang='lat' dir='ltr'>essent</span> <span class='ocrx_word' id='word_1_165' title='bbox 1396 2865 1711 2951; x_wconf 84' lang='lat' dir='ltr'>genitalia</span> <span class='ocrx_word' id='word_1_166' title='bbox 1740 2886 2030 2950; x_wconf 87' lang='lat' dir='ltr'>corpora</span> <span class='ocrx_word' id='word_1_167' title='bbox 2059 2865 2296 2950; x_wconf 87' lang='lat' dir='ltr'>cuique</span> <span class='ocrx_word' id='word_1_168' title='bbox 2321 2915 2334 2939; x_wconf 87' lang='lat'><strong>‚</strong></span> 
     </span>
     <span class='ocr_line' id='line_1_23' title="bbox 527 2979 2039 3067; baseline 0 -24"><span class='ocrx_word' id='word_1_169' title='bbox 527 2981 640 3065; x_wconf 88' lang='lat' dir='ltr'>qui</span> <span class='ocrx_word' id='word_1_170' title='bbox 668 2992 905 3067; x_wconf 88' lang='lat' dir='ltr'>posset</span> <span class='ocrx_word' id='word_1_171' title='bbox 932 2990 1145 3045; x_wconf 89' lang='lat' dir='ltr'>mater</span> <span class='ocrx_word' id='word_1_172' title='bbox 1172 2982 1376 3045; x_wconf 90' lang='lat' dir='ltr'>rebus</span> <span class='ocrx_word' id='word_1_173' title='bbox 1407 2979 1777 3045; x_wconf 83' lang='lat' dir='ltr'>consistere</span> <span class='ocrx_word' id='word_1_174' title='bbox 1808 2979 2039 3044; x_wconf 83' lang='lat' dir='ltr'>certa?</span> 
     </span>
     <span class='ocr_line' id='line_1_24' title="bbox 524 3095 2336 3182; baseline 0 -24"><span class='ocrx_word' id='word_1_175' title='bbox 524 3102 596 3159; x_wconf 87' lang='lat' dir='ltr'>at</span> <span class='ocrx_word' id='word_1_176' title='bbox 623 3118 803 3159; x_wconf 90' lang='lat' dir='ltr'>nunc</span> <span class='ocrx_word' id='word_1_177' title='bbox 834 3095 1192 3160; x_wconf 88' lang='lat' dir='ltr'>seminibus</span> <span class='ocrx_word' id='word_1_178' title='bbox 1225 3096 1382 3182; x_wconf 90' lang='lat' dir='ltr'>quia</span> <span class='ocrx_word' id='word_1_179' title='bbox 1410 3095 1614 3160; x_wconf 88' lang='lat' dir='ltr'>certis</span> <span class='ocrx_word' id='word_1_180' title='bbox 1647 3116 1954 3179; x_wconf 86' lang='lat' dir='ltr'>quaeque</span> <span class='ocrx_word' id='word_1_181' title='bbox 1987 3105 2301 3160; x_wconf 86' lang='lat' dir='ltr'>creantur</span> <span class='ocrx_word' id='word_1_182' title='bbox 2321 3144 2336 3165; x_wconf 84' lang='lat'>,</span> 
     </span>
    </p>

    <p class='ocr_par' dir='ltr' id='par_1_9' title="bbox 373 3209 2305 3756">
     <span class='ocr_line' id='line_1_25' title="bbox 373 3209 2056 3296; baseline 0 -24"><span class='ocrx_word' id='word_1_183' title='bbox 373 3227 467 3273; x_wconf 84' lang='lat'>170</span> <span class='ocrx_word' id='word_1_184' title='bbox 523 3209 679 3273; x_wconf 89' lang='lat' dir='ltr'>inde</span> <span class='ocrx_word' id='word_1_185' title='bbox 712 3212 1046 3275; x_wconf 84' lang='lat' dir='ltr'>enascitur</span> <span class='ocrx_word' id='word_1_186' title='bbox 1076 3219 1280 3296; x_wconf 86' lang='lat' dir='ltr'>atque</span> <span class='ocrx_word' id='word_1_187' title='bbox 1311 3232 1466 3275; x_wconf 86' lang='lat' dir='ltr'>oras</span> <span class='ocrx_word' id='word_1_188' title='bbox 1494 3210 1564 3274; x_wconf 88' lang='lat' dir='ltr'>in</span> <span class='ocrx_word' id='word_1_189' title='bbox 1591 3209 1854 3273; x_wconf 87' lang='lat' dir='ltr'>luminis</span> <span class='ocrx_word' id='word_1_190' title='bbox 1885 3209 2023 3272; x_wconf 87' lang='lat' dir='ltr'>exit</span> <span class='ocrx_word' id='word_1_191' title='bbox 2041 3256 2056 3281; x_wconf 88' lang='lat'>‚</span> 
     </span>
     <span class='ocr_line' id='line_1_26' title="bbox 525 3322 2231 3408; baseline -0.001 -20"><span class='ocrx_word' id='word_1_192' title='bbox 525 3325 835 3388; x_wconf 89' lang='lat' dir='ltr'>materies</span> <span class='ocrx_word' id='word_1_193' title='bbox 864 3324 978 3388; x_wconf 92' lang='lat' dir='ltr'>ubi</span> <span class='ocrx_word' id='word_1_194' title='bbox 1004 3324 1182 3389; x_wconf 91' lang='lat' dir='ltr'>inest</span> <span class='ocrx_word' id='word_1_195' title='bbox 1211 3325 1535 3408; x_wconf 88' lang='lat' dir='ltr'>cuiusque</span> <span class='ocrx_word' id='word_1_196' title='bbox 1569 3332 1638 3387; x_wconf 86' lang='lat' dir='ltr'>et</span> <span class='ocrx_word' id='word_1_197' title='bbox 1667 3343 1958 3408; x_wconf 87' lang='lat' dir='ltr'>corpora</span> <span class='ocrx_word' id='word_1_198' title='bbox 1985 3322 2231 3408; x_wconf 90' lang='lat' dir='ltr'>prima:</span> 
     </span>
     <span class='ocr_line' id='line_1_27' title="bbox 526 3437 2305 3525; baseline 0 -23"><span class='ocrx_word' id='word_1_199' title='bbox 526 3446 728 3523; x_wconf 90' lang='lat' dir='ltr'>atque</span> <span class='ocrx_word' id='word_1_200' title='bbox 757 3438 886 3502; x_wconf 89' lang='lat' dir='ltr'>hac</span> <span class='ocrx_word' id='word_1_201' title='bbox 913 3460 989 3502; x_wconf 93' lang='lat' dir='ltr'>re</span> <span class='ocrx_word' id='word_1_202' title='bbox 1017 3444 1364 3524; x_wconf 87' lang='lat' dir='ltr'>nequeunt</span> <span class='ocrx_word' id='word_1_203' title='bbox 1393 3458 1479 3501; x_wconf 85' lang='lat' dir='ltr'>ex</span> <span class='ocrx_word' id='word_1_204' title='bbox 1507 3438 1813 3501; x_wconf 90' lang='lat' dir='ltr'>omnibus</span> <span class='ocrx_word' id='word_1_205' title='bbox 1844 3437 2064 3500; x_wconf 88' lang='lat' dir='ltr'>omnia</span> <span class='ocrx_word' id='word_1_206' title='bbox 2092 3439 2305 3525; x_wconf 89' lang='lat' dir='ltr'>gigni,</span> 
     </span>
     <span class='ocr_line' id='line_1_28' title="bbox 525 3551 2112 3640; baseline -0.001 -23"><span class='ocrx_word' id='word_1_207' title='bbox 525 3551 710 3640; x_wconf 83' lang='lat' dir='ltr'>quod</span> <span class='ocrx_word' id='word_1_208' title='bbox 740 3555 939 3618; x_wconf 86' lang='lat' dir='ltr'>certis</span> <span class='ocrx_word' id='word_1_209' title='bbox 965 3555 1037 3618; x_wconf 91' lang='lat' dir='ltr'>in</span> <span class='ocrx_word' id='word_1_210' title='bbox 1064 3553 1267 3618; x_wconf 90' lang='lat' dir='ltr'>rebus</span> <span class='ocrx_word' id='word_1_211' title='bbox 1295 3552 1471 3616; x_wconf 88' lang='lat' dir='ltr'>inest</span> <span class='ocrx_word' id='word_1_212' title='bbox 1500 3558 1764 3628; x_wconf 87' lang='lat' dir='ltr'>secreta</span> <span class='ocrx_word' id='word_1_213' title='bbox 1790 3551 2078 3617; x_wconf 86' lang='lat' dir='ltr'>facultas</span> <span class='ocrx_word' id='word_1_214' title='bbox 2098 3602 2112 3616; x_wconf 91' lang='lat'><strong>.</strong></span> 
     </span>
     <span class='ocr_line' id='line_1_29' title="bbox 525 3666 2141 3756; baseline -0.001 -23"><span class='ocrx_word' id='word_1_215' title='bbox 525 3677 877 3756; x_wconf 85' lang='lat' dir='ltr'>praeterea</span> <span class='ocrx_word' id='word_1_216' title='bbox 907 3690 1026 3732; x_wconf 90' lang='lat' dir='ltr'>cur</span> <span class='ocrx_word' id='word_1_217' title='bbox 1052 3690 1213 3733; x_wconf 79' lang='lat' dir='ltr'>vere</span> <span class='ocrx_word' id='word_1_218' title='bbox 1241 3689 1465 3734; x_wconf 84' lang='lat' dir='ltr'>rosam</span> <span class='ocrx_word' id='word_1_219' title='bbox 1483 3716 1499 3743; x_wconf 87' lang='lat'>‚</span> <span class='ocrx_word' id='word_1_220' title='bbox 1520 3666 1854 3732; x_wconf 84' lang='lat' dir='ltr'>frumenta</span> <span class='ocrx_word' id='word_1_221' title='bbox 1884 3668 2107 3732; x_wconf 88' lang='lat' dir='ltr'>calore</span> <span class='ocrx_word' id='word_1_222' title='bbox 2126 3716 2141 3742; x_wconf 84' lang='lat'>‚</span> 
     </span>
    </p>

    <p class='ocr_par' dir='ltr' id='par_1_10' title="bbox 375 3781 1990 3859">
     <span class='ocr_line' id='line_1_30' title="bbox 375 3781 1990 3859; baseline 0 -11"><span class='ocrx_word' id='word_1_223' title='bbox 375 3803 468 3849; x_wconf 80' lang='lat'>175</span> <span class='ocrx_word' id='word_1_224' title='bbox 523 3785 697 3848; x_wconf 78' lang='lat' dir='ltr'>vites</span> <span class='ocrx_word' id='word_1_225' title='bbox 728 3792 1043 3848; x_wconf 88' lang='lat' dir='ltr'>autumno</span> <span class='ocrx_word' id='word_1_226' title='bbox 1072 3782 1265 3847; x_wconf 83' lang='lat' dir='ltr'>fundi</span> <span class='ocrx_word' id='word_1_227' title='bbox 1293 3781 1624 3848; x_wconf 85' lang='lat' dir='ltr'>suadente</span> <span class='ocrx_word' id='word_1_228' title='bbox 1651 3782 1955 3849; x_wconf 84' lang='lat' dir='ltr'>videmus</span> <span class='ocrx_word' id='word_1_229' title='bbox 1973 3833 1990 3859; x_wconf 83' lang='lat'>‚</span> 
     </span>
    </p>

    <p class='ocr_par' dir='ltr' id='par_1_11' title="bbox 363 3890 2372 4214">
     <span class='ocr_line' id='line_1_31' title="bbox 363 3890 2206 3984; baseline 0.001 -21"><span class='ocrx_word' id='word_1_230' title='bbox 363 3890 369 3899; x_wconf 58' lang='lat'>⁴</span> <span class='ocrx_word' id='word_1_231' title='bbox 529 3900 585 3963; x_wconf 89' lang='lat' dir='ltr'>si</span> <span class='ocrx_word' id='word_1_232' title='bbox 613 3921 752 3962; x_wconf 92' lang='lat' dir='ltr'>non</span> <span class='ocrx_word' id='word_1_233' title='bbox 771 3947 786 3974; x_wconf 83' lang='lat'>,</span> <span class='ocrx_word' id='word_1_234' title='bbox 809 3905 994 3962; x_wconf 88' lang='lat' dir='ltr'>certa</span> <span class='ocrx_word' id='word_1_235' title='bbox 1024 3920 1147 3962; x_wconf 90' lang='lat' dir='ltr'>suo</span> <span class='ocrx_word' id='word_1_236' title='bbox 1182 3899 1338 3982; x_wconf 89' lang='lat' dir='ltr'>quia</span> <span class='ocrx_word' id='word_1_237' title='bbox 1366 3906 1669 3984; x_wconf 89' lang='lat' dir='ltr'>tempore</span> <span class='ocrx_word' id='word_1_238' title='bbox 1699 3900 1953 3965; x_wconf 85' lang='lat' dir='ltr'>semina</span> <span class='ocrx_word' id='word_1_239' title='bbox 1983 3921 2206 3965; x_wconf 87' lang='lat' dir='ltr'>rerum</span> 
     </span>
     <span class='ocr_line' id='line_1_32' title="bbox 527 3992 2372 4102; baseline 0.002 -25"><span class='ocrx_word' id='word_1_240' title='bbox 527 4035 676 4078; x_wconf 89' lang='lat' dir='ltr'>cum</span> <span class='ocrx_word' id='word_1_241' title='bbox 706 4011 1202 4089; x_wconf 84' lang='lat' dir='ltr'>confluxerunt,</span> <span class='ocrx_word' id='word_1_242' title='bbox 1223 4021 1384 4100; x_wconf 88' lang='lat' dir='ltr'>pate</span> <span class='ocrx_word' id='word_1_243' title='bbox 1413 4014 1490 4078; x_wconf 92' lang='lat' dir='ltr'>fit</span> <span class='ocrx_word' id='word_1_244' title='bbox 1520 4012 1712 4099; x_wconf 85' lang='lat' dir='ltr'>quod</span> <span class='ocrx_word' id='word_1_245' title='bbox 1740 4036 2026 4102; x_wconf 89' lang='lat' dir='ltr'>cumque</span> <span class='ocrx_word' id='word_1_246' title='bbox 2056 4024 2322 4083; x_wconf 85' lang='lat' dir='ltr'>creatur</span> <span class='ocrx_word' id='word_1_247' title='bbox 2343 3992 2372 4085; x_wconf 25' lang='grc' dir='ltr'>,κ</span> 
     </span>
     <span class='ocr_line' id='line_1_33' title="bbox 531 4127 2012 4214; baseline 0.004 -22"><span class='ocrx_word' id='word_1_248' title='bbox 531 4128 689 4192; x_wconf 87' lang='grc'>(111111</span> <span class='ocrx_word' id='word_1_249' title='bbox 718 4136 1156 4214; x_wconf 85' lang='lat' dir='ltr'>tempestates</span> <span class='ocrx_word' id='word_1_250' title='bbox 1186 4127 1437 4193; x_wconf 84' lang='lat' dir='ltr'>adsunt</span> <span class='ocrx_word' id='word_1_251' title='bbox 1462 4137 1532 4194; x_wconf 89' lang='lat' dir='ltr'>et</span> <span class='ocrx_word' id='word_1_252' title='bbox 1558 4128 1785 4194; x_wconf 81' lang='lat' dir='ltr'>vivida</span> <span class='ocrx_word' id='word_1_253' title='bbox 1811 4131 2012 4199; x_wconf 84' lang='lat' dir='ltr'>tellus</span> 
     </span>
    </p>
   </div>
   <div class='ocr_carea' id='block_1_3' title="bbox 533 4301 937 4309">
    <p class='ocr_par' dir='ltr' id='par_1_12' title="bbox 533 4301 937 4309">
     <span class='ocr_line' id='line_1_34' title="bbox 533 4301 937 4309; baseline 0 0"><span class='ocrx_word' id='word_1_254' title='bbox 533 4301 937 4309; x_wconf 95' lang='lat' dir='ltr'> </span> 
     </span>
    </p>
   </div>
   <div class='ocr_carea' id='block_1_4' title="bbox 535 4364 1908 4435">
    <p class='ocr_par' dir='ltr' id='par_1_13' title="bbox 535 4364 1908 4435">
     <span class='ocr_line' id='line_1_35' title="bbox 535 4364 1908 4435; baseline 0.003 -19"><span class='ocrx_word' id='word_1_255' title='bbox 535 4369 632 4417; x_wconf 86' lang='lat'>158</span> <span class='ocrx_word' id='word_1_256' title='bbox 669 4370 728 4416; x_wconf 86' lang='lat' dir='ltr'>ut</span> <span class='ocrx_word' id='word_1_257' title='bbox 767 4365 786 4431; x_wconf 83' lang='grc' dir='ltr'>ΙΙ</span> <span class='ocrx_word' id='word_1_258' title='bbox 826 4370 923 4417; x_wconf 80' lang='grc'>168</span> <span class='ocrx_word' id='word_1_259' title='bbox 961 4364 1140 4419; x_wconf 71' lang='lat' dir='ltr'>den-ta.</span> <span class='ocrx_word' id='word_1_260' title='bbox 1177 4367 1199 4434; x_wconf 80' lang='grc' dir='ltr'>ΙΙ</span> <span class='ocrx_word' id='word_1_261' title='bbox 1239 4370 1336 4419; x_wconf 86' lang='grc'>176</span> <span class='ocrx_word' id='word_1_262' title='bbox 1374 4365 1463 4435; x_wconf 88' lang='lat' dir='ltr'>qui</span> <span class='ocrx_word' id='word_1_263' title='bbox 1501 4366 1522 4433; x_wconf 81' lang='grc' dir='ltr'>Η</span> <span class='ocrx_word' id='word_1_264' title='bbox 1563 4371 1659 4418; x_wconf 88' lang='grc'>177</span> <span class='ocrx_word' id='word_1_265' title='bbox 1698 4373 1908 4421; x_wconf 76' lang='lat' dir='ltr'>orcam.</span> 
     </span>
    </p>
   </div>
   <div class='ocr_carea' id='block_1_5' title="bbox 3019 279 3028 2045">
    <p class='ocr_par' dir='ltr' id='par_1_14' title="bbox 3019 279 3028 2045">
     <span class='ocr_line' id='line_1_36' title="bbox 3019 279 3028 2045; baseline 0 0"><span class='ocrx_word' id='word_1_266' title='bbox 3019 279 3028 2045; x_wconf 95' lang='lat' dir='ltr'> </span> 
     </span>
    </p>
   </div>
   <div class='ocr_carea' id='block_1_6' title="bbox 3020 2198 3027 3863">
    <p class='ocr_par' dir='ltr' id='par_1_15' title="bbox 3020 2198 3027 3863">
     <span class='ocr_line' id='line_1_37' title="bbox 3020 2198 3027 3863; baseline 0 0"><span class='ocrx_word' id='word_1_267' title='bbox 3020 2198 3027 3863; x_wconf 95' lang='lat' dir='ltr'> </span> 
     </span>
    </p>
   </div>
  </div>
 </body>
</html>
