3042 5192
1313 448 1343 514 Ι
2344 453 2435 518 63

207 625 429 688 multae
472 633 674 686 tamen
718 622 870 685 arcis
896 670 909 682 .
967 621 1036 684 in
1078 627 1214 685 tam
1262 629 1500 685 exacta
1554 629 1925 706 temporum
1979 623 2441 688 convenientia

206 721 368 786 nihil
398 721 633 783 obstat
662 739 799 803 quo
829 720 1047 783 minus
1070 718 1551 805 Hieronymum
1577 718 1688 782 hic
1712 718 2034 783 Suetonio
2066 722 2228 785 satis
2256 729 2440 785 recte

206 840 397 883 usum
440 838 593 881 esse
638 815 991 882 credamus
1027 841 1041 880 ε
1087 838 1213 880 1188
1256 816 1549 882 dubitari
1589 825 1821 903 potest
1850 817 2009 902 quin
2036 816 2176 882 fere
2208 818 2441 883 eadem

206 920 273 981 in
300 915 799 980 commentariis
826 915 893 977 in
924 915 1215 979 Lucretii
1256 937 1524 980 carmen
1555 916 1822 1002 scriptis
1850 916 2177 980 invenerit
2210 965 2225 992 ,
2268 940 2440 1003 quos

206 1014 405 1100 vulgo
446 1021 654 1077 notos
699 1012 908 1077 fuisse
954 1021 1240 1079 testatur
1275 1014 1346 1077 in
1387 1013 1700 1100 apologia
1737 1015 1807 1077 in
1845 1013 2153 1077 Rufinum
2195 1016 2440 1099 prima,

207 1121 389 1178 tomo
422 1135 476 1175 11
507 1135 571 1197 p.
589 1110 712 1175 472
744 1109 848 1174 ed.
880 1110 1193 1176 Vallarsii
1224 1161 1238 1174 .
1280 1112 1351 1174 in
1379 1132 1453 1174 re
1481 1119 1649 1175 nota
1684 1112 1848 1176 nihil
1879 1135 2050 1199 opus
2077 1113 2204 1177 fuit
2230 1121 2307 1177 ut
2337 1113 2439 1177 Ci-

202 1209 471 1274 ceronis
512 1229 923 1294 praenomen
962 1216 1248 1296 poneret
1276 1257 1291 1284 ‚
1336 1230 1485 1272 cum
1518 1230 1715 1273 nemo
1754 1211 2096 1296 ignoraret
2124 1211 2442 1291 Quintum

201 1306 727 1393 intellegendum
757 1328 907 1372 esse
941 1356 956 1382 ‚
1005 1328 1155 1369 eum
1177 1309 1396 1394 ipsum
1424 1309 1614 1371 cuius
1646 1307 1855 1372 frater
1886 1306 1972 1372 de
2000 1309 2313 1374 Lucretio
2344 1311 2439 1374 iu·

203 1405 451 1470 dicium
477 1406 730 1490 probat
748 1453 764 1480 ‚
790 1404 1126 1468 hominem
1146 1405 1217 1468 in
1238 1403 1479 1470 studiis
1508 1406 1788 1491 poeticis
1816 1414 2158 1471 versatum
2175 1456 2190 1483 ,
2218 1428 2439 1492 neque

200 1527 241 1568 a
269 1502 706 1592 philosophia
733 1502 1016 1566 alienum
1034 1552 1050 1579 ‚
1073 1501 1197 1594 sed
1224 1503 1388 1567 nulli
1411 1510 1634 1567 certae
1661 1502 2047 1591 disciplinae
2070 1504 2437 1569 addictum.

200 1610 271 1667 at
298 1600 523 1665 nostri
550 1600 957 1686 interpretes
976 1649 992 1676 ‚
1028 1601 1222 1685 quasi
1248 1600 1499 1664 nullum
1528 1603 1657 1666 nisi
1687 1610 2021 1668 oratorem
2053 1602 2440 1667 Ciceronem

196 1706 488 1765 nossent
507 1748 522 1774 ‚
546 1697 632 1763 de
648 1698 944 1763 Lucretii
967 1699 1327 1763 carminum
1351 1699 1814 1764 emendatione
1841 1698 2259 1765 mendacium
2289 1722 2439 1765 esse

198 1800 496 1863 clamant
513 1846 528 1872 ‚
553 1805 780 1861 cetera
794 1795 1048 1860 Donati
1079 1803 1149 1861 et
1166 1796 1560 1885 Hieronymi
1580 1820 1719 1862 non
1743 1807 2066 1864 exornata
2084 1850 2098 1876 ,
2130 1799 2253 1863 sed
2281 1799 2438 1864 ficta

200 1906 271 1960 et
303 1894 766 1959 connnenticia
792 1895 1230 1980 pronuntiant
1255 1945 1269 1959 .
1315 1916 1440 1981 ego
1469 1917 1633 1961 vero
1674 1898 1742 1959 in
1771 1895 2310 1984 Hieronymianis
2337 1899 2435 1960 ni-

196 1994 295 2058 hil
324 1993 596 2058 omnino
628 1990 813 2076 quod
845 1992 1028 2056 credi
1046 2014 1186 2056 non
1204 1993 1426 2079 possit
1444 1993 1744 2059 invenio:
1773 2015 1993 2078 neque
2023 1996 2192 2058 enim
2223 2003 2436 2060 totam

196 2091 442 2177 poesin
469 2111 597 2175 per
623 2090 977 2154 intervalla
1001 2091 1298 2155 insaniae
1323 2092 1760 2176 compositam
1785 2089 1946 2156 dicit
1963 2141 1978 2167 ,
2003 2093 2128 2155 sed
2149 2093 2434 2177 aliquam

196 2195 465 2276 partem
496 2238 511 2251 .
563 2187 718 2252 olim
756 2186 963 2252 fuisse
1007 2190 1122 2273 qui
1164 2209 1237 2253 se
1276 2210 1522 2252 nomen
1571 2209 1841 2273 quoque
1883 2191 2113 2254 uxoris
2144 2190 2436 2254 Lucretii

194 2286 584 2374 repperisse
624 2292 977 2372 putarent,
1017 2286 1263 2350 Petrus
1294 2286 1587 2351 Crinitus
1631 2292 1918 2351 testatur
1948 2310 1962 2349 ε
2002 2294 2246 2372 postea
2274 2287 2433 2352 Sca-

195 2386 366 2470 liger
396 2433 413 2458 ,
462 2384 650 2447 cuius
698 2383 1022 2469 insignem
1061 2382 1396 2469 quendam
1442 2406 1735 2449 errorem
1789 2385 2009 2449 sciens
2048 2393 2399 2470 praetereo
2419 2434 2434 2461 ‚

195 2480 488 2547 eandem
517 2502 656 2544 rem
686 2482 878 2567 quasi
913 2503 1159 2546 novam
1186 2482 1466 2569 protulit
1495 2482 1583 2546 ad
1611 2482 1973 2547 Eusebium
1995 2482 2243 2547 n.1922
2263 2532 2276 2546 .
2309 2483 2433 2547 sci-

194 2583 356 2646 licet
383 2582 455 2646 in
484 2580 930 2666 nugacissimo
959 2580 1182 2645 libello
1202 2629 1217 2656 ‚
1250 2580 1364 2666 (1111
1391 2581 1567 2645 inter
1594 2580 1986 2668 Hieronymi
2014 2602 2222 2667 opera
2251 2591 2434 2646 tomo

192 2703 265 2745 ιι
313 2678 542 2743 editus
589 2686 695 2742 est
733 2679 827 2743 ita
864 2679 1228 2765 inscriptus
1246 2727 1262 2755 ‚
1298 2680 1575 2743 Valem'us
1604 2680 1861 2769 Ruffino
1886 2729 1905 2758 ,
1945 2703 2021 2743 ne
2062 2680 2246 2743 ducat
2281 2703 2433 2744 αωο-

190 2801 327 2842 rem
347 2826 369 2856 ,
399 2775 605 2862 p.245
634 2775 804 2839 11888
832 2776 1145 2862 leguntur
1174 2825 1187 2839 .
1220 2775 1406 2840 Livia
1432 2779 1634 2840 virum
1659 2800 1836 2841 suum
1873 2776 2174 2864 imersecit
2197 2825 2216 2856 ,
2258 2801 2436 2863 quem

189 2876 379 2938 affinis
407 2873 604 2955 0diie5
645 2873 924 2937 Lucillia
948 2897 1127 2938 sumn
1152 2922 1171 2953 ,
1202 2896 1379 2960 quem
1404 2874 1587 2937 nimis
1615 2877 1841 2938 amavit
1871 2923 1885 2936 .
1926 2876 2036 2938 illa
2063 2886 2266 2959 sponte
2291 2877 2434 2938 mis-

190 2975 323 3038 cuit
356 2972 666 3036 aconitum
688 3019 707 3052 ,
747 2971 900 3036 haec
938 2972 1183 3057 decepta
1210 2970 1499 3058 furorem
1526 2973 1882 3055 propinavit
1905 2992 2031 3055 pro
2073 2973 2301 3033 amoris
2317 2994 2434 3055 po·

189 3071 360 3133 cedo,
393 3069 593 3132 amice
615 3115 634 3148 ,
665 3070 989 3132 constariis
1018 3068 1444 3132 contendemmt
1467 3069 1616 3131 voti-s·
1641 3069 1789 3131 istae
1813 3116 1830 3146 ,
1858 3078 2076 3131 neutra
2104 3078 2303 3130 tamen
2331 3068 2433 3130 de-

173 3169 499 3255 fraudata
526 3167 756 3255 εει-βακε
767 3165 1026 3253 fraudis
1036 3166 1348 3254 femineae
1377 3177 1433 3229 et
1446 3166 1708 3250 proprio
1735 3166 1961 3229 scilicet
1987 3165 2208 3228 damno
2225 3212 2238 3225 .

365 3265 511 3328 931.
539 3284 754 3339 ouon
785 3286 1067 3328 1111018.
1097 3263 1176 3327 111
1204 3263 1377 3328 libro
1410 3262 1712 3348 quart06
1742 3284 2048 3327 MAG-ius
2070 3312 2083 3325 .

363 3361 511 3427 932.
534 3382 995 3425 Exsonvnan
1024 3382 1323 3426 ronco,
1354 3361 1433 3424 In
1464 3368 1706 3446 quarto
1736 3382 2031 3424 rmum.

364 3460 511 3524 942.
538 3460 696 3523 sm>
728 3482 1024 3524 POTIUS
1056 3482 1238 3522 ‘mm
1280 3481 1529 3523 moro
1574 3480 1979 3523 mecm-:nux
2016 3479 2434 3523 vAnnscAr.

186 3561 267 3625 In
298 3559 481 3623 libro
513 3565 757 3643 quarto
781 3559 892 3623 tali
915 3569 1113 3623 atacto
1128 3605 1147 3638 ‚
1181 3579 1265 3620 ex
1288 3579 1422 3642 quo
1448 3555 1764 3642 quadrati
1784 3557 1929 3644 ipse
1952 3555 2204 3642 primus
2226 3557 2434 3642 scrip-

184 3669 303 3723 tor
333 3655 499 3720 fecit
528 3653 926 3742 corrigendo
957 3656 1068 3719 tali
1095 3665 1321 3720 attactu
1351 3705 1364 3719 .
1407 3655 1541 3720 hoc
1582 3654 1950 3720 absurdum
1991 3662 2095 3718 est
2122 3678 2136 3717 ε
2179 3661 2437 3719 attactu

183 3754 415 3820 mellis
447 3776 586 3818 non
625 3754 1055 3818 convalescet
1082 3774 1283 3839 puer,
1321 3753 1445 3818 sed
1473 3754 1790 3818 absinthii
1818 3753 2129 3838 potione,
2162 3754 2301 3817 sive
2332 3775 2434 3815 er-

180 3874 349 3918 rore
383 3902 399 3928 ‚
446 3859 522 3915 ut
565 3852 817 3936 placuit
846 3851 1065 3916 Tasso
1098 3900 1114 3926 ‚
1155 3853 1238 3915 da
1277 3853 1582 3937 l'inyanno
1622 3875 1733 3915 suo
1756 3900 1770 3914 .
1812 3852 1924 3915 tali
1945 3851 2125 3938 facto
2162 3861 2438 3914 recreata

181 3950 476 4039 probari
503 3958 740 4035 posset
758 3998 774 4025 ,
804 3951 862 4014 si
889 3949 1000 4013 hic
1025 3947 1247 4013 Ovidii
1277 3971 1513 4014 versus
1546 3958 1760 4026 esset,
1791 3950 1905 4033 qui
1936 3949 2207 4035 scripsit
2233 3950 2302 4012 in
2329 3969 2432 4012 re-

180 4048 434 4115 mediis
492 4048 736 4112 amoris
792 4048 916 4111 479
953 4047 1134 4127 Quod
1177 4049 1366 4134 siquis
1415 4059 1676 4112 vestr-mn
1708 4047 1958 4135 sacuam
2009 4047 2122 4111 Ιιοσ
2169 4049 2437 4127 incusat,

180 4147 417 4214 Achivi
430 4172 457 4229 ,·
487 4146 743 4211 scilicet
769 4167 907 4210 non
936 4153 1233 4210 vestrum
1250 4193 1268 4220 ,
1292 4144 1418 4209 sed
1445 4167 1693 4210 meum.
1726 4152 1798 4209 at
1823 4145 2165 4209 veteribus
2193 4145 2262 4208 in
2274 4144 2441 4231 facti

180 4243 530 4310 vocabulo
578 4244 897 4330 singulari
939 4265 1213 4308 numero
1256 4244 1480 4328 posito
1523 4245 1771 4309 nullam
1815 4244 2097 4308 subiecti
2125 4242 2437 4306 variatio-

176 4366 343 4408 nem
375 4340 735 4407 admittere
766 4342 1018 4427 placuit
1050 4390 1062 4404 .
1106 4341 1334 4427 itaque
1364 4342 1642 4408 Plautus
1673 4343 1816 4407 sine
1846 4342 1983 4406 ulla
2011 4340 2438 4424 ambiguitate

178 4441 469 4527 scripsit
496 4441 567 4505 in
596 4438 882 4525 Epidico
915 4464 956 4516 1,
970 4440 1080 4517 2,ss
1118 4441 1240 4520 Qui
1281 4442 1581 4520 invident,
1623 4443 1816 4504 ommis
1858 4441 2132 4511 inimicos
2168 4439 2257 4500 mi
2295 4438 2441 4499 istoc
