3042 5192
612 458 705 526 64
1694 454 1757 522 Π

603 633 779 695 inter
808 652 881 695 se
910 631 1175 717 genitae
1203 650 1315 696 res
1345 649 1653 715 quaeque
1671 676 1687 703 ‚
1710 628 1806 692 ita
1836 648 2167 713 quamque
2196 636 2543 694 necessest

609 745 906 810 dissimili
935 752 1247 810 constare
1274 743 1490 830 figura
1516 742 2031 828 principiorum3

607 882 745 924 non
777 880 910 944 quo
940 859 1147 923 multa
1174 880 1411 944 parum
1441 856 1633 921 simili
1661 857 1796 920 sint
1821 856 2133 943 praedita
2159 856 2374 921 forma
2391 907 2407 933 ‚

610 973 735 1038 sed
764 974 921 1059 quia
947 995 1085 1037 non
1114 973 1314 1060 volgo
1343 973 1533 1058 paria
1562 972 1868 1036 omnibus
1899 972 2118 1036 omnia
2146 980 2493 1036 constent:

457 1106 554 1153 725
612 1089 862 1154 semina
894 1110 1043 1152 cum
1070 1110 1276 1175 porro
1309 1086 1565 1151 distent
1583 1135 1599 1161 ‚
1624 1084 1891 1150 differre
1918 1095 2271 1151 necessust

610 1202 960 1268 intervalla
978 1251 994 1279 ‚
1016 1203 1159 1267 vias
1178 1252 1194 1278 ‚
1218 1223 1516 1267 conexus
1538 1249 1552 1276 ,
1577 1199 1883 1286 pondera
1900 1250 1916 1277 ‚
1938 1202 2176 1288 plagas
2196 1252 2212 1279 ‚

613 1340 980 1383 concursus
1000 1366 1015 1391 ,
1038 1325 1294 1393 motus3
1321 1336 1493 1401 quae
1521 1336 1659 1379 non
1689 1315 1994 1380 animalia
2022 1316 2237 1381 solum

613 1453 901 1517 corpora
929 1433 1286 1517 seiungunt
1304 1481 1319 1506 ‚
1344 1429 1468 1494 sed
1496 1438 1714 1494 terras
1744 1450 1824 1493 ac
1853 1452 2034 1495 mare
2065 1440 2281 1496 totum

617 1554 977 1612 secernunt
1004 1545 1395 1630 caelumque
1423 1565 1465 1608 a
1492 1544 1690 1607 terris
1721 1565 1914 1607 omne
1943 1553 2317 1611 retentant.

461 1679 560 1726 ‘730
698 1660 896 1724 Nunc
926 1682 1050 1747 age
1082 1659 1264 1724 dieta
1289 1680 1438 1723 meo
1470 1656 1651 1721 dulci
1681 1659 1987 1744 quaesita
2016 1660 2246 1724 labore

615 1775 887 1862 percipe
905 1825 921 1851 ‚
944 1797 1030 1839 ne
1058 1774 1236 1840 forte
1264 1773 1434 1838 haec
1462 1772 1632 1837 albis
1664 1793 1748 1836 ex
1777 1773 1929 1837 alba
1957 1774 2169 1838 rearis

614 1890 955 1976 principiis
989 1911 1171 1966 esse,
1194 1900 1350 1953 ante
1382 1888 1615 1953 oculos
1647 1908 1821 1973 quae
1851 1887 2141 1953 candida
2170 1890 2386 1954 cernis
2406 1939 2422 1963 ‚

617 2014 735 2070 aut
765 2025 843 2068 ea
874 2025 1047 2089 quae
1076 2004 1349 2091 nigrant
1375 2004 1569 2090 nigro
1603 2001 1688 2067 de
1719 2004 1965 2068 semine
1995 2012 2189 2079 nata3

616 2120 770 2183 nive
798 2118 996 2184 alium
1025 2119 1325 2205 quemvis
1346 2168 1361 2195 ‚
1385 2139 1521 2204 quo
1555 2127 1714 2182 sunt
1740 2118 1972 2182 inbuta
2003 2117 2229 2181 colore
2249 2166 2265 2192 ‚

464 2252 563 2298 735
617 2241 980 2321 propterea
1006 2255 1241 2321 gerere
1269 2234 1451 2297 hunc
1482 2231 1723 2297 credas
1743 2282 1759 2308 ‚
1783 2231 1970 2318 quod
1998 2232 2298 2296 materiai

622 2371 910 2433 corpora
939 2349 1260 2413 consimili
1290 2348 1424 2412 sint
1454 2348 1595 2411 eius
1625 2348 1837 2411 tincta
1867 2346 2127 2411 colore:

619 2463 840 2526 nullus
873 2462 1043 2525 enim
1074 2461 1259 2525 color
1289 2469 1394 2524 est
1424 2461 1694 2525 omnino
1721 2460 2023 2524 materiai

623 2575 1019 2659 corporibus
1037 2623 1053 2649 ‚
1074 2596 1294 2659 neque
1322 2596 1447 2658 par
1476 2574 1679 2637 rebus
1709 2594 1932 2659 neque
1964 2572 2252 2658 denique
2285 2573 2515 2660 dispar
2535 2625 2548 2638 .

621 2690 690 2753 in
721 2709 893 2773 quae
922 2709 1213 2773 corpora
1242 2688 1300 2752 si
1328 2687 1550 2752 nullus
1581 2688 1701 2752 tibi
1729 2687 1908 2752 forte
1937 2686 2206 2752 videtur

470 2821 568 2867 740
622 2823 826 2890 posse
856 2802 1053 2867 animi
1080 2802 1362 2866 iniectus
1389 2802 1534 2866 fieri
1553 2851 1568 2877 ‚
1590 2802 1829 2888 procul
1856 2803 2045 2867 avius
2077 2823 2261 2867 erras
2283 2851 2299 2864 .

621 2939 776 2982 nam
806 2938 955 2980 cum
984 2917 1318 3004 caecigeni
1336 2966 1351 2993 ‚
1374 2917 1537 2991 solis
1568 2918 1685 3003 qui
1711 2916 1957 2983 lumina
1982 2938 2342 3003 numquam

629 3031 983 3119 dispexere
1002 3082 1018 3109 ‚
1041 3041 1265 3097 tamen
1296 3039 1714 3119 cognoscant
1743 3053 2031 3119 corpora
2059 3039 2248 3097 tactu
2267 3082 2282 3107 ‚

470 3166 571 3212 744
626 3149 800 3214 scire
827 3147 986 3213 licet
1014 3156 1291 3213 nostrae
1322 3168 1597 3233 quoque
1623 3148 1830 3211 menti
1861 3168 2150 3232 corpora
2179 3170 2383 3233 posse

625 3264 803 3328 vorti
829 3263 897 3326 in
926 3262 1232 3327 notitiam
1260 3262 1446 3327 nullo
1476 3263 1724 3325 circum
1753 3261 1870 3325 lita
1898 3261 2052 3325 fuco
2073 3311 2087 3325 .

629 3375 916 3461 (lenique
944 3398 1071 3440 nos
1100 3375 1228 3461 ipsi
1261 3376 1475 3440 caecis
1507 3396 1681 3460 quae
1711 3396 1993 3460 cumque
2023 3378 2319 3441 tenebris

630 3490 963 3575 tangimus
983 3537 999 3565 ‚
1020 3488 1209 3552 haud
1236 3488 1371 3579 ullo
1404 3489 1725 3553 sentimus
1756 3490 1966 3554 tincta
1998 3490 2222 3555 colore
2242 3540 2256 3554 .

630 3600 817 3688 quod
847 3602 1160 3687 quoniam
1189 3603 1384 3667 vinco
1414 3603 1558 3667 fieri
1578 3653 1593 3679 ‚
1616 3625 1794 3668 nunc
1826 3626 1974 3669 esse
2006 3604 2267 3670 docebo

475 3734 574 3781 743
634 3739 718 3781 ex
743 3717 1013 3781 ineunte
1043 3737 1209 3780 aevo
1239 3718 1423 3782 nullo
1455 3719 1811 3784 coniuncta
1842 3720 2068 3785 colore
2091 3770 2104 3784 .

476 3848 575 3894 749
632 3831 847 3896 omnis
879 3832 1050 3896 enim
1082 3832 1269 3897 color
1299 3833 1568 3898 omnino
1598 3841 1894 3900 mutatur
1920 3836 1989 3899 in
2020 3836 2268 3912 omnis;

633 3945 818 4033 quod
846 3947 1069 4012 facere
1097 3946 1282 4012 haud
1309 3948 1446 4012 ullo
1479 3947 1732 4015 debent
1759 3949 2123 4036 primordia
2149 3960 2350 4036 pacto
2371 4001 2384 4014 .

631 4063 1034 4128 immutabile
1067 4062 1239 4127 enim
1270 4063 1592 4149 quiddam
1624 4087 1944 4151 superare
1972 4072 2352 4137 necessest,

642 4340 736 4387 721
777 4352 999 4406 cumque
1046 4337 1067 4406 ΙΙ
1117 4344 1216 4391 730
1254 4336 1406 4392 dulce
1454 4338 1473 4409 ΙΙ
1521 4345 1620 4392 734
1658 4357 1760 4410 que
1805 4341 1826 4412 ΙΙ
1876 4346 1973 4392 736
2010 4341 2213 4394 colose.
2254 4339 2274 4411 ΙΙ
2326 4348 2421 4394 741
2461 4342 2669 4394 numina
2709 4343 2729 4413 ΙΙ
2766 4346 2854 4393 742

643 4417 950 4489 Despexere
989 4421 1009 4491 ΙΙ
1046 4427 1144 4475 749
1182 4430 1231 4474 et
1271 4422 1468 4475 omnis.
