3042 5192
1306 473 1337 539 I
2331 483 2417 549 61

367 645 502 710 912.
534 645 780 709 Ionns
810 668 848 708 r:
881 668 920 707 L
939 649 1200 708 mmm
1225 695 1238 707 .
1287 644 1452 709 Cum
1478 646 1628 711 Itali
1656 649 1879 734 inepte
1908 648 2224 715 fecissent
2253 654 2428 739 Iynes

219 770 247 808 e
271 747 438 830 liquis
461 793 480 825 ,
513 742 977 807 Wakefieldus
1022 744 1214 827 quasi
1251 765 1375 828 per
1412 745 1719 809 nebulam
1752 748 2126 831 suspicatus
2154 749 2227 813 id
2257 751 2426 816 vidit

219 841 385 926 quod
411 840 831 905 manifestum
862 848 997 917 est,
1020 863 1116 903 ΕΤ
1145 842 1375 925 liquam
1407 893 1418 905 .
1462 841 1727 908 viderat
1752 845 1884 909 hoc
1914 853 2069 910 ante
2101 869 2246 912 eum
2277 872 2422 914 cor-

216 949 421 1004 rector
452 939 767 1025 quadrati
787 988 800 1001 .

361 1037 498 1102 918.
558 1037 792 1100 Hinc
853 1057 1198 1100 immons
1229 1087 1242 1100 .
1308 1038 1668 1104 Corrector
1726 1041 2036 1127 quadrati
2095 1053 2163 1107 et
2219 1050 2419 1110 ceteri

218 1135 401 1200 ΗΜ).
1425 1188 1431 1194 .

360 1233 497 1297 919.
522 1232 718 1296 Fmr
747 1255 1033 1297 ornus
1064 1256 1163 1298 ur
1193 1251 1519 1298 annoto
1555 1285 1567 1298 .
1603 1235 1953 1322 Oblongus
1983 1239 2196 1323 prima
2222 1262 2418 1306 manu

212 1346 269 1398 ut
303 1335 488 1398 anulo
518 1382 532 1395 .
577 1333 726 1397 Itali
766 1342 834 1397 et
872 1335 1183 1422 impressi
1223 1335 1314 1398 uti
1360 1336 1490 1396 risu
1536 1356 1910 1398 TREMULo
1940 1384 1953 1397 .
2009 1336 2078 1398 in
2121 1337 2327 1412 11,976
2366 1350 2424 1403 et

211 1431 635 1494 nhutrenmlo.
1743 1449 1754 1460 ·

358 1528 492 1592 922.
532 1527 688 1592 Nnc
741 1551 838 1592 ΜΕ
889 1551 1133 1592 amm
1184 1551 1463 1593 FALLIT
1702 1529 1841 1593 927.
1881 1529 2126 1594 Tarm
2183 1554 2414 1596 sono.

209 1625 343 1690 Hos
378 1647 613 1690 versus
643 1625 1030 1690 Macrobius
1068 1627 1138 1690 in
1178 1649 1250 1691 vi
1282 1626 1548 1690 Saturn.
1582 1649 1724 1715 cap.
1741 1627 1780 1690 2
1819 1627 2082 1715 profert
2124 1650 2208 1693 ex
2242 1629 2414 1695 libro

206 1725 404 1810 primo
430 1723 724 1787 Lucretii
752 1772 768 1798 ‚
813 1724 1096 1788 collatos
1149 1746 1298 1788 cum
1327 1723 1727 1810 Vergilianis
1776 1724 1883 1789 his
1927 1747 2013 1789 ex
2052 1728 2414 1813 georgicon

206 1844 295 1896 111,
312 1820 427 1885 289
441 1870 456 1896 ,
480 1822 619 1886 IVec
643 1844 779 1885 sum
807 1824 1002 1885 animi
1029 1822 1275 1902 dubius,
1303 1824 1499 1887 verbis
1526 1847 1599 1887 ea
1626 1825 1864 1888 vincere
1889 1847 2179 1909 maqnmn
2214 1826 2414 1904 Quam
2447 1839 2458 1846 ‘

203 1921 273 1981 sit
294 1931 348 1983 et
371 1921 635 2004 unqu-stis
661 1919 822 1983 hunc
861 1920 1088 1983 addere
1126 1920 1303 1984 rebus
1338 1921 1627 1985 honorem
1651 1947 1672 1984 .·
1711 1922 1841 1986 Sed
1872 1945 1969 1986 me
1999 1923 2269 1986 Parnasi
2308 1925 2410 1987 de-

200 2027 347 2079 serta
372 2039 491 2101 per
526 2017 742 2079 ardua.
772 2017 965 2080 dulcis
994 2018 1228 2102 Rapiat
1270 2040 1483 2082 amor.
1511 2021 1683 2082 iuvat
1727 2022 1820 2082 ire
1865 2021 2026 2105 iuqis
2075 2043 2198 2106 qua
2241 2023 2412 2086 nulla

192 2115 459 2198 priorum
497 2114 827 2178 Castaliam
862 2115 1033 2177 molli
1071 2115 1393 2178 devertitur
1431 2117 1626 2180 orbita
1671 2118 1821 2180 clivo
1841 2167 1854 2180 .
1888 2138 2171 2201 quorum
2213 2119 2409 2183 abso·

197 2211 325 2275 luta
362 2211 921 2296 interpretatione
953 2210 1225 2276 Servius
1271 2211 1633 2298 adscripsit
1662 2211 1787 2275 Hic
1816 2224 2016 2277 autem
2057 2224 2208 2278 totus
2248 2217 2413 2279 locu-s·

199 2310 265 2372 de
292 2309 577 2373 Lucretio
605 2311 935 2373 translatm
963 2321 1086 2373 est:
1113 2330 1240 2372 nec
1281 2316 1511 2394 potest
1552 2306 1842 2373 dubitari
1886 2310 2046 2394 quin
2073 2310 2410 2398 Vergilius

195 2406 313 2471 hos
346 2427 584 2471 versus
621 2406 692 2469 in
730 2406 903 2470 libro
947 2406 1162 2492 primo
1203 2408 1493 2494 scriptos
1533 2407 1769 2493 legerit
1799 2457 1813 2470 .
1847 2407 2054 2473 nihilo
2095 2410 2310 2475 minus
2342 2419 2411 2476 et

193 2504 419 2568 horum
461 2512 760 2568 extrema
800 2511 868 2567 et
909 2524 1082 2588 quae
1125 2511 1446 2569 secuntur
1473 2504 1735 2570 Nonius
1766 2526 1839 2569 se
1864 2507 1935 2568 in
1963 2506 2135 2571 libro
2167 2517 2407 2594 quarto

192 2602 418 2689 legisse
457 2610 752 2667 testatur
790 2602 1104 2687 p.319‚15
1149 2601 1343 2679 2528
1380 2603 1619 2678 413,16
1663 2603 1799 2679 190,
1815 2602 1895 2667 24
1937 2602 2208 2681 241,31.
2251 2629 2405 2672 auc-

192 2702 414 2764 toritas
451 2701 813 2784 utrobique
852 2719 1065 2786 paene
1107 2720 1230 2786 par
1272 2707 1376 2765 est
1402 2750 1417 2777 ,
1466 2703 1758 2766 carmina
1795 2703 1944 2788 ipsa
1979 2702 2151 2768 libro
2190 2709 2406 2792 primo

189 2797 866 2863 accommodatissima
883 2846 898 2873 ,
926 2819 1064 2861 non
1095 2800 1317 2882 quarti
1345 2799 1737 2884 prohoemio
1767 2848 1782 2874 ‚
1817 2801 1923 2862 cui
1951 2801 2159 2866 multo
2190 2805 2405 2869 minus

188 2897 581 2961 conveniunt
606 2896 722 2960 illa
749 2944 765 2970 ‚
800 2897 1190 2981 Reliqionum
1218 2898 1491 2961 animum
1518 2898 1695 2961 nodi-s·
1722 2899 2021 2962 exsolvere
2049 2923 2245 2986 peryo
2275 2903 2406 2987 (sic

186 2996 344 3058 enim
372 2996 736 3079 utrobique
764 2987 1187 3059 membrafiae
1206 3043 1221 3070 ,
1253 3016 1390 3058 non
1420 2993 1726 3077 animos),
1762 3014 1963 3078 quam
2001 2997 2059 3059 si
2094 3018 2403 3081 praeces-

184 3094 335 3157 serit
362 3101 441 3158 ut
467 3093 537 3156 in
566 3093 780 3179 primo
811 3093 1003 3157 Nunc
1041 3116 1155 3179 aye
1173 3141 1192 3174 ,
1237 3093 1404 3179 quod
1437 3116 1622 3177 ,ενιῳεν
1662 3103 1749 3155 est
1775 3113 2057 3176 coquos-ce
2096 3104 2154 3156 et
2179 3095 2407 3158 clarius

181 3191 321 3253 audi
344 3239 364 3270 ,
413 3211 497 3254 ex
541 3212 677 3275 quo
720 3190 1161 3276 intellegimus
1199 3197 1470 3277 poetam
1509 3189 1583 3253 id
1613 3210 1813 3274 agere
1842 3196 1918 3252 ut
1945 3189 2237 3254 Memmii
2266 3194 2402 3256 ani-

180 3309 343 3352 mum
374 3288 804 3374 religionibus
836 3288 1087 3352 solvat.
1121 3287 1244 3352 sed
1273 3292 1398 3353 etsi
1429 3287 1875 3353 concedamus
1903 3286 2072 3350 haec
2102 3288 2187 3352 ab
2216 3297 2402 3353 utro-

178 3407 300 3470 que
326 3387 487 3450 loco
517 3407 657 3449 non
687 3386 902 3450 aliena
933 3407 1081 3450 esse
1101 3435 1116 3462 ,
1149 3393 1370 3450 tamen
1400 3388 1644 3472 quibus
1675 3387 1981 3451 versibus
2010 3385 2246 3470 aliquis
2274 3387 2405 3451 iam

175 3505 326 3549 usus
357 3484 453 3549 sit
480 3491 643 3571 apto
673 3483 826 3548 loco
847 3532 863 3560 ‚
895 3483 1168 3548 eosdem
1194 3484 1653 3550 inrevocatum
1689 3485 1933 3548 iterare
1960 3484 2030 3547 in
2058 3483 2226 3549 alius
2253 3485 2403 3551 libri

173 3581 564 3665 prohoemio
597 3588 669 3644 et
694 3582 1008 3667 pauperis
1036 3582 1283 3667 ingenii
1314 3590 1418 3646 est
1448 3591 1515 3647 et
1543 3581 1786 3646 nullius
1814 3580 2038 3645 iudicii
2069 3632 2082 3645 .
2117 3604 2401 3667 quorum

174 3680 317 3763 quia
346 3686 667 3743 neutrum
693 3679 1162 3743 inLucretium
1193 3678 1406 3756 cadit,
1426 3679 1753 3765 Forbiger
1770 3729 1785 3755 ‚
1814 3687 1891 3744 ut
1920 3687 2025 3745 est
2051 3681 2401 3748 infeliciter

170 3797 369 3863 sagax
405 3826 423 3853 ‚
459 3777 530 3840 in
557 3777 731 3841 libro
786 3777 1002 3864 primo
1057 3775 1499 3849 Anacxeyacrs'm
1550 3776 1917 3842 odoratur:
1958 3778 2138 3842 hunc
2179 3779 2399 3864 θγρεο-

169 3881 359 3948 πλῆΓα
392 3874 605 3939 fuisse
632 3875 915 3950 mavult,
936 3875 1318 3939 Lucretium
1345 3897 1481 3938 non
1513 3874 1731 3940 credit
1747 3925 1762 3952 ‚
1791 3897 2012 3961 neque
2039 3876 2220 3940 hunc
2247 3876 2399 3941 illos

168 3971 430 4039 divinos
456 3995 697 4038 versus
726 3972 1016 4037 fudisse:
1047 3972 1413 4059 Vergilium
1440 4021 1456 4048 ,
1493 3974 1649 4058 quia
1678 3974 1870 4037 simul
1899 3973 2078 4038 aliud
2106 3974 2402 4038 Lucretii

166 4091 432 4136 carmen
469 4072 538 4134 in
588 4092 785 4136 usum
835 4093 1028 4135 suum
1081 4071 1415 4135 convertit
1444 4119 1459 4146 ‚
1516 4070 1704 4157 quod
1746 4079 1852 4136 est
1901 4073 1971 4136 in
2025 4073 2197 4138 libro
2241 4097 2302 4150 v,
2319 4074 2398 4137 97

166 4169 292 4232 Nec
316 4192 425 4234 me
465 4170 664 4232 animi
688 4168 871 4255 fallit
901 4206 970 4215 —
1006 4191 1193 4255 quam
1221 4169 1476 4259 dffficile
1512 4170 1584 4233 id
1605 4170 1759 4234 mihi
1794 4172 1874 4234 sit
1889 4172 2243 4256 pervincere
2271 4171 2399 4234 dic·

160 4267 253 4345 tis,
285 4288 371 4331 ex
405 4265 581 4329 libro
610 4266 825 4353 primo
854 4266 1020 4329 nihil
1041 4266 1406 4352 sumpsisse
1436 4266 1778 4345 adfirmat,
1802 4290 1951 4332 cum
1983 4275 2205 4332 tamen
2236 4276 2304 4331 et
2330 4269 2398 4331 in

161 4363 643 4429 sententiarum
686 4364 1152 4427 coniunctione
1209 4372 1277 4428 et
1322 4364 1392 4427 in
1433 4364 1548 4429 illo
1590 4367 1755 4430 dulci
1793 4389 2001 4431 amore
2049 4366 2398 4431 manifesta

159 4461 283 4526 sint
298 4462 698 4528 imitationis
719 4462 1003 4547 vestigia
1019 4511 1034 4539 ‚
1056 4460 1366 4547 idemque
1378 4461 1716 4547 Vergilius
1742 4485 1826 4527 ex
1846 4463 1952 4528 his
1972 4464 2084 4528 illa
2103 4463 2398 4549 petierit,
