3042 5192
610 459 701 525 74
1685 457 1746 526 11

601 633 693 696 nil
722 629 892 695 adeo
922 650 1235 715 magnum
1262 651 1481 716 neque
1510 638 1648 695 tam
1677 631 1974 697 mirabile
2005 632 2360 718 quicquam
2379 681 2395 707 ‚

604 744 789 832 quod
817 767 957 809 non
984 744 1305 831 paulatim
1330 745 1601 811 mittant
1627 746 1925 811 mirarier
1955 767 2186 811 omnes
2205 796 2218 810 .

410 880 538 926 1030
594 861 920 949 percipito
952 861 1119 926 caeli
1147 860 1398 926 clarum
1425 882 1800 948 purumque
1830 861 2125 926 colorem
2143 910 2158 937 ‚

605 998 914 1063 quaeque
943 976 1014 1040 in
1042 997 1116 1040 se
1146 976 1448 1052 cohibet,
1470 976 1770 1062 palantia
1797 975 2024 1041 sidera
2049 978 2300 1062 passim
2316 1026 2333 1049 ‚

604 1093 960 1176 lunamque
991 1098 1060 1155 et
1088 1091 1250 1155 solis
1278 1090 1626 1177 praeclara
1651 1091 1800 1156 luce
1827 1092 2149 1167 nitorem3

602 1208 822 1272 omnia
851 1227 1025 1292 quae
1053 1226 1231 1269 nunc
1261 1205 1319 1270 si
1346 1206 1631 1291 primum
1657 1205 2054 1272 mortalibus
2085 1213 2349 1282 extent,

601 1344 687 1387 ex
712 1321 1057 1408 inproviso
1088 1321 1146 1385 si
1174 1321 1310 1384 sint
1337 1320 1602 1385 obiecta
1629 1329 1912 1406 repente
1929 1369 1945 1397 ,

412 1456 537 1502 1035
598 1437 763 1524 quid
789 1437 996 1522 magis
1026 1435 1133 1499 his
1160 1435 1363 1500 rebus
1393 1442 1665 1521 poterat
1691 1436 1992 1501 mirabile
2023 1434 2154 1501 dici
2171 1485 2189 1514 ‚

605 1560 723 1616 aut
749 1552 965 1615 minus
995 1558 1150 1614 ante
1181 1547 1368 1636 quod
1397 1547 1725 1615 auderent
1749 1550 1898 1616 fore
1928 1549 2204 1616 credere
2233 1561 2470 1638 gentes
2488 1553 2519 1614 ⁴?

600 1667 694 1731 nil
711 1716 727 1743 ‚
747 1674 824 1730 ut
854 1666 1123 1750 opinor:
1146 1664 1241 1729 ita
1265 1664 1436 1730 haec
1465 1665 1726 1750 species
1754 1665 2057 1731 miranda
2083 1666 2322 1733 fuisset
2341 1719 2355 1731 .

607 1804 804 1868 quam
830 1781 952 1846 tibi
978 1781 1107 1843 iam
1135 1801 1329 1844 nemo
1349 1828 1366 1856 ‚
1387 1779 1612 1845 fessus
1642 1781 1882 1845 satiate
1909 1781 2184 1846 videndi
2201 1831 2218 1858 ‚

601 1897 939 1982 suspicere
967 1896 1037 1959 in
1067 1895 1234 1960 caeli
1262 1893 1576 1981 dignatur
1602 1895 1827 1961 lucida
1853 1897 2136 1983 templa!

413 2030 540 2077 1040
608 2010 839 2076 desine
872 2032 1005 2097 qua
1032 2018 1312 2096 propter
1339 2012 1642 2076 novitate
1673 2012 2034 2077 exterritus
2061 2013 2212 2098 ipsa

605 2148 898 2212 expuere
930 2147 1014 2189 ex
1043 2126 1260 2190 animo
1291 2126 1619 2191 rationem
1637 2175 1653 2202 ,
1676 2126 1800 2191 sed
1827 2129 2036 2214 magis
2066 2130 2206 2194 acri

598 2241 843 2306 iudicio
872 2239 1216 2327 perpende
1236 2289 1251 2317 ‚
1276 2248 1344 2305 et
1374 2241 1431 2305 si
1461 2242 1582 2323 tibi
1609 2263 1771 2307 vera
1797 2242 2113 2308 videntur
2131 2292 2148 2319 ‚
2209 2269 2218 2275 ·

604 2355 779 2420 dede
808 2378 1040 2421 manus
1058 2404 1074 2431 ‚
1097 2363 1215 2420 aut
1232 2404 1248 2431 ‚
1272 2356 1329 2420 si
1354 2354 1598 2420 falsum
1627 2366 1734 2422 est
1749 2406 1765 2433 ‚
1789 2359 2139 2444 accingere
2170 2367 2439 2424 contra.

603 2472 865 2557 quaerit
894 2472 1065 2535 enim
1092 2470 1420 2535 rationem
1449 2472 1705 2536 animus
1723 2521 1739 2548 ‚
1762 2494 1911 2536 cum
1941 2494 2194 2538 summa
2221 2474 2353 2538 loci
2382 2475 2474 2538 sit

408 2606 535 2651 1045
598 2587 854 2651 infinita
880 2586 1046 2650 foris
1073 2585 1245 2649 haec
1276 2592 1468 2649 extra
1496 2586 1759 2650 moenia
1787 2585 2018 2649 mundi
2037 2634 2053 2661 ‚

602 2700 766 2789 quid
795 2703 882 2765 sit
908 2701 998 2764 ibi
1025 2720 1232 2785 porro
1252 2748 1267 2774 ,
1293 2720 1427 2784 quo
1456 2699 1847 2784 prospicere
1876 2721 2092 2784 usque
2125 2700 2288 2764 velit
2316 2722 2504 2764 mens

605 2826 809 2903 atque
841 2815 1036 2879 animi
1064 2815 1278 2878 iactus
1306 2813 1474 2878 liber
1506 2834 1642 2899 quo
1674 2814 1981 2900 pervolet
2009 2815 2156 2899 ipse
2176 2863 2189 2877 .

682 2930 1019 3015 Principio
1049 2928 1244 2993 nobis
1271 2929 1341 2992 in
1370 2937 1649 2993 cunctas
1677 2927 1976 3014 undique
2004 2929 2217 3015 partis

601 3055 669 3112 et
695 3046 906 3111 latere
939 3066 1026 3109 ex
1053 3052 1343 3129 utroque
1375 3065 1582 3130 supra
1610 3052 1978 3130 supterque
2007 3065 2131 3129 per
2159 3066 2354 3108 omne

408 3182 534 3229 1050
598 3162 780 3227 nulla
810 3170 914 3226 est
940 3161 1090 3225 finis
1109 3185 1126 3237 ς
1146 3159 1246 3223 uti
1277 3157 1476 3224 docui
1494 3208 1510 3235 ‚
1536 3181 1647 3224 res
1675 3161 1957 3245 ipsaque
1984 3181 2109 3245 per
2138 3181 2212 3223 se

597 3278 1007 3343 vociferatur
1025 3325 1040 3353 ‚
1065 3282 1133 3340 et
1162 3275 1381 3339 elucet
1407 3284 1650 3339 natura
1677 3272 1998 3358 profundi
2016 3322 2029 3335 .

597 3393 780 3457 nullo
810 3393 939 3456 iam
967 3398 1170 3476 pacto
1199 3389 1342 3453 veri
1372 3388 1580 3451 simile
1612 3409 1761 3451 esse
1790 3385 2228 3472 putandumst
2250 3437 2265 3463 ‚

599 3506 896 3591 undique
928 3526 1075 3568 cum
1102 3525 1376 3567 vorsum
1407 3502 1696 3587 spatium
1724 3510 1921 3566 vacet
1948 3501 2272 3567 infinitum

597 3622 978 3707 seminaque
1006 3619 1351 3682 innumero
1380 3637 1659 3680 numero
1690 3638 2077 3702 summaque
2105 3617 2446 3703 profunda

411 3758 535 3805 1055
600 3733 1006 3803 multimodis
1034 3732 1317 3796 volitent
1346 3740 1623 3796 aeterno
1652 3732 1913 3818 percita
1938 3740 2125 3797 motu
2144 3782 2160 3807 ‚

597 3853 776 3917 hunc
805 3871 1007 3914 unum
1035 3856 1364 3913 terrarum
1392 3849 1625 3912 orbem
1655 3849 2045 3933 caelumque
2077 3855 2372 3913 creatum
2392 3897 2407 3923 ‚

597 3969 692 4032 nil
719 3987 917 4052 agere
946 3965 1058 4028 illa
1084 3962 1249 4027 foris
1279 3971 1385 4028 tot
1415 3984 1703 4049 corpora
1731 3963 2064 4039 materiai3

599 4105 747 4148 cum
774 4079 1167 4168 praesertim
1198 4078 1306 4142 hic
1337 4079 1424 4143 sit
1451 4088 1692 4144 natura
1723 4078 1943 4143 factus
1963 4128 1979 4153 ‚
2004 4086 2073 4143 et
2100 4078 2247 4162 ipsa

608 4367 740 4415 1029
766 4360 1002 4413 minuant
1027 4358 1280 4412 miraliten·
1319 4359 1340 4426 ΙΙ
1381 4365 1508 4411 1030
1537 4357 1807 4427 Principio
1846 4357 1866 4424 ΙΙ
1909 4363 2031 4410 1031
2062 4357 2310 4410 cohibent
2348 4355 2370 4424 ΙΙ
2415 4364 2542 4410 1033
2571 4366 2774 4412 essent.
2813 4408 2818 4419 ,

608 4451 737 4498 1047
766 4451 935 4497 tactus
963 4443 1128 4496 libero
1167 4442 1187 4510 ΙΙ
1230 4448 1358 4495 1049
1397 4458 1558 4511 supra
1584 4448 1846 4494 omissum.
1889 4440 1911 4509 ΙΙ
1948 4457 2213 4511 superque
2248 4440 2270 4507 ΙΙ
2311 4447 2437 4493 1052
2480 4443 2649 4495 verist
2673 4441 2792 4495 mile
