3042 5192
647 472 784 541 108
1720 466 1781 533 11

639 644 1021 721 manamaur,
1051 640 1426 726 τεχΝὰΖοΜω
1459 690 1472 714 ,
1513 637 1689 703 idem
1722 661 1757 702 e
1789 638 2037 725 cyrillo
2069 637 2378 723 πειράτω,
2415 649 2666 725 tempto,
2694 663 2852 704 man·

637 745 810 808 euler
838 740 1068 828 (debet
1095 751 1315 802 autem
1345 758 1495 802 esse
1522 737 1950 821 manticuler):
1979 737 2208 821 itaque
2234 734 2479 801 Festus
2508 738 2700 824 p.133
2719 750 2852 825 pet-

638 853 736 906 tae
773 840 992 926 inquit
1023 860 1143 924 pre
1184 837 1386 901 dolose
1425 837 1580 923 quid
1617 836 1851 922 aqende
1882 838 1982 900 uei
2006 846 2147 900 wit
2172 859 2243 900 ee
2270 837 2448 901 verbe
2479 886 2493 899 .
2543 844 2615 900 et
2643 858 2852 921 quam-

640 960 838 1025 quam
868 937 1007 1001 scio
1038 936 1107 998 in
1137 934 1480 1020 glossariis
1502 934 1664 1011 Maii
1681 983 1696 1009 ‚
1729 954 1900 1019 quae
1932 940 2091 998 sunt
2116 934 2187 997 in
2208 941 2393 999 tomo
2418 942 2618 999 sexto
2640 942 2855 999 aucto-

637 1060 784 1102 rum
825 1034 1301 1109 classicorum,
1338 1057 1402 1120 p.
1429 1031 1552 1096 533
1577 1032 1700 1097 566
1740 1033 2146 1095 manticulare
2185 1031 2388 1119 paulo
2426 1033 2745 1119 pinguius
2779 1034 2856 1097 ita

639 1133 886 1221 exponi
925 1140 1001 1197 ut
1043 1130 1306 1195 dicatur
1349 1151 1498 1194 esse
1522 1131 1840 1217 fraudare
1878 1130 2218 1216 velfurare
2244 1130 2530 1216 velfurte
2559 1132 2854 1217 decipere,

636 1235 796 1298 item
835 1232 906 1295 in
955 1229 1194 1294 eodem
1233 1228 1347 1293 illo
1390 1227 1574 1315 apud
1611 1228 1998 1293 Labbaeum
2042 1228 2457 1293 onomastico
2500 1231 2854 1294 manticula-

634 1334 811 1410 n‘uS,
855 1328 1171 1401 κλέπτης,
1219 1348 1415 1412 quem
1457 1325 1819 1391 admodum
1862 1325 2105 1390 Festus
2153 1347 2427 1411 quoque
2470 1328 2854 1391 manticulan

636 1428 990 1494 dicebantur
1015 1426 1234 1511 inquit
1255 1448 1362 1512 qut
1351 1424 1650 1512 furandi
1669 1427 1881 1511 qratia
1906 1425 2274 1489 manticulas
2301 1425 2745 1504 attrectabant,
2772 1427 2851 1489 ni-

633 1528 770 1593 hilo
810 1526 1026 1590 minus
1065 1523 1199 1588 hoc
1241 1524 1641 1588 vocabulum
1680 1546 1723 1588 a
1762 1523 2084 1609 dignitate
2125 1522 2325 1586 huius
2353 1524 2691 1609 poematis
2720 1524 2851 1588 alie-

634 1647 794 1690 num
829 1621 1043 1686 videri
1083 1643 1220 1685 non
1258 1619 1464 1685 debet
1491 1670 1506 1697 ‚
1551 1644 1701 1686 cum
1728 1620 1972 1685 Festus
2002 1643 2081 1685 eo
2113 1620 2477 1685 Pacuvium
2500 1621 2575 1684 in
2604 1628 2851 1707 tragoe-

635 1723 762 1788 diis
791 1743 984 1786 usum
1013 1741 1160 1783 esse
1189 1726 1514 1798 testetur,
1498 1744 1513 1759 ·
1547 1721 1734 1785 cuius
1764 1719 1900 1783 duo
1930 1741 2169 1784 versus
2200 1717 2494 1783 schedae
2515 1719 2849 1805 Pomponii

633 1821 826 1886 Laeti
863 1841 1001 1884 non
1031 1818 1196 1882 satis
1224 1819 1523 1904 integros
1556 1818 1920 1894 exhibent,
1964 1817 2099 1882 duo
2128 1817 2375 1882 nullam
2405 1816 2849 1882 difficultatem

632 1921 921 1994 habent,
954 1938 1125 2004 quos
1156 1916 1449 1980 subieci.
1487 1918 1598 1981 Ad
1620 1917 2146 1981 mantietdandum
2175 1927 2310 1981 astu
2337 1917 2735 2002 ayqredittaer:
2758 1919 2852 1981 ecit

634 2022 795 2084 enim
830 2017 985 2105 quid
1007 2016 1467 2101 promeruerit.
1511 2015 1867 2100 Aqqrediar
1896 2026 2034 2079 astu
2059 2038 2192 2079 rem
2222 2013 2551 2100 (schedae
2581 2018 2851 2100 nyma).-

630 2115 1151 2181 manticulandum
1179 2125 1264 2178 est
1287 2113 1467 2177 mihi.

800 2212 940 2277 553.
988 2232 1419 2275 ‘nexus-rna
1449 2259 1466 2286 ‚
1506 2232 1874 2275 GAVI-:RNA
1905 2260 1920 2286 ‚
1965 2210 2413 2275 Auria-‚muas
2445 2260 2461 2285 ‚
2503 2234 2847 2275 Pnonnx.

635 2311 1024 2394 Quadratus
1042 2332 1323 2396 proaem:
1362 2317 1705 2373 corrector
1734 2309 2006 2395 oblongi
2023 2357 2038 2385 ,
2066 2309 2357 2374 fortasse
2385 2330 2527 2374 non
2555 2310 2667 2374 ille
2696 2310 2847 2374 anti-

635 2412 989 2498 quissimus
1023 2457 1037 2483 ,
1082 2430 1230 2471 ruo
1247 2430 1410 2471 nan
1438 2457 1452 2471 .
1489 2406 1672 2493 apud
1700 2406 1994 2471 Nonium
2020 2430 2085 2494 p.
2100 2406 2240 2483 200,
2258 2406 2339 2470 33
2367 2407 2436 2471 in
2465 2429 2673 2472 versu
2701 2407 2849 2472 Attii

618 2509 866 2594 prerim
895 2506 1035 2570 sive
1052 2529 1310 2591 prorem
1327 2554 1341 2568 .
1377 2507 1444 2569 in
1473 2507 1605 2571 fine
1632 2528 1870 2571 versus
1899 2507 2144 2593 prioris
2176 2513 2521 2571 corrector
2551 2505 2847 2593 quadrati

630 2628 922 2670 cavernas
936 2653 955 2686 ,
995 2605 1220 2689 inepte
1239 2652 1254 2678 ‚
1297 2605 1491 2688 quasi
1534 2605 1683 2690 quis
1727 2614 1843 2671 aut
1880 2605 2205 2670 foramina
2244 2613 2481 2670 natare
2523 2605 2711 2671 dicat
2748 2614 2847 2670 aut

633 2709 1029 2768 curvaturas
1063 2708 1434 2766 costarum:
1462 2723 1619 2765 nam
1649 2702 1838 2788 quod
1865 2703 2073 2768 habet
2104 2703 2376 2768 Servius
2408 2702 2500 2767 ad
2518 2704 2847 2769 Aeneidos

633 2826 703 2877 11,
723 2801 800 2865 19
818 2850 834 2877 ‚
864 2800 1188 2888 aliifustes
1217 2823 1431 2866 marves
1455 2802 1740 2881 navium,
1768 2802 1986 2888 quibu-3
2014 2804 2383 2866 extrinsecus
2422 2802 2672 2867 tabulae
2709 2803 2846 2892 adfi-

625 2913 880 2988 quatur,
925 2923 1217 2965 caverna-s·
1246 2901 1639 2985 appellarunt
1657 2950 1676 2980 ,
1714 2900 1786 2964 id
1812 2901 1910 2965 ita
1935 2908 2014 2964 ut
2038 2899 2240 2965 modo
2272 2899 2581 2964 dicebam
2608 2901 2845 2965 intelle·

631 2999 921 3086 gendum
953 3005 1058 3063 est
1088 3047 1102 3062 .
1146 2998 1480 3062 Antonius
1509 2997 1705 3062 Marii
1740 3005 1810 3062 et
1838 2998 2163 3062 Marullus
2193 3000 2475 3063 cao-inam
2501 3047 2519 3077 ‚
2564 2999 2719 3063 olim
2743 2999 2846 3062 im-

629 3098 848 3186 pressi
888 3100 1138 3163 carinas
1166 3147 1180 3162 .
1223 3096 1587 3161 Lambinus
1616 3097 1957 3162 verissime
1990 3119 2368 3162 anamma
2387 3146 2402 3172 ‚
2429 3106 2511 3161 ut
2539 3098 2610 3161 in
2642 3096 2845 3172 1v‚439

630 3210 686 3262 et
710 3210 878 3263 reeta
903 3220 1165 3283 &apeme
1187 3195 1463 3281 „quberaa
1479 3244 1493 3257 .

796 3296 935 3359 555.
966 3315 1473 3358 Ἑισιτᾼιιτιᾼ
1505 3295 1926 3358 ΡιᾹιιει-ΒΑ
1957 3343 1971 3357 .
2013 3294 2125 3358 Sic
2155 3293 2531 3379 oblongus:
2571 3293 2843 3379 quadra·

629 3401 740 3458 tus
768 3395 909 3457 sine
936 3398 1103 3456 nota
1118 3394 1437 3478 plaustra.
1466 3391 1795 3457 Marullus
1825 3414 2243 3457 Arnus‘rna
2263 3441 2278 3456 .

797 3490 937 3554 559.
978 3511 1319 3554 PLAcxm
1361 3513 1779 3555 PELLACIA
1822 3490 2346 3555 ronr1.Haec
2389 3493 2646 3567 verba,
2690 3511 2843 3577 quae

627 3593 984 3654 recurrunt
1023 3588 1092 3651 in
1125 3610 1188 3665 v,
1207 3589 1411 3665 1004,
1452 3590 1858 3675 interpretes
1887 3589 2167 3675 Vergilii
2194 3588 2637 3655 Veronenses
2678 3588 2843 3653 exhi·

628 3688 792 3751 bent
830 3684 921 3751 ad
948 3685 1291 3752 Aeneidos
1321 3711 1391 3760 11,
1405 3688 1533 3765 903
1572 3687 1688 3752 ubi
1730 3709 1863 3772 quo
1904 3688 2047 3752 iure
2076 3688 2410 3753 Henricus
2438 3688 2701 3753 Keilius
2731 3707 2841 3774 po·

624 3787 759 3852 tius
782 3787 921 3851 Nee
936 3797 1183 3871 peterat
1207 3809 1578 3873 quemquam
1604 3784 1942 3850 addiderit
1973 3806 2169 3871 quam
2200 3786 2473 3851 Subdola
2502 3809 2647 3851 own
2673 3785 2843 3859 ridet,

628 3885 853 3949 dicere
892 3906 1032 3949 non
1070 3906 1389 3970 possum.
1431 3891 1669 3948 nostro
1708 3905 1906 3949 versu
1937 3883 2398 3972 Philargyrius
2437 3907 2610 3950 usus
2642 3892 2737 3949 est
2758 3879 2843 3945 ad

625 4003 853 4070 georg.
886 3982 1145 4059 1v‚443;·
1173 3980 1356 4068 apud
1386 4003 1583 4066 quem
1600 3984 1845 4068 penitm
1872 3982 2116 4068 legitur
2144 4003 2270 4069 pro
2290 3982 2534 4067 placidi
2551 4032 2567 4046 .

792 4080 933 4145 560.
964 4102 1035 4145 sl
1067 4102 1338 4145 lut-nu
1356 4102 1453 4144 TA
1474 4129 1488 4143 .
1521 4080 1881 4145 Corrector
1905 4079 2217 4165 quadrati
2245 4088 2314 4145 et
2333 4080 2643 4168 impressi
2661 4082 2713 4144 si
2730 4100 2841 4141 rx·

627 4202 706 4244 m
725 4202 825 4244 TA
857 4228 870 4242 .
912 4180 982 4242 in
1021 4179 1342 4265 proximis
1373 4199 1522 4242 eum
1550 4200 1820 4244 versum
1860 4180 2046 4243 cuius
2074 4179 2331 4244 initium
2360 4187 2466 4243 est
2496 4180 2636 4243 Nee
2662 4199 2843 4241 reme·

623 4280 862 4344 merari
913 4278 1042 4363 (sic
1093 4280 1265 4342 enim
1318 4278 1408 4342 ibi
1464 4279 1787 4364 scriptum
1834 4279 1974 4363 est)
2029 4276 2399 4363 quadratus
2442 4276 2652 4341 habet
2690 4282 2840 4338 ante

629 4378 988 4464 Numquam
1026 4378 1094 4440 in
1135 4379 1453 4442 concilium
1484 4403 1505 4441 .·
1549 4376 1668 4442 sed
1702 4377 2034 4462 oblongus
2059 4426 2073 4443 .
2116 4375 2356 4461 nequis
2383 4374 2843 4457 Havercampo

626 4473 862 4540 credat
881 4523 896 4549 ‚
924 4496 1064 4538 non
1092 4483 1331 4563 peccat
1349 4525 1362 4539 .
