3042 5192
89 1140 176 1185 310

87 1714 174 1760 315

88 2286 173 2331 320

89 2860 175 2904 325

90 3429 175 3475 330

86 3883 169 3930 335

1354 486 1388 563 I

226 671 560 727 uvescunt
577 711 592 739 ‚
618 660 895 726 eaedem
925 658 1285 745 dispansae
1313 659 1383 723 in
1411 659 1553 724 sole
1584 671 1963 728 sei-escunt.

226 786 293 841 at
317 797 543 862 neque
577 798 715 862 quo
744 783 947 862 pacto
976 774 1359 861 persederit
1383 795 1579 871 umor
1609 776 1809 861 aquai

228 894 541 968 visumst,
562 912 693 955 nec
719 911 986 955 rursum
1015 912 1152 976 quo
1180 898 1385 976 pacto
1412 889 1661 976 fugerit
1688 898 1876 956 aestu
1896 941 1909 954 .

226 1009 289 1071 in
318 1028 573 1094 parvas
599 1007 802 1093 igitur
833 1006 1045 1092 partis
1075 1005 1483 1092 dispergitur
1509 1027 1704 1071 umor
1722 1056 1738 1081 ‚

226 1144 390 1208 quas
423 1122 602 1186 oculi
631 1121 815 1186 nulla
840 1128 1130 1206 possunt
1155 1121 1416 1184 ratione
1445 1119 1679 1184 videre
1699 1170 1713 1184 .

229 1238 383 1321 quin
414 1238 618 1302 etiam
642 1236 867 1300 multis
897 1234 1057 1299 solis
1083 1233 1521 1300 redeuntibus
1551 1236 1743 1300 annis

225 1352 461 1416 anulus
489 1353 562 1415 in
592 1349 804 1437 digito
835 1349 1068 1414 subter
1096 1354 1411 1414 tenuatur
1437 1348 1756 1414 habendo
1771 1397 1788 1424 ‚

228 1465 496 1531 stilicidi
524 1487 722 1530 casus
752 1463 1043 1550 lapidem
1072 1472 1271 1528 cavat
1285 1512 1303 1540 ‚
1323 1484 1539 1528 uncus
1569 1465 1774 1529 aratri

225 1580 485 1646 ferreus
513 1580 778 1646 occulte
810 1578 1143 1644 decrescit
1168 1600 1401 1644 vomer
1428 1579 1497 1643 in
1528 1580 1706 1644 arvis
1724 1629 1740 1655 ‚

226 1704 574 1782 strataque
601 1696 731 1759 iam
758 1694 941 1780 volgi
968 1693 1256 1780 pedibus
1288 1692 1533 1758 detrita
1558 1695 1816 1758 viarum

226 1831 427 1875 saxea
457 1809 939 1896 conspicimus:
960 1818 1137 1886 tum,
1158 1817 1396 1895 portas
1426 1817 1711 1895 propter
1728 1859 1743 1883 ‚
1765 1815 1932 1876 aena

225 1927 410 2012 signa
436 1946 675 1989 manus
703 1923 983 1988 dextras
1010 1922 1383 1988 ostendunt
1410 1921 1761 1988 adtenuari

226 2061 425 2127 saepe
457 2040 867 2104 salutantum
891 2046 1081 2117 tactu
1108 2047 1510 2125 praeterque
1539 2048 1873 2104 meantum
1890 2089 1904 2103 .

222 2155 387 2219 haec
414 2154 618 2240 igitur
645 2154 849 2218 minui
866 2202 885 2230 ‚
906 2175 1055 2218 cum
1085 2154 1221 2217 sint
1251 2152 1501 2255 detrita
1518 2202 1534 2230 ‚
1555 2152 1891 2219 videmus:

222 2268 344 2334 sed
373 2291 549 2355 quae
582 2290 875 2355 corpora
904 2267 1241 2332 decedant
1265 2268 1335 2332 in
1362 2275 1668 2355 tempore
1699 2248 2003 2356 quoque,

224 2384 447 2448 invida
476 2384 841 2471 praeclusit
869 2383 1158 2469 spatium
1184 2392 1428 2448 natura
1454 2382 1730 2448 videndi
1749 2436 1762 2449 .

226 2507 568 2585 postremo
601 2520 773 2585 quae
804 2519 1086 2584 cumque
1116 2496 1263 2563 dies
1289 2506 1664 2585 naturaque
1692 2500 1895 2565 rebus

224 2614 539 2699 paulatim
568 2613 831 2690 tribuit,
851 2613 1251 2678 moderatim
1280 2635 1584 2679 crescere
1613 2636 1863 2701 cogens
1880 2665 1896 2690 ‚

226 2729 399 2793 nulla
427 2736 665 2815 potest
691 2728 1038 2793 oculorum
1067 2729 1245 2793 acies
1274 2736 1596 2794 contenta
1621 2731 1794 2794 tueri
1811 2780 1827 2805 ‚

222 2864 341 2907 nec
372 2863 580 2930 porro
612 2863 788 2928 quae
818 2865 1102 2929 cumque
1133 2864 1302 2908 aevo
1331 2844 1676 2930 macieque
1704 2853 2096 2911 senescunt:

221 2978 345 3020 nec
365 3005 382 3033 ‚
402 2978 582 3020 mare
612 2978 787 3043 quae
817 2957 1219 3045 inpendent,
1240 2979 1444 3023 vesco
1474 2959 1615 3023 sale
1645 2979 1810 3023 saxa
1835 2980 2078 3045 peresa

224 3070 383 3157 quid
417 3093 684 3157 quoque
715 3073 1026 3137 amittant
1051 3074 1121 3136 in
1152 3080 1455 3159 tempore
1486 3094 1762 3138 cernere
1791 3074 2014 3158 possis
2032 3123 2045 3137 .

222 3186 614 3271 corporibus
644 3186 861 3252 caecis
886 3188 1090 3273 igitur
1116 3196 1361 3253 natura
1387 3189 1562 3274 gerit
1589 3209 1732 3252 res.

302 3299 449 3365 Nec
479 3308 703 3365 tamen
729 3299 1029 3388 undique
1059 3323 1387 3388 corporea
1414 3304 1665 3388 stipata
1693 3310 2006 3367 tenentur

222 3416 435 3479 omnia
461 3424 741 3480 natura:
762 3437 1050 3502 namque
1082 3423 1186 3480 est
1212 3416 1283 3480 in
1310 3416 1516 3481 rebus
1543 3418 1739 3482 inane
1761 3467 1775 3481 .

222 3529 403 3614 quod
433 3530 557 3595 tibi
586 3551 916 3616 cognosse
944 3530 1013 3594 in
1039 3530 1265 3594 multis
1297 3533 1424 3596 erit
1450 3532 1611 3596 utile
1638 3534 1843 3598 rebus
1863 3582 1877 3607 ‚

217 3664 336 3708 nec
364 3646 546 3709 sinet
576 3652 911 3709 errantem
942 3644 1250 3710 dubitare
1281 3653 1352 3710 et
1380 3667 1705 3732 quaerere
1735 3668 1999 3734 semper

218 3755 295 3821 de
323 3780 582 3823 summa
606 3780 830 3824 rerum
861 3768 929 3825 et
954 3760 1209 3824 nostris
1239 3759 1544 3825 diffidere
1574 3760 1770 3826 dictis
1789 3811 1803 3824 .

219 3873 398 3957 quod
431 3874 490 3937 si
517 3896 658 3939 non
689 3882 872 3938 esset
888 3924 904 3950 ‚
926 3874 1109 3938 nulla
1136 3874 1398 3938 ratione
1426 3877 1677 3940 moveri

216 4008 317 4052 res
341 3997 665 4074 possent:
688 4010 976 4075 namque
1007 3987 1294 4053 officium
1325 3988 1514 4074 quod
1544 3990 1850 4077 corporis
1880 3999 2135 4065 exstat,

217 4101 475 4168 officere
507 4111 713 4190 atque
745 4104 1018 4170 obstare
1036 4152 1053 4180 ‚
1073 4102 1147 4167 id
1172 4104 1243 4168 in
1271 4104 1448 4168 omni
1479 4112 1784 4191 tempore
1813 4102 2082 4169 adesset

2376 492 2460 560 13

215 4368 300 4416 321
345 4367 651 4436 praecluset
684 4367 917 4438 speciem
964 4370 985 4439 ΙΙ
1033 4374 1131 4422 334
1173 4367 1292 4432 Qua
1326 4376 1551 4440 propter
1587 4367 1735 4422 locus
1773 4380 1855 4424 est
1891 4372 2119 4425 intactus
2157 4373 2309 4425 inane
2347 4389 2434 4423 va·

214 4462 431 4518 canaque
442 4491 454 4503 .
