3042 5192
1336 447 1404 512 V
2344 459 2478 529 195

309 624 519 689 Nunc
551 643 727 708 quae
758 641 965 685 causa
997 619 1195 685 deum
1222 641 1346 707 per
1374 642 1649 708 magnas
1678 625 1946 689 numina
1974 630 2192 711 gentis

224 738 653 826 pervulgarit
683 745 753 801 et
780 758 1046 801 ararum
1076 737 1512 822 compleverit
1540 739 1725 803 urbis

226 851 805 940 suscipiendaque
835 851 1086 916 curarit
1114 852 1457 916 sollemnia
1486 874 1681 918 sacra
1698 903 1714 929 ‚

226 989 401 1053 quae
436 990 627 1032 nunc
655 968 722 1031 in
751 967 1010 1052 magnis
1037 965 1285 1032 florent
1311 989 1506 1033 sacra
1534 970 1719 1034 rebu’
1748 968 2049 1055 locisque
2069 1021 2084 1044 ‚

80 1099 186 1145 1165
225 1081 411 1146 unde
447 1082 655 1145 etiam
684 1102 864 1145 nunc
895 1089 1001 1146 est
1028 1082 1422 1148 mortalibus
1447 1084 1690 1148 insitus
1719 1083 1964 1150 horror
1982 1134 1997 1158 ‚

225 1199 339 1283 qui
370 1197 667 1261 delubra
697 1195 897 1261 deum
925 1218 1105 1262 nova
1132 1205 1280 1262 toto
1312 1199 1598 1263 suscitat
1628 1198 1776 1263 orbi

226 1323 567 1377 terrarum
599 1319 667 1375 et
693 1310 885 1376 festis
916 1312 1099 1397 cogit
1127 1312 1467 1377 celebrare
1498 1312 1735 1378 diebus
1753 1362 1768 1387 ‚

224 1450 362 1492 non
391 1428 497 1491 ita
530 1425 867 1491 difficilest
897 1427 1224 1490 rationem
1253 1426 1542 1491 reddere
1570 1428 1795 1493 verbis
1814 1478 1827 1492 .

226 1545 483 1629 quippe
518 1541 765 1605 etenim
792 1542 923 1605 iam
950 1548 1096 1605 tum
1126 1540 1352 1606 divom
1381 1542 1692 1607 mortalia
1721 1545 1940 1609 saecla

74 1657 543 1743 1170·egregias
576 1656 795 1720 animo
824 1655 1031 1720 facies
1059 1656 1376 1741 vigilante
1404 1656 1762 1734 videbant,

229 1781 299 1836 et
324 1771 547 1857 magis
576 1770 647 1833 in
675 1771 926 1835 somnis
946 1770 1254 1835 mirando
1285 1773 1592 1859 corporis
1622 1781 1822 1838 auctu
1840 1823 1854 1837 .

226 1886 336 1950 his
364 1887 576 1971 igitur
606 1907 875 1949 sensum
904 1886 1294 1951 tribuebant
1319 1895 1686 1974 propterea
1715 1888 1902 1973 quod

227 2000 537 2065 membra
565 2021 838 2066 movere
865 2000 1266 2067 videbantur
1296 2022 1637 2087 vocesque
1667 2005 1995 2090 superbas

224 2115 501 2208 mittere
530 2137 658 2202 pro
687 2114 856 2179 facie
883 2115 1234 2202 praeclara
1264 2125 1332 2180 et
1357 2116 1611 2181 viribus
1641 2119 1876 2205 amplis
1896 2169 1909 2182 .

76 2247 186 2292 1175
228 2238 721 2315 aeternamque
751 2227 1007 2295 dabant
1032 2230 1240 2295 vitam
1257 2279 1273 2307 ,
1298 2232 1455 2316 quia
1484 2254 1749 2319 semper
1779 2257 2010 2299 eorum

226 2344 803 2434 subpeditabatur
828 2344 1035 2410 facies
1066 2353 1136 2409 et
1161 2345 1379 2412 forma
1404 2347 1720 2413 manebat
1738 2398 1754 2424 ‚

228 2469 297 2526 et
322 2469 564 2526 tamen
594 2460 864 2524 omnino
897 2458 1084 2545 quod
1115 2460 1319 2524 tantis
1347 2461 1602 2526 viribus
1631 2471 1869 2528 auctos

226 2598 367 2644 non
398 2585 662 2641 temere
690 2574 827 2639 ulla
852 2574 921 2638 vi
951 2575 1259 2639 convinci
1285 2597 1493 2661 posse
1521 2578 1855 2664 putabant
1874 2629 1888 2642 .

224 2690 667 2776 fortunisque
695 2688 851 2753 ideo
881 2688 1083 2774 longe
1112 2696 1459 2775 praestare
1487 2693 1853 2778 putabant,

74 2820 186 2868 1180
230 2803 422 2890 quod
451 2805 696 2869 mortis
724 2804 924 2869 timor
951 2802 1121 2868 haut
1150 2826 1549 2891 quemquam
1578 2817 1858 2873 vexaret
1888 2831 2114 2875 eorum
2135 2861 2148 2878 .

225 2929 295 2984 et
324 2919 531 2984 simul
556 2919 627 2983 in
658 2918 909 2983 somnis
941 2918 1099 3004 quia
1125 2919 1332 2984 multa
1362 2928 1430 2985 et
1456 2922 1624 2986 mira
1650 2922 1973 2988 videbant

229 3034 505 3100 efficere
537 3041 608 3098 et
635 3033 891 3099 nullum
919 3054 1161 3119 capere
1190 3034 1380 3122 ipsos
1407 3034 1569 3099 inde
1598 3036 1898 3102 laborem
1920 3088 1934 3100 .

222 3159 594 3236 praeterea
623 3148 789 3213 caeli
816 3149 1116 3214 rationes
1145 3148 1381 3216 ordine
1411 3158 1598 3215 certo

227 3274 297 3329 et
326 3264 525 3329 varia
554 3284 883 3328 annorum
911 3264 1281 3328 cernebant
1307 3277 1614 3353 tempora
1641 3268 1815 3330 verti
1832 3315 1848 3340 ‚

74 3395 183 3441 1185
226 3401 357 3443 nec
388 3386 719 3468 poterant
750 3377 992 3463 quibus
1020 3377 1093 3442 id
1118 3378 1311 3442 fieret
1338 3400 1749 3464 cognoscere
1780 3384 2031 3446 causis:

225 3516 393 3581 ergo
426 3492 810 3581 perfugium
841 3492 966 3557 sibi
996 3492 1338 3558 habebant
1367 3494 1589 3558 omnia
1617 3494 1788 3560 divis

224 3609 513 3673 tradere
546 3615 617 3672 et
644 3606 907 3670 illorum
935 3614 1106 3671 nutu
1133 3606 1359 3672 facere
1390 3611 1611 3673 omnia
1637 3608 1850 3675 flecti.

222 3725 293 3787 in
324 3723 667 3816 caeloque
700 3719 899 3785 deum
929 3719 1130 3787 sedes
1163 3730 1233 3786 et
1260 3724 1509 3812 templa
1535 3725 1846 3790 locarunt
1864 3776 1880 3802 ‚

221 3860 348 3925 per
381 3838 648 3902 caelum
677 3836 860 3901 volvi
891 3838 1049 3922 quia
1074 3837 1192 3902 lux
1224 3845 1293 3904 et
1319 3838 1478 3902 luna
1504 3838 1774 3904 videtur
1793 3888 1809 3914 ‚

72 3966 182 4014 1190
222 3953 389 4019 luna
408 4003 425 4030 ,
448 3951 601 4016 dies
619 3999 637 4027 ‚
660 3959 732 4015 et
757 3972 932 4028 nox,
958 3959 1026 4017 et
1053 3954 1272 4018 noctis
1301 3953 1493 4038 signa
1523 3974 1796 4031 serena,

224 4069 774 4153 noctivagaeque
804 4066 990 4131 faces
1021 4068 1186 4132 caeli
1203 4117 1220 4144 ‚
1242 4067 1678 4154 flammaeque
1706 4068 2013 4134 volantes
2032 4119 2047 4143 ‚

240 4346 371 4393 1172
408 4347 673 4410 proptere
718 4338 740 4409 ΙΙ
794 4346 928 4393 1178
964 4340 1053 4394 illa
1101 4343 1121 4412 ΙΙ
1186 4350 1313 4398 1184
1351 4308 1526 4398 varias
1575 4345 1594 4416 ΙΙ
1649 4350 1777 4397 1185
1817 4345 2002 4398 flerent
2063 4346 2084 4416 ΙΙ
2149 4350 2277 4397 1189
2311 4358 2419 4393 11οκ
2460 4339 2479 4404 ΙΙ

240 4429 376 4474 1190
417 4440 446 4474 6
482 4424 664 4476 noctis
704 4425 725 4493 ΙΙ
762 4440 976 4477 severa.

1963 4523 2077 4583 13·
