3042 5192
604 483 742 550 178
1681 475 1748 545 V

594 666 661 722 et
691 657 803 742 qui
833 656 1063 719 reiciat
1091 654 1330 740 gelidis
1359 674 1401 717 a
1426 653 1695 740 frigoris
1723 653 1974 716 umbris

595 771 942 836 aestiferas
971 791 1188 855 usque
1217 769 1285 832 in
1314 769 1528 854 partis
1559 775 1628 832 ct
1654 768 1919 831 fervida
1947 768 2141 852 signa
2158 819 2172 832 .

598 895 667 952 et
696 887 953 950 ratione
985 885 1127 972 pari
1158 884 1379 947 lunam
1410 883 1776 968 stellasque
1805 882 2280 968 putandumst,

597 1023 768 1088 quae
796 1002 1081 1066 volvunt
1107 1020 1387 1084 magnos
1414 999 1483 1062 in
1512 999 1770 1082 magnis
1801 999 2076 1063 orbibus
2106 1019 2319 1062 annos
2339 1049 2352 1064 .

440 1138 539 1182 645
597 1118 863 1182 aeribus
895 1135 1096 1201 posse
1127 1111 1402 1177 alternis
1435 1135 1470 1176 0
1500 1113 1808 1197 partibus
1835 1114 1932 1176 ire
1955 1163 1969 1176 .

594 1252 820 1296 nonne
850 1227 1040 1294 vides
1072 1229 1269 1292 etiam
1299 1226 1585 1292 diversis
1613 1228 1842 1293 nubila
1869 1228 2090 1292 ventis

597 1346 900 1412 diversas
930 1345 1025 1406 ire
1054 1344 1123 1406 in
1155 1344 1365 1429 partis
1394 1342 1655 1406 inferna
1684 1342 2045 1428 supernis?

598 1463 710 1547 qui
741 1462 954 1524 minus
982 1459 1095 1523 illa
1125 1464 1378 1543 queant
1404 1479 1528 1544 per
1554 1478 1835 1542 magnos
1866 1458 2159 1521 aetheris
2189 1459 2371 1522 orbis

599 1577 895 1640 aestibus
925 1575 1099 1638 inter
1130 1595 1201 1637 se
1241 1572 1523 1637 diversis
1556 1571 1781 1636 sidera
1807 1572 2018 1636 ferri?

439 1709 539 1755 650
677 1690 770 1755 At
795 1713 932 1754 nox
963 1689 1189 1754 obruit
1214 1689 1467 1773 ingenti
1497 1688 1777 1773 caligine
1805 1695 2022 1753 terras
2042 1737 2056 1754 .

597 1813 714 1870 aut
741 1806 854 1870 ubi
885 1805 970 1868 de
1000 1792 1202 1890 longo
1235 1825 1436 1867 cursu
1466 1804 1572 1867 sol
1599 1803 1828 1867 ultima
1857 1804 2021 1866 caeli

593 1922 850 2007 impulit
879 1929 1080 2005 atque
1112 1942 1272 1983 suos
1303 1917 1555 1982 efflavit
1580 1917 1943 2004 languidus
1970 1918 2141 2004 ignis

596 2058 965 2101 concussos
994 2036 1161 2098 itere
1193 2042 1260 2097 et
1287 2033 1661 2097 labefactos
1692 2040 1846 2097 aere
1877 2033 2085 2097 multo
2106 2082 2121 2109 ‚

595 2159 711 2216 aut
742 2152 895 2238 quia
925 2151 1050 2215 sub
1079 2158 1299 2213 terras
1330 2171 1598 2213 cursum
1628 2157 2032 2214 convortere
2063 2149 2245 2234 cogit

440 2285 538 2330 655
591 2269 695 2331 vis
727 2266 958 2331 eadem
977 2315 992 2342 ,
1017 2285 1223 2351 supra
1252 2284 1425 2348 quae
1454 2272 1673 2327 terras
1703 2265 1981 2349 pertulit
2011 2264 2240 2328 orbem
2263 2312 2276 2325 .

676 2383 1012 2469 Tempore
1039 2381 1199 2443 item
1230 2387 1414 2442 certo
1446 2401 1708 2444 roseam
1737 2380 2006 2444 Matuta
2034 2401 2157 2464 per
2187 2399 2342 2441 oras
2406 2421 2414 2429 -

595 2498 887 2563 aetheris
918 2515 1227 2560 auroram
1259 2492 1483 2558 differt
1512 2502 1582 2558 et
1609 2494 1857 2558 lumina
1885 2492 2124 2581 pandit
2142 2544 2156 2568 ‚

596 2621 713 2678 aut
742 2613 899 2698 quia
927 2611 1030 2675 sol
1058 2610 1233 2674 idem
1252 2659 1267 2684 ‚
1292 2611 1416 2675 sub
1445 2617 1666 2674 terras
1694 2610 1804 2674 ille
1833 2617 2181 2675 revertens
2202 2658 2217 2684 ‚

597 2729 917 2813 anticipat
946 2727 1201 2790 caelum
1228 2723 1435 2789 radiis
1465 2723 1836 2789 accendere
1865 2733 2204 2810 temptans
2224 2775 2239 2796 ,

439 2861 537 2908 660
593 2851 711 2908 aut
741 2843 897 2926 quia
927 2842 1336 2905 conveniunt
1362 2841 1553 2925 ignes
1585 2848 1654 2902 et
1682 2839 1930 2903 semina
1957 2841 2165 2904 multa

596 2958 932 3022 confluere
962 2955 1225 3020 ardoris
1256 2963 1673 3019 consuerunt
1699 2961 2003 3040 tempore
2035 2963 2222 3019 certo
2242 3004 2256 3026 ,

596 3095 769 3160 quae
797 3074 1052 3137 faciunt
1081 3071 1241 3136 solis
1269 3093 1449 3135 nova
1479 3091 1744 3155 semper
1772 3069 2019 3133 lumina
2046 3071 2259 3156 gigni:

593 3188 779 3276 quod
809 3211 1019 3275 genus
1048 3186 1268 3250 Idaeis
1296 3186 1472 3250 fama
1501 3194 1608 3249 est
1637 3207 1672 3247 0
1702 3186 2039 3250 montibus
2070 3186 2221 3249 altis

595 3305 941 3390 dispersos
971 3302 1141 3388 ignis
1173 3301 1413 3365 orienti
1441 3300 1684 3365 lumine
1716 3301 1931 3376 cerni,

436 3439 533 3484 665
587 3420 744 3486 inde
777 3419 955 3482 coire
985 3416 1254 3502 globum
1285 3416 1474 3500 quasi
1501 3415 1572 3478 in
1599 3438 1802 3479 unum
1834 3424 1903 3479 et
1932 3395 2260 3480 conficere
2291 3418 2518 3480 orbem
2541 3466 2554 3477 .

437 3522 452 3534 ”
590 3557 715 3598 nec
745 3541 969 3598 tamen
999 3530 1163 3596 illud
1190 3532 1257 3595 in
1289 3531 1395 3595 his
1424 3532 1626 3594 rebus
1654 3531 1950 3595 mirabile
1982 3531 2187 3595 debet

594 3672 739 3713 esse
759 3700 775 3725 ‚
800 3647 987 3734 quod
1014 3647 1182 3711 haec
1211 3647 1382 3733 ignis
1411 3654 1548 3710 tam
1577 3654 1766 3710 certo
1796 3655 2096 3732 tempore
2125 3655 2414 3732 possunt

593 3765 844 3829 semina
871 3763 1205 3829 confluere
1238 3769 1307 3826 et
1335 3762 1494 3825 solis
1523 3783 1840 3847 reparare
1868 3762 2150 3825 nitorem
2173 3810 2186 3825 .

594 3880 801 3943 multa
827 3878 1131 3941 videmus
1164 3877 1334 3939 enim
1351 3926 1367 3951 ‚
1391 3885 1579 3940 certo
1611 3897 1783 3961 quae
1813 3885 2113 3963 tempore
2139 3876 2309 3940 fiunt

436 4012 534 4057 670
593 3994 898 4058 omnibus
927 3994 997 4056 ἰ11
1024 3994 1228 4055 rebus
1252 4040 1266 4054 .
1288 3991 1658 4056 florescunt
1685 3999 1988 4077 tempore
2020 4000 2208 4055 certo

590 4111 866 4175 arbusta
896 4116 963 4172 ct
993 4115 1176 4170 certo
1209 4104 1549 4169 dimittunt
1576 4115 1879 4192 tempore
1907 4107 2171 4171 florem:

587 4246 712 4288 nec
741 4225 954 4289 minus
981 4223 1051 4285 in
1082 4229 1267 4284 certo
1298 4212 1535 4284 dentes
1565 4221 1807 4286 cadere
1837 4224 2121 4309 imperat
2149 4229 2335 4285 aetas

592 4472 692 4519 643
712 4465 799 4518 illc
818 4468 837 4536 ΙΙ
860 4471 951 4517 651
978 4465 1171 4517 vetima
1187 4466 1207 4534 ΙΙ
1228 4471 1326 4519 654
1345 4475 1666 4520 convortorc
1687 4467 1824 4535 11656
1843 4484 2000 4521 rosea
2021 4475 2224 4519 matura
2246 4465 2267 4534 ΙΙ
2287 4471 2386 4516 657
2409 4483 2437 4517 c
2463 4466 2483 4534 ΙΙ
2506 4471 2603 4518 667
2623 4462 2814 4535 possit.
