3042 5192
1281 467 1350 533 V
2292 477 2425 545 163

140 662 203 706 174
246 641 456 728 quidve
482 641 629 705 mali
654 639 879 704 fuerat
903 639 1101 704 nobis
1129 661 1269 704 non
1298 661 1447 705 esse
1479 642 1722 705 creatis
1739 644 1772 704 Ρ

138 775 201 820 177
240 764 406 821 natus
433 756 597 819 enim
625 754 828 818 debet
860 755 971 839 qui
1003 776 1286 841 eumque
1318 764 1423 820 est
1450 756 1623 821 velle
1650 778 1918 822 manere

242 871 295 934 in
317 872 439 936 vita
454 920 468 946 ‚
491 869 704 934 donee
731 869 1047 934 retinebit
1073 868 1324 934 blanda
1350 871 1699 957 voluptas:

239 987 329 1070 qui
350 1007 690 1071 numquam
716 1005 881 1049 vero
910 985 1088 1048 vitae
1116 986 1415 1070 gustavit
1444 1007 1738 1051 amorem

136 1116 199 1161 1⁸0
239 1121 339 1164 nec
364 1101 478 1164 fuit
503 1100 570 1163 in
595 1120 872 1163 numero
891 1147 907 1174 ‚
931 1098 1096 1184 quid
1127 1100 1324 1163 obest
1350 1121 1490 1163 non
1523 1121 1672 1164 esse
1706 1108 2002 1166 creatum
2019 1104 2051 1165 ἶ)

239 1214 567 1301 exemplum
594 1237 803 1301 porro
831 1213 1191 1300 gignundis
1218 1215 1423 1279 rebus
1454 1223 1524 1278 et
1550 1215 1700 1301 ipsa

238 1329 471 1395 notities
496 1329 834 1395 hominum
865 1328 969 1394 dis
997 1328 1179 1393 unde
1210 1337 1316 1394 est
1340 1330 1542 1394 insita
1571 1331 1852 1416 primum
1870 1380 1886 1407 ,

239 1443 375 1528 quid
399 1446 635 1509 vellent
658 1445 883 1510 faeere
910 1452 990 1508 ut
1020 1444 1270 1509 scirent
1298 1445 1654 1531 animoque
1681 1445 1990 1511 viderent
2008 1497 2022 1523 ‚

237 1580 423 1643 quove
448 1558 717 1624 modost
741 1581 1053 1645 umquam
1079 1559 1181 1623 vis
1212 1560 1480 1646 cognita
1508 1560 1982 1647 principiorum
2001 1610 2016 1636 ‚

127 1687 191 1732 185
235 1673 489 1760 quidque
514 1676 687 1738 inter
718 1695 867 1738 sese
896 1682 1277 1760 permutato
1310 1673 1546 1740 ordine
1574 1684 1857 1759 possent
1875 1726 1890 1753 ‚

235 1787 281 1849 si
305 1809 423 1852 non
448 1791 588 1876 ipsa
620 1787 816 1853 dedit
841 1790 1181 1874 specimen
1208 1796 1453 1853 natura
1481 1788 1756 1853 creandi
1773 1790 1805 1852 P

230 1922 476 1988 namque
503 1904 593 1968 ita
620 1903 832 1968 multa
858 1902 1077 1968 modis
1106 1903 1330 1968 multis
1357 1903 1727 1989 primordia
1754 1926 1976 1969 rerum

235 2037 304 2080 ex
325 2017 555 2082 infinito
584 2019 716 2083 iam
744 2026 1048 2103 tempore
1076 2019 1337 2103 percita
1362 2020 1579 2105 plagis

229 2131 737 2220 ponderibusque
765 2133 905 2197 suis
936 2141 1350 2198 consuerunt
1380 2134 1644 2198 concita
1670 2133 1832 2198 ferri

120 2258 186 2306 190
229 2247 723 2335 omnimodisque
754 2248 934 2313 coire
963 2256 1171 2333 atque
1201 2249 1421 2313 omnia
1447 2255 1902 2334 pertemptare
1921 2298 1937 2324 ‚

230 2381 374 2446 quae
401 2385 673 2449 cumque
705 2365 882 2427 inter
911 2384 985 2427 se
1015 2370 1301 2449 possent
1329 2384 1694 2449 congressa
1723 2385 1951 2428 creare
1969 2412 1985 2437 ‚

224 2483 429 2541 utnon
456 2478 541 2543 sit
568 2479 807 2542 mirum
825 2526 842 2554 ‚
864 2478 920 2541 si
946 2478 1016 2541 in
1044 2477 1197 2542 talis
1228 2477 1676 2564 disposituras

225 2587 580 2657 deciderunt
610 2614 887 2678 quoque
918 2601 986 2658 et
1009 2594 1081 2657 in
1108 2593 1260 2657 talis
1289 2613 1535 2657 venere
1563 2599 1821 2657 meatus
1841 2642 1857 2667 ‚

225 2706 494 2788 qualibus
522 2707 694 2772 haee
725 2728 946 2771 rerum
974 2708 1229 2793 geritur
1256 2728 1436 2771 nune
1465 2728 1720 2771 summa
1745 2707 2063 2772 novando
2086 2758 2099 2771 .

114 2829 179 2876 195
298 2820 480 2899 Quod
508 2824 565 2886 si
590 2824 724 2887 iam
752 2844 974 2886 rerum
1002 2823 1303 2908 ignorem
1327 2820 1695 2906 primordia
1725 2844 1896 2908 quae
1927 2823 2060 2887 sint
2079 2871 2093 2896 ‚

222 2931 334 2998 hoe
362 2943 571 3001 tamen
602 2958 691 3001 ex
720 2937 886 3023 ipsis
917 2936 1084 3001 caeli
1110 2936 1481 3001 rationibus
1513 2938 1724 3002 ausim

219 3049 573 3116 confirmare
603 3052 888 3136 aliisque
920 3072 1004 3116 ex
1030 3052 1234 3116 rebus
1262 3050 1554 3116 reddere
1583 3051 1808 3115 multis
1826 3100 1842 3124 ‚

218 3182 605 3251 nequaquam
634 3166 836 3231 nobis
866 3165 1182 3232 divinitus
1214 3188 1362 3231 esse
1391 3174 1698 3252 paratam

216 3287 487 3346 naturam
513 3303 781 3346 rerum:
805 3288 997 3345 tanta
1025 3288 1162 3346 stat
1189 3280 1500 3367 praedita
1530 3282 1728 3367 eulpa
1746 3332 1759 3345 .

104 3400 174 3449 ²0⁰
210 3392 506 3483 principio
539 3405 869 3482 quantum
898 3396 1062 3460 eaeli
1090 3397 1256 3482 tegit
1284 3397 1573 3483 impetus
1599 3397 1839 3482 ingens
1856 3445 1871 3471 ,

212 3506 343 3572 inde
370 3511 659 3596 aliquam
686 3519 949 3597 partem
975 3517 1241 3576 montes
1271 3512 1614 3597 silvaeque
1643 3509 1932 3575 ferarum

208 3624 549 3705 possedere
568 3676 584 3703 ‚
609 3634 851 3690 tenent
875 3649 1081 3713 rupes
1110 3634 1485 3712 vastaeque
1508 3623 1794 3712 paludes

209 3745 267 3799 et
289 3760 456 3804 mare
474 3790 489 3817 ‚
517 3739 713 3826 quod
743 3740 877 3805 late
906 3749 1240 3806 terrarum
1270 3740 1548 3805 distinet
1577 3763 1732 3806 oras
1752 3791 1766 3804 .

204 3850 339 3916 inde
367 3854 535 3920 duas
566 3877 782 3942 porro
812 3877 1028 3942 prope
1057 3856 1271 3941 partis
1298 3854 1600 3920 fervidus
1631 3855 1837 3920 ardor

93 3972 162 4021 ²⁰5
202 3964 641 4056 adsiduusque
671 3970 801 4055 geli
830 3991 1026 4034 easus
1054 3970 1449 4036 mortalibus
1480 3970 1700 4035 aufert
1717 4020 1733 4035 .

204 4084 365 4165 quod
393 4106 603 4172 super
637 4091 745 4149 est
771 4084 915 4150 arvi
933 4132 949 4160 ‚
973 4077 1197 4150 tamen
1223 4083 1299 4149 id
1324 4092 1569 4150 natura
1597 4106 1720 4151 sua
1745 4085 1814 4148 vi

210 4359 289 4406 182
325 4355 459 4411 divis
495 4360 519 4429 ΙΙ
564 4365 667 4413 185
705 4377 769 4414 se
801 4361 823 4430 ΙΙ
870 4366 963 4413 186
1001 4361 1235 4432 speeiem
1269 4362 1290 4433 ΙΙ
1332 4367 1425 4415 187
1464 4361 1791 4415 multimodis
1827 4361 1850 4430 ΙΙ
1891 4365 1980 4412 191
2020 4359 2233 4430 possint
2268 4359 2289 4426 ΙΙ
2331 4363 2424 4409 193

206 4449 445 4498 maestus.
483 4443 507 4513 ΙΙ
548 4450 653 4498 195
692 4445 737 4498 si
774 4454 1045 4500 omissum.
1083 4444 1105 4513 ΙΙ
1144 4450 1239 4498 201
1281 4444 1489 4498 avidam

1913 4542 2026 4602 11⁶
