<?xml version="1.0" encoding="UTF-8"?>
<!DOCTYPE html PUBLIC "-//W3C//DTD XHTML 1.0 Transitional//EN"
    "http://www.w3.org/TR/xhtml1/DTD/xhtml1-transitional.dtd">
<html xmlns="http://www.w3.org/1999/xhtml" xml:lang="en" lang="en">
 <head>
  <title>
</title>
<meta http-equiv="Content-Type" content="text/html;charset=utf-8" />
  <meta name='ocr-system' content='tesseract 3.04.00' />
  <meta name='ocr-capabilities' content='ocr_page ocr_carea ocr_par ocr_line ocrx_word'/>
</head>
<body>
  <div class='ocr_page' id='page_1' title='image "./tlucreticarider04unkngoog_0706.png"; bbox 0 0 3042 5192; ppageno 0'>
   <div class='ocr_carea' id='block_1_1' title="bbox 612 429 1750 541">
    <p class='ocr_par' dir='ltr' id='par_1_1' title="bbox 612 429 1750 541">
     <span class='ocr_line' id='line_1_1' title="bbox 612 429 1750 541; baseline -0.006 -40"><span class='ocrx_word' id='word_1_1' title='bbox 612 432 750 501; x_wconf 78' lang='lat'><strong>380</strong></span> <span class='ocrx_word' id='word_1_2' title='bbox 1050 536 1057 541; x_wconf 27' lang='grc' dir='ltr'>Ι</span> <span class='ocrx_word' id='word_1_3' title='bbox 1651 429 1750 495; x_wconf 92' lang='lat' dir='ltr'><strong>VI</strong></span> 
     </span>
    </p>
   </div>
   <div class='ocr_carea' id='block_1_2' title="bbox 600 602 2816 1965">
    <p class='ocr_par' dir='ltr' id='par_1_2' title="bbox 600 602 2816 1965">
     <span class='ocr_line' id='line_1_2' title="bbox 609 602 2808 690; baseline 0.001 -20"><span class='ocrx_word' id='word_1_4' title='bbox 609 607 793 671; x_wconf 92' lang='lat' dir='ltr'><strong>cuius</strong></span> <span class='ocrx_word' id='word_1_5' title='bbox 817 604 1192 668; x_wconf 88' lang='lat' dir='ltr'><strong>Probianae</strong></span> <span class='ocrx_word' id='word_1_6' title='bbox 1214 603 1565 688; x_wconf 84' lang='lat' dir='ltr'><strong>vestigium</strong></span> <span class='ocrx_word' id='word_1_7' title='bbox 1587 602 1984 667; x_wconf 77' lang='lat' dir='ltr'><strong>remansisse</strong></span> <span class='ocrx_word' id='word_1_8' title='bbox 2009 604 2388 690; x_wconf 86' lang='lat' dir='ltr'><strong>suspicetur</strong></span> <span class='ocrx_word' id='word_1_9' title='bbox 2405 655 2418 679; x_wconf 93' lang='lat'>‚</span> <span class='ocrx_word' id='word_1_10' title='bbox 2449 606 2536 671; x_wconf 85' lang='lat' dir='ltr'><strong>ad</strong></span> <span class='ocrx_word' id='word_1_11' title='bbox 2565 630 2808 672; x_wconf 78' lang='lat' dir='ltr'><strong>versum</strong></span> 
     </span>
     <span class='ocr_line' id='line_1_3' title="bbox 607 699 2808 792; baseline 0.001 -24"><span class='ocrx_word' id='word_1_12' title='bbox 607 708 823 792; x_wconf 88' lang='lat' dir='ltr'><strong>ipsum</strong></span> <span class='ocrx_word' id='word_1_13' title='bbox 868 699 1353 765; x_wconf 86' lang='lat' dir='ltr'><strong>emendandum</strong></span> <span class='ocrx_word' id='word_1_14' title='bbox 1394 700 1554 764; x_wconf 90' lang='lat' dir='ltr'><strong>mihi</strong></span> <span class='ocrx_word' id='word_1_15' title='bbox 1602 701 1956 785; x_wconf 88' lang='lat' dir='ltr'><strong>quicquam</strong></span> <span class='ocrx_word' id='word_1_16' title='bbox 1999 702 2324 786; x_wconf 86' lang='lat' dir='ltr'><strong>proficere</strong></span> <span class='ocrx_word' id='word_1_17' title='bbox 2356 703 2713 770; x_wconf 87' lang='lat' dir='ltr'><strong>videbitur.</strong></span> <span class='ocrx_word' id='word_1_18' title='bbox 2753 707 2808 771; x_wconf 86' lang='lat' dir='ltr'><strong>in</strong></span> 
     </span>
     <span class='ocr_line' id='line_1_4' title="bbox 610 799 2810 887; baseline 0.001 -22"><span class='ocrx_word' id='word_1_19' title='bbox 610 824 744 887; x_wconf 90' lang='lat' dir='ltr'><strong>quo</strong></span> <span class='ocrx_word' id='word_1_20' title='bbox 775 800 1056 886; x_wconf 87' lang='lat' dir='ltr'><strong>primum</strong></span> <span class='ocrx_word' id='word_1_21' title='bbox 1085 799 1234 862; x_wconf 88' lang='lat' dir='ltr'><strong>Itali</strong></span> <span class='ocrx_word' id='word_1_22' title='bbox 1264 807 1447 862; x_wconf 88' lang='lat' dir='ltr'><strong>recte</strong></span> <span class='ocrx_word' id='word_1_23' title='bbox 1479 799 1895 885; x_wconf 86' lang='lat' dir='ltr'><strong>scripserunt</strong></span> <span class='ocrx_word' id='word_1_24' title='bbox 1923 801 1988 861; x_wconf 78' lang='lat' dir='ltr'><strong>in</strong></span> <span class='ocrx_word' id='word_1_25' title='bbox 2017 821 2375 864; x_wconf 74' lang='lat' dir='ltr'><strong>EANDEM.</strong></span> <span class='ocrx_word' id='word_1_26' title='bbox 2407 812 2546 866; x_wconf 91' lang='lat' dir='ltr'><strong>tum</strong></span> <span class='ocrx_word' id='word_1_27' title='bbox 2575 826 2810 867; x_wconf 77' lang='lat' dir='ltr'><strong>correc-</strong></span> 
     </span>
     <span class='ocr_line' id='line_1_5' title="bbox 611 896 2811 984; baseline 0.001 -21"><span class='ocrx_word' id='word_1_28' title='bbox 611 910 718 964; x_wconf 89' lang='lat' dir='ltr'><strong>tor</strong></span> <span class='ocrx_word' id='word_1_29' title='bbox 760 897 1069 984; x_wconf 87' lang='lat' dir='ltr'><strong>quadrati</strong></span> <span class='ocrx_word' id='word_1_30' title='bbox 1118 909 1367 961; x_wconf 77' lang='lat' dir='ltr'><strong>manent</strong></span> <span class='ocrx_word' id='word_1_31' title='bbox 1389 946 1405 975; x_wconf 90' lang='lat'><strong><em>,</em></strong></span> <span class='ocrx_word' id='word_1_32' title='bbox 1460 898 1796 961; x_wconf 89' lang='lat' dir='ltr'><strong>Antonius</strong></span> <span class='ocrx_word' id='word_1_33' title='bbox 1837 896 2030 960; x_wconf 83' lang='lat' dir='ltr'><strong>Marii</strong></span> <span class='ocrx_word' id='word_1_34' title='bbox 2088 908 2156 961; x_wconf 86' lang='lat' dir='ltr'><strong>et</strong></span> <span class='ocrx_word' id='word_1_35' title='bbox 2195 899 2522 965; x_wconf 83' lang='lat' dir='ltr'><strong>Marullus</strong></span> <span class='ocrx_word' id='word_1_36' title='bbox 2567 904 2811 975; x_wconf 73' lang='lat' dir='ltr'><strong>minam,-</strong></span> 
     </span>
     <span class='ocr_line' id='line_1_6' title="bbox 611 994 2812 1083; baseline 0 -21"><span class='ocrx_word' id='word_1_37' title='bbox 611 1020 893 1083; x_wconf 88' lang='lat' dir='ltr'><strong>quorum</strong></span> <span class='ocrx_word' id='word_1_38' title='bbox 923 995 1089 1061; x_wconf 86' lang='lat' dir='ltr'><strong>illud</strong></span> <span class='ocrx_word' id='word_1_39' title='bbox 1119 997 1513 1060; x_wconf 86' lang='lat' dir='ltr'><strong>sententiam</strong></span> <span class='ocrx_word' id='word_1_40' title='bbox 1545 994 1900 1080; x_wconf 81' lang='lat' dir='ltr'><strong>pervertit,</strong></span> <span class='ocrx_word' id='word_1_41' title='bbox 1929 994 2063 1058; x_wconf 89' lang='lat' dir='ltr'><strong>hoc</strong></span> <span class='ocrx_word' id='word_1_42' title='bbox 2092 1004 2208 1059; x_wconf 89' lang='lat' dir='ltr'><strong>aut</strong></span> <span class='ocrx_word' id='word_1_43' title='bbox 2231 996 2540 1062; x_wconf 85' lang='lat' dir='ltr'><strong>Latinum</strong></span> <span class='ocrx_word' id='word_1_44' title='bbox 2569 1022 2698 1062; x_wconf 89' lang='lat' dir='ltr'><strong>non</strong></span> <span class='ocrx_word' id='word_1_45' title='bbox 2726 1014 2812 1061; x_wconf 83' lang='lat' dir='ltr'><strong>est</strong></span> 
     </span>
     <span class='ocr_line' id='line_1_7' title="bbox 600 1092 2812 1181; baseline -0 -21"><span class='ocrx_word' id='word_1_46' title='bbox 600 1102 797 1180; x_wconf 83' lang='lat' dir='ltr'><strong>(nam</strong></span> <span class='ocrx_word' id='word_1_47' title='bbox 827 1097 990 1159; x_wconf 79' lang='lat' dir='ltr'><strong>mino</strong></span> <span class='ocrx_word' id='word_1_48' title='bbox 1034 1103 1103 1158; x_wconf 87' lang='lat' dir='ltr'><strong>et</strong></span> <span class='ocrx_word' id='word_1_49' title='bbox 1142 1096 1346 1158; x_wconf 79' lang='lat' dir='ltr'><strong>minor</strong></span> <span class='ocrx_word' id='word_1_50' title='bbox 1383 1101 1651 1157; x_wconf 80' lang='lat' dir='ltr'><strong>veteres</strong></span> <span class='ocrx_word' id='word_1_51' title='bbox 1694 1093 1760 1155; x_wconf 87' lang='lat' dir='ltr'><strong>in</strong></span> <span class='ocrx_word' id='word_1_52' title='bbox 1795 1115 1930 1156; x_wconf 91' lang='lat' dir='ltr'><strong>una</strong></span> <span class='ocrx_word' id='word_1_53' title='bbox 1961 1092 2326 1179; x_wconf 89' lang='lat' dir='ltr'><strong>eademque</strong></span> <span class='ocrx_word' id='word_1_54' title='bbox 2358 1097 2812 1181; x_wconf 76' lang='lat' dir='ltr'><strong>significatione</strong></span> 
     </span>
     <span class='ocr_line' id='line_1_8' title="bbox 609 1190 2816 1280; baseline -0 -22"><span class='ocrx_word' id='word_1_55' title='bbox 609 1194 968 1280; x_wconf 87' lang='lat' dir='ltr'><strong>protulisse</strong></span> <span class='ocrx_word' id='word_1_56' title='bbox 1000 1193 1343 1255; x_wconf 90' lang='lat' dir='ltr'><strong>Prisciano</strong></span> <span class='ocrx_word' id='word_1_57' title='bbox 1375 1190 1786 1254; x_wconf 90' lang='lat' dir='ltr'><strong>credendum</strong></span> <span class='ocrx_word' id='word_1_58' title='bbox 1822 1212 1959 1254; x_wconf 90' lang='lat' dir='ltr'><strong>non</strong></span> <span class='ocrx_word' id='word_1_59' title='bbox 2006 1199 2142 1265; x_wconf 86' lang='lat' dir='ltr'><strong>est,</strong></span> <span class='ocrx_word' id='word_1_60' title='bbox 2187 1214 2384 1276; x_wconf 88' lang='lat' dir='ltr'><strong>quem</strong></span> <span class='ocrx_word' id='word_1_61' title='bbox 2425 1195 2816 1259; x_wconf 68' lang='lat' dir='ltr'><strong>inter-minoem</strong></span> 
     </span>
     <span class='ocr_line' id='line_1_9' title="bbox 610 1287 2813 1379; baseline -0 -23"><span class='ocrx_word' id='word_1_62' title='bbox 610 1292 1037 1379; x_wconf 78' lang='lat' dir='ltr'><strong>participium</strong></span> <span class='ocrx_word' id='word_1_63' title='bbox 1072 1289 1374 1373; x_wconf 83' lang='lat' dir='ltr'><strong>fefellit),</strong></span> <span class='ocrx_word' id='word_1_64' title='bbox 1422 1298 1540 1352; x_wconf 88' lang='lat' dir='ltr'><strong>aut</strong></span> <span class='ocrx_word' id='word_1_65' title='bbox 1566 1289 1634 1352; x_wconf 90' lang='lat' dir='ltr'><strong>in</strong></span> <span class='ocrx_word' id='word_1_66' title='bbox 1681 1287 1972 1374; x_wconf 88' lang='lat' dir='ltr'><strong>pellendi</strong></span> <span class='ocrx_word' id='word_1_67' title='bbox 2004 1289 2485 1374; x_wconf 80' lang='lat' dir='ltr'><strong>significatione</strong></span> <span class='ocrx_word' id='word_1_68' title='bbox 2513 1294 2686 1355; x_wconf 86' lang='lat' dir='ltr'><strong>ruris</strong></span> <span class='ocrx_word' id='word_1_69' title='bbox 2713 1316 2813 1379; x_wconf 89' lang='lat' dir='ltr'><strong>po·</strong></span> 
     </span>
     <span class='ocr_line' id='line_1_10' title="bbox 610 1385 2814 1475; baseline 0 -21"><span class='ocrx_word' id='word_1_70' title='bbox 610 1391 743 1454; x_wconf 84' lang='lat' dir='ltr'><strong>tius</strong></span> <span class='ocrx_word' id='word_1_71' title='bbox 797 1410 994 1474; x_wconf 83' lang='lat' dir='ltr'><strong>quam</strong></span> <span class='ocrx_word' id='word_1_72' title='bbox 1039 1387 1224 1452; x_wconf 89' lang='lat' dir='ltr'><strong>urbis</strong></span> <span class='ocrx_word' id='word_1_73' title='bbox 1244 1435 1258 1449; x_wconf 91' lang='lat'><strong>.</strong></span> <span class='ocrx_word' id='word_1_74' title='bbox 1313 1387 1397 1449; x_wconf 89' lang='lat' dir='ltr'><strong>ab</strong></span> <span class='ocrx_word' id='word_1_75' title='bbox 1438 1385 1572 1449; x_wconf 90' lang='lat' dir='ltr'><strong>hoc</strong></span> <span class='ocrx_word' id='word_1_76' title='bbox 1611 1385 1860 1449; x_wconf 86' lang='lat' dir='ltr'><strong>factum</strong></span> <span class='ocrx_word' id='word_1_77' title='bbox 1909 1389 2180 1450; x_wconf 78' lang='lat' dir='ltr'><strong>emin-are</strong></span> <span class='ocrx_word' id='word_1_78' title='bbox 2233 1387 2450 1454; x_wconf 80' lang='lat' dir='ltr'><strong>lexica</strong></span> <span class='ocrx_word' id='word_1_79' title='bbox 2498 1392 2814 1475; x_wconf 83' lang='lat' dir='ltr'><strong>ignorant.</strong></span> 
     </span>
     <span class='ocr_line' id='line_1_11' title="bbox 611 1483 2814 1574; baseline -0 -22"><span class='ocrx_word' id='word_1_80' title='bbox 611 1494 986 1574; x_wconf 81' lang='lat' dir='ltr'><strong>agnoscunt</strong></span> <span class='ocrx_word' id='word_1_81' title='bbox 1026 1487 1315 1549; x_wconf 85' lang='lat' dir='ltr'><strong>Actuum</strong></span> <span class='ocrx_word' id='word_1_82' title='bbox 1360 1483 1821 1569; x_wconf 75' lang='lat' dir='ltr'><strong>apostolorum</strong></span> <span class='ocrx_word' id='word_1_83' title='bbox 1868 1485 2271 1568; x_wconf 81' lang='lat' dir='ltr'><strong>exemplaria</strong></span> <span class='ocrx_word' id='word_1_84' title='bbox 2314 1486 2557 1552; x_wconf 81' lang='lat' dir='ltr'><strong>Latina</strong></span> <span class='ocrx_word' id='word_1_85' title='bbox 2602 1510 2814 1574; x_wconf 87' lang='lat' dir='ltr'><strong>peran-</strong></span> 
     </span>
     <span class='ocr_line' id='line_1_12' title="bbox 616 1581 2813 1673; baseline 0 -23"><span class='ocrx_word' id='word_1_86' title='bbox 616 1588 800 1671; x_wconf 89' lang='lat' dir='ltr'><strong>tiqua</strong></span> <span class='ocrx_word' id='word_1_87' title='bbox 827 1608 1018 1659; x_wconf 76' lang='lat' dir='ltr'><strong>xvm,</strong></span> <span class='ocrx_word' id='word_1_88' title='bbox 1044 1584 1157 1647; x_wconf 86' lang='lat'><strong>21.</strong></span> <span class='ocrx_word' id='word_1_89' title='bbox 1199 1581 1460 1646; x_wconf 84' lang='lat' dir='ltr'><strong>ridiculi</strong></span> <span class='ocrx_word' id='word_1_90' title='bbox 1505 1589 1666 1645; x_wconf 85' lang='lat' dir='ltr'><strong>sunt</strong></span> <span class='ocrx_word' id='word_1_91' title='bbox 1708 1581 1820 1665; x_wconf 93' lang='lat' dir='ltr'><strong>qui</strong></span> <span class='ocrx_word' id='word_1_92' title='bbox 1868 1590 1986 1645; x_wconf 89' lang='lat' dir='ltr'><strong>aut</strong></span> <span class='ocrx_word' id='word_1_93' title='bbox 2027 1604 2147 1666; x_wconf 90' lang='lat' dir='ltr'><strong>per</strong></span> <span class='ocrx_word' id='word_1_94' title='bbox 2189 1585 2427 1648; x_wconf 89' lang='lat' dir='ltr'><strong>tmesin</strong></span> <span class='ocrx_word' id='word_1_95' title='bbox 2473 1588 2813 1673; x_wconf 81' lang='lat' dir='ltr'><strong>accipiunt.</strong></span> 
     </span>
     <span class='ocr_line' id='line_1_13' title="bbox 614 1679 2813 1760; baseline 0 -13"><span class='ocrx_word' id='word_1_96' title='bbox 614 1685 920 1748; x_wconf 70' lang='lat' dir='ltr'><strong>[nminem</strong></span> <span class='ocrx_word' id='word_1_97' title='bbox 939 1683 1169 1745; x_wconf 70' lang='lat' dir='ltr'><strong>obinata</strong></span> <span class='ocrx_word' id='word_1_98' title='bbox 1183 1730 1200 1760; x_wconf 87' lang='lat'><em>‚</em></span> <span class='ocrx_word' id='word_1_99' title='bbox 1232 1688 1350 1744; x_wconf 89' lang='lat' dir='ltr'><strong>aut</strong></span> <span class='ocrx_word' id='word_1_100' title='bbox 1368 1683 1601 1743; x_wconf 84' lang='lat' dir='ltr'><strong>minere</strong></span> <span class='ocrx_word' id='word_1_101' title='bbox 1631 1700 1670 1742; x_wconf 89' lang='lat' dir='ltr'><strong>a</strong></span> <span class='ocrx_word' id='word_1_102' title='bbox 1700 1700 1788 1751; x_wconf 73' lang='lat' dir='ltr'><strong>se¹</strong></span> <span class='ocrx_word' id='word_1_103' title='bbox 1807 1690 1875 1743; x_wconf 89' lang='lat' dir='ltr'><strong>et</strong></span> <span class='ocrx_word' id='word_1_104' title='bbox 1903 1679 2012 1742; x_wconf 90' lang='lat' dir='ltr'><strong>hic</strong></span> <span class='ocrx_word' id='word_1_105' title='bbox 2043 1688 2110 1743; x_wconf 91' lang='lat' dir='ltr'><strong>et</strong></span> <span class='ocrx_word' id='word_1_106' title='bbox 2137 1681 2205 1743; x_wconf 91' lang='lat' dir='ltr'><strong>in</strong></span> <span class='ocrx_word' id='word_1_107' title='bbox 2234 1703 2437 1746; x_wconf 88' lang='lat' dir='ltr'><strong>versu</strong></span> <span class='ocrx_word' id='word_1_108' title='bbox 2462 1684 2623 1748; x_wconf 84' lang='grc'><strong>1195</strong></span> <span class='ocrx_word' id='word_1_109' title='bbox 2652 1684 2813 1748; x_wconf 85' lang='lat' dir='ltr'><strong>resti·</strong></span> 
     </span>
     <span class='ocr_line' id='line_1_14' title="bbox 614 1770 2814 1864; baseline 0.002 -21"><span class='ocrx_word' id='word_1_110' title='bbox 614 1787 831 1843; x_wconf 90' lang='lat' dir='ltr'><strong>tutum</strong></span> <span class='ocrx_word' id='word_1_111' title='bbox 852 1778 1222 1864; x_wconf 80' lang='lat' dir='ltr'><strong>gloriantur</strong></span> <span class='ocrx_word' id='word_1_112' title='bbox 1240 1826 1255 1852; x_wconf 81' lang='grc'><em>,</em></span> <span class='ocrx_word' id='word_1_113' title='bbox 1280 1770 1591 1842; x_wconf 74' lang='lat' dir='ltr'><strong>‘verbum</strong></span> <span class='ocrx_word' id='word_1_114' title='bbox 1613 1777 1893 1862; x_wconf 81' lang='lat' dir='ltr'><strong>simplex</strong></span> <span class='ocrx_word' id='word_1_115' title='bbox 1907 1779 1920 1801; x_wconf 90' lang='grc'>’</span> <span class='ocrx_word' id='word_1_116' title='bbox 1953 1798 2115 1841; x_wconf 89' lang='lat' dir='ltr'><strong>sane</strong></span> <span class='ocrx_word' id='word_1_117' title='bbox 2134 1827 2148 1851; x_wconf 87' lang='lat'>‚</span> <span class='ocrx_word' id='word_1_118' title='bbox 2180 1778 2304 1842; x_wconf 92' lang='lat' dir='ltr'><strong>sed</strong></span> <span class='ocrx_word' id='word_1_119' title='bbox 2325 1802 2530 1845; x_wconf 88' lang='lat' dir='ltr'><strong>sensu</strong></span> <span class='ocrx_word' id='word_1_120' title='bbox 2552 1805 2814 1847; x_wconf 86' lang='lat' dir='ltr'><strong>cassum.</strong></span> 
     </span>
     <span class='ocr_line' id='line_1_15' title="bbox 615 1875 2813 1965; baseline 0.001 -22"><span class='ocrx_word' id='word_1_121' title='bbox 615 1878 801 1965; x_wconf 87' lang='lat' dir='ltr'><strong>quod</strong></span> <span class='ocrx_word' id='word_1_122' title='bbox 828 1878 1132 1941; x_wconf 84' lang='lat' dir='ltr'><strong>homines</strong></span> <span class='ocrx_word' id='word_1_123' title='bbox 1164 1876 1348 1941; x_wconf 88' lang='lat' dir='ltr'><strong>docti</strong></span> <span class='ocrx_word' id='word_1_124' title='bbox 1377 1879 1445 1940; x_wconf 93' lang='lat' dir='ltr'><strong>in</strong></span> <span class='ocrx_word' id='word_1_125' title='bbox 1470 1877 1771 1941; x_wconf 76' lang='lat' dir='ltr'><strong>Sallustii</strong></span> <span class='ocrx_word' id='word_1_126' title='bbox 1797 1875 2023 1940; x_wconf 86' lang='lat' dir='ltr'><strong>verbis</strong></span> <span class='ocrx_word' id='word_1_127' title='bbox 2055 1896 2094 1938; x_wconf 89' lang='lat' dir='ltr'><strong>a</strong></span> <span class='ocrx_word' id='word_1_128' title='bbox 2123 1875 2346 1941; x_wconf 88' lang='lat' dir='ltr'><strong>Nonio</strong></span> <span class='ocrx_word' id='word_1_129' title='bbox 2376 1901 2441 1964; x_wconf 91' lang='lat' dir='ltr'><strong>p.</strong></span> <span class='ocrx_word' id='word_1_130' title='bbox 2455 1881 2654 1953; x_wconf 54' lang='lat'>5552</span> <span class='ocrx_word' id='word_1_131' title='bbox 2681 1904 2813 1944; x_wconf 86' lang='lat' dir='ltr'><strong>con-</strong></span> 
     </span>
    </p>
   </div>
   <div class='ocr_carea' id='block_1_3' title="bbox 492 1973 2814 2065">
    <p class='ocr_par' dir='ltr' id='par_1_3' title="bbox 492 1973 2814 2065">
     <span class='ocr_line' id='line_1_16' title="bbox 492 1973 2814 2065; baseline 0 -24"><span class='ocrx_word' id='word_1_132' title='bbox 492 2006 505 2019; x_wconf 91' lang='lat'><strong>·</strong></span> <span class='ocrx_word' id='word_1_133' title='bbox 613 1976 891 2063; x_wconf 83' lang='lat' dir='ltr'><strong>signatis</strong></span> <span class='ocrx_word' id='word_1_134' title='bbox 920 1973 1266 2039; x_wconf 84' lang='lat' dir='ltr'><strong>ferendum</strong></span> <span class='ocrx_word' id='word_1_135' title='bbox 1294 1997 1433 2039; x_wconf 92' lang='lat' dir='ltr'><strong>non</strong></span> <span class='ocrx_word' id='word_1_136' title='bbox 1464 1977 1928 2039; x_wconf 86' lang='lat' dir='ltr'><strong>existimarunt</strong></span> <span class='ocrx_word' id='word_1_137' title='bbox 1957 2022 1970 2036; x_wconf 91' lang='lat'><strong><em>.</em></strong></span> <span class='ocrx_word' id='word_1_138' title='bbox 2023 1974 2230 2037; x_wconf 90' lang='lat' dir='ltr'><strong>multo</strong></span> <span class='ocrx_word' id='word_1_139' title='bbox 2260 1977 2495 2042; x_wconf 86' lang='lat' dir='ltr'><strong>melius</strong></span> <span class='ocrx_word' id='word_1_140' title='bbox 2525 1989 2632 2044; x_wconf 87' lang='lat' dir='ltr'><strong>est</strong></span> <span class='ocrx_word' id='word_1_141' title='bbox 2659 1979 2814 2065; x_wconf 87' lang='lat' dir='ltr'><strong>quod</strong></span> 
     </span>
    </p>
   </div>
   <div class='ocr_carea' id='block_1_4' title="bbox 604 2072 2815 4512">
    <p class='ocr_par' dir='ltr' id='par_1_4' title="bbox 612 2072 2813 2552">
     <span class='ocr_line' id='line_1_17' title="bbox 612 2072 2813 2152; baseline 0 -13"><span class='ocrx_word' id='word_1_142' title='bbox 612 2076 772 2139; x_wconf 89' lang='lat' dir='ltr'><strong>Pius</strong></span> <span class='ocrx_word' id='word_1_143' title='bbox 813 2072 1034 2147; x_wconf 80' lang='lat' dir='ltr'><strong>dedit,</strong></span> <span class='ocrx_word' id='word_1_144' title='bbox 1081 2075 1384 2136; x_wconf 65' lang='lat' dir='ltr'><strong>Inclinafa</strong></span> <span class='ocrx_word' id='word_1_145' title='bbox 1422 2075 1687 2152; x_wconf 76' lang='lat' dir='ltr'><strong>micant,</strong></span> <span class='ocrx_word' id='word_1_146' title='bbox 1742 2072 1814 2136; x_wconf 90' lang='lat' dir='ltr'><strong>id</strong></span> <span class='ocrx_word' id='word_1_147' title='bbox 1856 2080 1960 2136; x_wconf 87' lang='lat' dir='ltr'><strong>cst</strong></span> <span class='ocrx_word' id='word_1_148' title='bbox 2004 2073 2249 2137; x_wconf 89' lang='lat' dir='ltr'><strong>saliunt</strong></span> <span class='ocrx_word' id='word_1_149' title='bbox 2287 2084 2354 2139; x_wconf 91' lang='lat' dir='ltr'><strong>et</strong></span> <span class='ocrx_word' id='word_1_150' title='bbox 2399 2086 2813 2141; x_wconf 84' lang='lat' dir='ltr'><strong>tremescunt:</strong></span> 
     </span>
     <span class='ocr_line' id='line_1_18' title="bbox 612 2170 2813 2257; baseline 0.001 -20"><span class='ocrx_word' id='word_1_151' title='bbox 612 2173 742 2238; x_wconf 90' lang='lat' dir='ltr'><strong>nisi</strong></span> <span class='ocrx_word' id='word_1_152' title='bbox 773 2171 958 2257; x_wconf 85' lang='lat' dir='ltr'><strong>quod</strong></span> <span class='ocrx_word' id='word_1_153' title='bbox 986 2173 1218 2233; x_wconf 81' lang='lat' dir='ltr'><strong>micare</strong></span> <span class='ocrx_word' id='word_1_154' title='bbox 1247 2171 1314 2233; x_wconf 90' lang='lat' dir='ltr'><strong>in</strong></span> <span class='ocrx_word' id='word_1_155' title='bbox 1343 2170 1554 2256; x_wconf 84' lang='lat' dir='ltr'><strong>igneis</strong></span> <span class='ocrx_word' id='word_1_156' title='bbox 1582 2178 1841 2234; x_wconf 86' lang='lat' dir='ltr'><strong>tantum</strong></span> <span class='ocrx_word' id='word_1_157' title='bbox 1869 2171 1978 2234; x_wconf 88' lang='lat' dir='ltr'><strong>vel</strong></span> <span class='ocrx_word' id='word_1_158' title='bbox 2007 2172 2312 2238; x_wconf 87' lang='lat' dir='ltr'><strong>animatis</strong></span> <span class='ocrx_word' id='word_1_159' title='bbox 2340 2175 2564 2239; x_wconf 91' lang='lat' dir='ltr'><strong>locum</strong></span> <span class='ocrx_word' id='word_1_160' title='bbox 2593 2177 2813 2240; x_wconf 79' lang='lat' dir='ltr'><strong>habere</strong></span> 
     </span>
     <span class='ocr_line' id='line_1_19' title="bbox 614 2268 2812 2353; baseline 0.001 -18"><span class='ocrx_word' id='word_1_161' title='bbox 614 2270 917 2335; x_wconf 78' lang='lat' dir='ltr'><strong>existimo</strong></span> <span class='ocrx_word' id='word_1_162' title='bbox 941 2318 955 2331; x_wconf 94' lang='lat'><strong>.</strong></span> <span class='ocrx_word' id='word_1_163' title='bbox 1008 2289 1215 2353; x_wconf 86' lang='lat' dir='ltr'><strong>quare</strong></span> <span class='ocrx_word' id='word_1_164' title='bbox 1233 2315 1248 2339; x_wconf 81' lang='lat'>‚</span> <span class='ocrx_word' id='word_1_165' title='bbox 1302 2290 1449 2331; x_wconf 90' lang='lat' dir='ltr'><strong>cum</strong></span> <span class='ocrx_word' id='word_1_166' title='bbox 1498 2268 1609 2331; x_wconf 89' lang='lat' dir='ltr'><strong>hic</strong></span> <span class='ocrx_word' id='word_1_167' title='bbox 1662 2269 1850 2353; x_wconf 90' lang='lat' dir='ltr'><strong>quod</strong></span> <span class='ocrx_word' id='word_1_168' title='bbox 1905 2280 2160 2334; x_wconf 88' lang='lat' dir='ltr'><strong>certum</strong></span> <span class='ocrx_word' id='word_1_169' title='bbox 2213 2272 2302 2336; x_wconf 90' lang='lat' dir='ltr'><strong>sit</strong></span> <span class='ocrx_word' id='word_1_170' title='bbox 2345 2273 2510 2337; x_wconf 89' lang='lat' dir='ltr'><strong>nihil</strong></span> <span class='ocrx_word' id='word_1_171' title='bbox 2547 2274 2812 2338; x_wconf 76' lang='lat' dir='ltr'><strong>videam.</strong></span> 
     </span>
     <span class='ocr_line' id='line_1_20' title="bbox 612 2365 2812 2458; baseline 0.001 -25"><span class='ocrx_word' id='word_1_172' title='bbox 612 2369 785 2433; x_wconf 81' lang='lat' dir='ltr'><strong>malo</strong></span> <span class='ocrx_word' id='word_1_173' title='bbox 817 2366 1093 2431; x_wconf 88' lang='lat' dir='ltr'><strong>credere</strong></span> <span class='ocrx_word' id='word_1_174' title='bbox 1122 2365 1505 2430; x_wconf 89' lang='lat' dir='ltr'><strong>Lucretium</strong></span> <span class='ocrx_word' id='word_1_175' title='bbox 1537 2388 1660 2429; x_wconf 89' lang='lat' dir='ltr'><strong>suo</strong></span> <span class='ocrx_word' id='word_1_176' title='bbox 1693 2376 1761 2430; x_wconf 91' lang='lat' dir='ltr'><strong>et</strong></span> <span class='ocrx_word' id='word_1_177' title='bbox 1798 2377 1959 2452; x_wconf 88' lang='lat' dir='ltr'><strong>apto</strong></span> <span class='ocrx_word' id='word_1_178' title='bbox 1988 2370 2321 2434; x_wconf 83' lang='lat' dir='ltr'><strong>vocabulo</strong></span> <span class='ocrx_word' id='word_1_179' title='bbox 2353 2374 2701 2458; x_wconf 86' lang='lat' dir='ltr'><strong>scripsisse</strong></span> <span class='ocrx_word' id='word_1_180' title='bbox 2733 2374 2812 2436; x_wconf 80' lang='lat' dir='ltr'><strong>[n-</strong></span> 
     </span>
     <span class='ocr_line' id='line_1_21' title="bbox 615 2466 2091 2552; baseline -0.002 -20"><span class='ocrx_word' id='word_1_181' title='bbox 615 2470 840 2532; x_wconf 72' lang='lat' dir='ltr'><strong>elinata</strong></span> <span class='ocrx_word' id='word_1_182' title='bbox 869 2489 966 2529; x_wconf 71' lang='lat' dir='ltr'><strong>nu:</strong></span> <span class='ocrx_word' id='word_1_183' title='bbox 984 2488 1025 2528; x_wconf 78' lang='lat' dir='ltr'>A</span> <span class='ocrx_word' id='word_1_184' title='bbox 1042 2488 1141 2528; x_wconf 78' lang='lat' dir='ltr'><strong>NT</strong></span> <span class='ocrx_word' id='word_1_185' title='bbox 1170 2466 1236 2527; x_wconf 78' lang='lat' dir='ltr'><strong>in</strong></span> <span class='ocrx_word' id='word_1_186' title='bbox 1267 2466 1521 2528; x_wconf 79' lang='lat' dir='ltr'><strong>eandem</strong></span> <span class='ocrx_word' id='word_1_187' title='bbox 1539 2466 1794 2549; x_wconf 59' lang='lat' dir='ltr'><strong>ptodita</strong></span> <span class='ocrx_word' id='word_1_188' title='bbox 1812 2479 2058 2552; x_wconf 76' lang='lat' dir='ltr'><strong>partem</strong></span> <span class='ocrx_word' id='word_1_189' title='bbox 2078 2517 2091 2529; x_wconf 92' lang='lat'>.</span> 
     </span>
    </p>

    <p class='ocr_par' dir='ltr' id='par_1_5' title="bbox 616 2560 2812 2726">
     <span class='ocr_line' id='line_1_22' title="bbox 682 2560 2812 2649; baseline 0.003 -23"><span class='ocrx_word' id='word_1_190' title='bbox 682 2560 688 2571; x_wconf 77' lang='grc'><strong>’</strong></span> <span class='ocrx_word' id='word_1_191' title='bbox 780 2564 918 2627; x_wconf 83' lang='grc'><strong>565.</strong></span> <span class='ocrx_word' id='word_1_192' title='bbox 948 2563 1061 2626; x_wconf 77' lang='grc' dir='ltr'><strong>ΕΤ</strong></span> <span class='ocrx_word' id='word_1_193' title='bbox 1104 2585 1514 2626; x_wconf 65' lang='lat' dir='ltr'><strong>mna-nunt.</strong></span> <span class='ocrx_word' id='word_1_194' title='bbox 1570 2562 1922 2649; x_wconf 83' lang='lat' dir='ltr'><strong>Oblongus</strong></span> <span class='ocrx_word' id='word_1_195' title='bbox 1973 2568 2054 2630; x_wconf 87' lang='lat' dir='ltr'><strong>Te</strong></span> <span class='ocrx_word' id='word_1_196' title='bbox 2095 2579 2396 2647; x_wconf 73' lang='lat' dir='ltr'><strong>metuunt,</strong></span> <span class='ocrx_word' id='word_1_197' title='bbox 2429 2567 2812 2632; x_wconf 76' lang='lat' dir='ltr'><strong>Veronensis</strong></span> 
     </span>
     <span class='ocr_line' id='line_1_23' title="bbox 616 2662 1248 2726; baseline -0.005 0"><span class='ocrx_word' id='word_1_198' title='bbox 616 2662 819 2726; x_wconf 72' lang='lat' dir='ltr'><strong>editio</strong></span> <span class='ocrx_word' id='word_1_199' title='bbox 860 2663 918 2725; x_wconf 88' lang='lat' dir='ltr'><em>T</em></span> <span class='ocrx_word' id='word_1_200' title='bbox 910 2686 942 2725; x_wconf 80' lang='lat' dir='ltr'><strong>e</strong></span> <span class='ocrx_word' id='word_1_201' title='bbox 968 2663 1248 2724; x_wconf 67' lang='lat' dir='ltr'><strong>metium.</strong></span> 
     </span>
    </p>

    <p class='ocr_par' dir='ltr' id='par_1_6' title="bbox 604 2758 2814 3609">
     <span class='ocr_line' id='line_1_24' title="bbox 781 2758 2810 2838; baseline 0.002 -16"><span class='ocrx_word' id='word_1_202' title='bbox 781 2760 921 2823; x_wconf 75' lang='lat'><strong>568.</strong></span> <span class='ocrx_word' id='word_1_203' title='bbox 953 2758 1184 2838; x_wconf 80' lang='lat' dir='ltr'><strong>Quon</strong></span> <span class='ocrx_word' id='word_1_204' title='bbox 1226 2780 1389 2821; x_wconf 72' lang='lat' dir='ltr'><strong>Nisi</strong></span> <span class='ocrx_word' id='word_1_205' title='bbox 1434 2781 1884 2824; x_wconf 70' lang='lat' dir='ltr'><strong>Rsssmssssnr</strong></span> <span class='ocrx_word' id='word_1_206' title='bbox 1913 2784 2206 2826; x_wconf 65' lang='lat' dir='ltr'><strong>veru-18</strong></span> <span class='ocrx_word' id='word_1_207' title='bbox 2247 2787 2514 2828; x_wconf 74' lang='lat' dir='ltr'>NULLA</span> <span class='ocrx_word' id='word_1_208' title='bbox 2556 2788 2810 2829; x_wconf 65' lang='lat' dir='ltr'><strong>aaran·</strong></span> 
     </span>
     <span class='ocr_line' id='line_1_25' title="bbox 614 2857 2812 2932; baseline 0.001 -9"><span class='ocrx_word' id='word_1_209' title='bbox 614 2881 767 2924; x_wconf 70' lang='lat' dir='ltr'><strong>unt</strong></span> <span class='ocrx_word' id='word_1_210' title='bbox 823 2857 981 2921; x_wconf 64' lang='lat' dir='ltr'><strong>Res</strong></span> <span class='ocrx_word' id='word_1_211' title='bbox 1040 2879 1304 2932; x_wconf 76' lang='lat' dir='ltr'>NEQUE</span> <span class='ocrx_word' id='word_1_212' title='bbox 1360 2879 1458 2918; x_wconf 79' lang='lat' dir='ltr'><strong>AB</strong></span> <span class='ocrx_word' id='word_1_213' title='bbox 1515 2879 1802 2921; x_wconf 70' lang='lat' dir='ltr'>Exn-10</span> <span class='ocrx_word' id='word_1_214' title='bbox 1861 2881 2143 2923; x_wconf 77' lang='lat' dir='ltr'><strong>rossu-</strong></span> <span class='ocrx_word' id='word_1_215' title='bbox 2203 2884 2812 2927; x_wconf 64' lang='lat' dir='ltr'><strong>ansanusnnsm:</strong></span> 
     </span>
     <span class='ocr_line' id='line_1_26' title="bbox 616 2952 2812 3046; baseline 0.001 -25"><span class='ocrx_word' id='word_1_216' title='bbox 616 2981 709 3021; x_wconf 78' lang='lat'>1311</span> <span class='ocrx_word' id='word_1_217' title='bbox 726 2981 767 3020; x_wconf 72' lang='lat' dir='ltr'>N</span> <span class='ocrx_word' id='word_1_218' title='bbox 784 2978 909 3019; x_wconf 70' lang='lat' dir='ltr'><strong>‘ms</strong></span> <span class='ocrx_word' id='word_1_219' title='bbox 927 3004 941 3018; x_wconf 87' lang='lat'><strong>.</strong></span> <span class='ocrx_word' id='word_1_220' title='bbox 987 2952 1376 3033; x_wconf 82' lang='lat' dir='ltr'><strong>Quadratus</strong></span> <span class='ocrx_word' id='word_1_221' title='bbox 1414 2954 1606 3040; x_wconf 82' lang='lat' dir='ltr'><strong>refert</strong></span> <span class='ocrx_word' id='word_1_222' title='bbox 1639 2966 1761 3018; x_wconf 65' lang='lat' dir='ltr'><strong>«met</strong></span> <span class='ocrx_word' id='word_1_223' title='bbox 1787 2956 1913 3019; x_wconf 69' lang='lat' dir='ltr'><strong>Res</strong></span> <span class='ocrx_word' id='word_1_224' title='bbox 1949 2980 2060 3020; x_wconf 82' lang='lat' dir='ltr'><strong>nec</strong></span> <span class='ocrx_word' id='word_1_225' title='bbox 2088 2980 2204 3043; x_wconf 76' lang='lat' dir='ltr'><strong>que</strong></span> <span class='ocrx_word' id='word_1_226' title='bbox 2232 2959 2309 3021; x_wconf 83' lang='lat' dir='ltr'><strong>ab</strong></span> <span class='ocrx_word' id='word_1_227' title='bbox 2326 3008 2342 3033; x_wconf 89' lang='lat'>‚</span> <span class='ocrx_word' id='word_1_228' title='bbox 2387 2961 2710 3046; x_wconf 77' lang='lat' dir='ltr'><strong>oblongus</strong></span> <span class='ocrx_word' id='word_1_229' title='bbox 2736 2984 2812 3023; x_wconf 81' lang='lat' dir='ltr'><strong>re-</strong></span> 
     </span>
     <span class='ocr_line' id='line_1_27' title="bbox 604 3055 2813 3143; baseline 0.001 -24"><span class='ocrx_word' id='word_1_230' title='bbox 604 3055 1176 3143; x_wconf 75' lang='lat' dir='ltr'><strong>prehendereuntis.</strong></span> <span class='ocrx_word' id='word_1_231' title='bbox 1226 3075 1475 3115; x_wconf 64' lang='lat' dir='ltr'><strong>venri</strong></span> <span class='ocrx_word' id='word_1_232' title='bbox 1516 3062 1586 3115; x_wconf 82' lang='lat' dir='ltr'><strong>et</strong></span> <span class='ocrx_word' id='word_1_233' title='bbox 1623 3075 2038 3118; x_wconf 68' lang='grc' dir='ltr'><strong>ΒΕΡΒΕΝΕΤ</strong></span> <span class='ocrx_word' id='word_1_234' title='bbox 2083 3056 2264 3119; x_wconf 80' lang='lat' dir='ltr'><strong>Itali.</strong></span> <span class='ocrx_word' id='word_1_235' title='bbox 2310 3066 2450 3120; x_wconf 89' lang='lat' dir='ltr'><strong>tum</strong></span> <span class='ocrx_word' id='word_1_236' title='bbox 2479 3059 2813 3122; x_wconf 78' lang='lat' dir='ltr'><strong>Brixiensis</strong></span> 
     </span>
     <span class='ocr_line' id='line_1_28' title="bbox 617 3150 2814 3232; baseline 0.001 -14"><span class='ocrx_word' id='word_1_237' title='bbox 617 3154 821 3218; x_wconf 86' lang='lat' dir='ltr'><strong>editio</strong></span> <span class='ocrx_word' id='word_1_238' title='bbox 850 3155 905 3217; x_wconf 71' lang='lat' dir='ltr'><strong>si</strong></span> <span class='ocrx_word' id='word_1_239' title='bbox 930 3153 1104 3216; x_wconf 77' lang='lat' dir='ltr'><strong>nulla</strong></span> <span class='ocrx_word' id='word_1_240' title='bbox 1128 3200 1146 3232; x_wconf 87' lang='lat'><em>‚</em></span> <span class='ocrx_word' id='word_1_241' title='bbox 1191 3173 1316 3214; x_wconf 91' lang='lat' dir='ltr'><strong>nec</strong></span> <span class='ocrx_word' id='word_1_242' title='bbox 1346 3150 1554 3214; x_wconf 88' lang='lat' dir='ltr'><strong>multo</strong></span> <span class='ocrx_word' id='word_1_243' title='bbox 1585 3152 1819 3216; x_wconf 90' lang='lat' dir='ltr'><strong>melius</strong></span> <span class='ocrx_word' id='word_1_244' title='bbox 1849 3150 1938 3216; x_wconf 86' lang='lat' dir='ltr'><strong>ad</strong></span> <span class='ocrx_word' id='word_1_245' title='bbox 1966 3154 2336 3217; x_wconf 88' lang='lat' dir='ltr'><strong>orationem</strong></span> <span class='ocrx_word' id='word_1_246' title='bbox 2364 3156 2814 3220; x_wconf 79' lang='lat' dir='ltr'><strong>absolvendam</strong></span> 
     </span>
     <span class='ocr_line' id='line_1_29' title="bbox 616 3248 2812 3334; baseline -0.001 -17"><span class='ocrx_word' id='word_1_247' title='bbox 616 3253 765 3317; x_wconf 87' lang='lat' dir='ltr'><strong>Itali</strong></span> <span class='ocrx_word' id='word_1_248' title='bbox 791 3275 914 3316; x_wconf 76' lang='lat' dir='ltr'><strong>non</strong></span> <span class='ocrx_word' id='word_1_249' title='bbox 942 3252 1105 3329; x_wconf 80' lang='lat' dir='ltr'><em>ulla,</em></span> <span class='ocrx_word' id='word_1_250' title='bbox 1152 3248 1402 3313; x_wconf 89' lang='lat' dir='ltr'><strong>factum</strong></span> <span class='ocrx_word' id='word_1_251' title='bbox 1433 3248 1520 3312; x_wconf 85' lang='lat' dir='ltr'><strong>ad</strong></span> <span class='ocrx_word' id='word_1_252' title='bbox 1566 3250 1936 3334; x_wconf 80' lang='lat' dir='ltr'><strong>exemplum</strong></span> <span class='ocrx_word' id='word_1_253' title='bbox 1964 3272 2203 3315; x_wconf 84' lang='lat' dir='ltr'><strong>versus</strong></span> <span class='ocrx_word' id='word_1_254' title='bbox 2231 3252 2299 3314; x_wconf 92' lang='grc'><strong>111</strong></span> <span class='ocrx_word' id='word_1_255' title='bbox 2332 3276 2354 3315; x_wconf 91' lang='grc'><strong>1</strong></span> <span class='ocrx_word' id='word_1_256' title='bbox 2385 3254 2545 3329; x_wconf 83' lang='grc'><strong>850,</strong></span> <span class='ocrx_word' id='word_1_257' title='bbox 2587 3256 2693 3318; x_wconf 90' lang='lat' dir='ltr'><strong>ubi</strong></span> <span class='ocrx_word' id='word_1_258' title='bbox 2728 3264 2812 3317; x_wconf 82' lang='lat' dir='ltr'><strong>est</strong></span> 
     </span>
     <span class='ocr_line' id='line_1_30' title="bbox 615 3347 2812 3436; baseline -0 -22"><span class='ocrx_word' id='word_1_259' title='bbox 615 3374 807 3436; x_wconf 74' lang='lat' dir='ltr'><strong>neque</strong></span> <span class='ocrx_word' id='word_1_260' title='bbox 848 3350 928 3413; x_wconf 84' lang='lat' dir='ltr'><strong>ab</strong></span> <span class='ocrx_word' id='word_1_261' title='bbox 970 3350 1151 3413; x_wconf 76' lang='lat' dir='ltr'><strong>exilio</strong></span> <span class='ocrx_word' id='word_1_262' title='bbox 1190 3372 1288 3411; x_wconf 72' lang='lat' dir='ltr'><strong>res</strong></span> <span class='ocrx_word' id='word_1_263' title='bbox 1327 3349 1461 3411; x_wconf 81' lang='lat' dir='ltr'><em>ulla</em></span> <span class='ocrx_word' id='word_1_264' title='bbox 1500 3348 1803 3434; x_wconf 71' lang='lat' dir='ltr'><strong>refrenat.</strong></span> <span class='ocrx_word' id='word_1_265' title='bbox 1851 3347 1960 3411; x_wconf 90' lang='lat' dir='ltr'><strong>hic</strong></span> <span class='ocrx_word' id='word_1_266' title='bbox 1989 3348 2448 3415; x_wconf 59' lang='lat' dir='ltr'><strong>WVakefieldus</strong></span> <span class='ocrx_word' id='word_1_267' title='bbox 2477 3353 2668 3418; x_wconf 82' lang='lat' dir='ltr'><strong>valde</strong></span> <span class='ocrx_word' id='word_1_268' title='bbox 2696 3354 2812 3416; x_wconf 84' lang='lat' dir='ltr'><strong>lau·</strong></span> 
     </span>
     <span class='ocr_line' id='line_1_31' title="bbox 618 3446 2812 3538; baseline 0 -27"><span class='ocrx_word' id='word_1_269' title='bbox 618 3448 883 3512; x_wconf 87' lang='lat' dir='ltr'><strong>dandus</strong></span> <span class='ocrx_word' id='word_1_270' title='bbox 910 3455 1014 3511; x_wconf 89' lang='lat' dir='ltr'><strong>est</strong></span> <span class='ocrx_word' id='word_1_271' title='bbox 1036 3496 1051 3522; x_wconf 81' lang='grc'><em>,</em></span> <span class='ocrx_word' id='word_1_272' title='bbox 1083 3447 1194 3532; x_wconf 90' lang='lat' dir='ltr'><strong>qui</strong></span> <span class='ocrx_word' id='word_1_273' title='bbox 1218 3446 1560 3511; x_wconf 81' lang='lat' dir='ltr'><strong>verissime</strong></span> <span class='ocrx_word' id='word_1_274' title='bbox 1584 3446 1878 3510; x_wconf 83' lang='lat' dir='ltr'><strong>correxit</strong></span> <span class='ocrx_word' id='word_1_275' title='bbox 1907 3446 2264 3510; x_wconf 87' lang='lat' dir='ltr'><strong>scribendo</strong></span> <span class='ocrx_word' id='word_1_276' title='bbox 2295 3471 2376 3512; x_wconf 77' lang='lat' dir='ltr'><strong>vx</strong></span> <span class='ocrx_word' id='word_1_277' title='bbox 2392 3472 2426 3513; x_wconf 89' lang='lat' dir='ltr'><strong>s</strong></span> <span class='ocrx_word' id='word_1_278' title='bbox 2451 3453 2623 3515; x_wconf 74' lang='lat' dir='ltr'><em>nulla</em></span> <span class='ocrx_word' id='word_1_279' title='bbox 2649 3452 2812 3538; x_wconf 61' lang='lat' dir='ltr'><strong>refre-</strong></span> 
     </span>
     <span class='ocr_line' id='line_1_32' title="bbox 617 3547 902 3609; baseline -0.011 0"><span class='ocrx_word' id='word_1_280' title='bbox 617 3557 717 3609; x_wconf 76' lang='lat' dir='ltr'><strong>net</strong></span> <span class='ocrx_word' id='word_1_281' title='bbox 745 3547 869 3608; x_wconf 75' lang='lat' dir='ltr'><strong>Res</strong></span> <span class='ocrx_word' id='word_1_282' title='bbox 890 3593 902 3606; x_wconf 91' lang='lat'>.</span> 
     </span>
    </p>

    <p class='ocr_par' dir='ltr' id='par_1_7' title="bbox 618 3642 2815 4512">
     <span class='ocr_line' id='line_1_33' title="bbox 784 3642 2812 3721; baseline 0.001 -16"><span class='ocrx_word' id='word_1_283' title='bbox 784 3643 922 3706; x_wconf 92' lang='grc'><strong>574.</strong></span> <span class='ocrx_word' id='word_1_284' title='bbox 953 3642 1066 3706; x_wconf 77' lang='lat' dir='ltr'><strong>Er</strong></span> <span class='ocrx_word' id='word_1_285' title='bbox 1108 3664 1437 3707; x_wconf 70' lang='lat' dir='ltr'><strong>mmmm·</strong></span> <span class='ocrx_word' id='word_1_286' title='bbox 1480 3664 1902 3707; x_wconf 76' lang='lat' dir='ltr'>PROLAPSA</span> <span class='ocrx_word' id='word_1_287' title='bbox 1946 3665 2137 3721; x_wconf 72' lang='lat' dir='ltr'><strong>suAs</strong></span> <span class='ocrx_word' id='word_1_288' title='bbox 2182 3666 2260 3706; x_wconf 76' lang='lat' dir='ltr'><strong>m</strong></span> <span class='ocrx_word' id='word_1_289' title='bbox 2304 3667 2672 3710; x_wconf 66' lang='lat' dir='ltr'><strong>romu-:BA</strong></span> <span class='ocrx_word' id='word_1_290' title='bbox 2709 3666 2812 3709; x_wconf 73' lang='lat' dir='ltr'><strong>ss·</strong></span> 
     </span>
     <span class='ocr_line' id='line_1_34' title="bbox 619 3738 2815 3829; baseline 0 -24"><span class='ocrx_word' id='word_1_291' title='bbox 619 3765 712 3805; x_wconf 77' lang='lat' dir='ltr'><strong>m:</strong></span> <span class='ocrx_word' id='word_1_292' title='bbox 729 3765 762 3806; x_wconf 94' lang='lat' dir='ltr'><strong>s</strong></span> <span class='ocrx_word' id='word_1_293' title='bbox 783 3789 797 3803; x_wconf 91' lang='lat'><strong>.</strong></span> <span class='ocrx_word' id='word_1_294' title='bbox 842 3741 919 3805; x_wconf 80' lang='lat' dir='ltr'><strong>In</strong></span> <span class='ocrx_word' id='word_1_295' title='bbox 951 3741 1234 3826; x_wconf 79' lang='lat' dir='ltr'><strong>pondera</strong></span> <span class='ocrx_word' id='word_1_296' title='bbox 1265 3738 1638 3824; x_wconf 86' lang='lat' dir='ltr'><strong>quadratus</strong></span> <span class='ocrx_word' id='word_1_297' title='bbox 1657 3791 1671 3815; x_wconf 87' lang='lat'>‚</span> <span class='ocrx_word' id='word_1_298' title='bbox 1713 3744 2068 3827; x_wconf 78' lang='lat' dir='ltr'><strong>inpendere</strong></span> <span class='ocrx_word' id='word_1_299' title='bbox 2096 3743 2428 3829; x_wconf 85' lang='lat' dir='ltr'><strong>oblongus</strong></span> <span class='ocrx_word' id='word_1_300' title='bbox 2459 3755 2526 3808; x_wconf 85' lang='lat' dir='ltr'><strong>et</strong></span> <span class='ocrx_word' id='word_1_301' title='bbox 2555 3745 2694 3809; x_wconf 77' lang='lat' dir='ltr'><strong>Itali</strong></span> <span class='ocrx_word' id='word_1_302' title='bbox 2717 3744 2815 3805; x_wconf 89' lang='lat' dir='ltr'><strong>im·</strong></span> 
     </span>
     <span class='ocr_line' id='line_1_35' title="bbox 622 3837 2812 3929; baseline -0.001 -26"><span class='ocrx_word' id='word_1_303' title='bbox 622 3840 974 3926; x_wconf 84' lang='lat' dir='ltr'><strong>pressique</strong></span> <span class='ocrx_word' id='word_1_304' title='bbox 1019 3837 1167 3901; x_wconf 88' lang='lat' dir='ltr'><strong>libri</strong></span> <span class='ocrx_word' id='word_1_305' title='bbox 1194 3885 1207 3899; x_wconf 90' lang='lat'><strong><em>.</em></strong></span> <span class='ocrx_word' id='word_1_306' title='bbox 1259 3839 1564 3923; x_wconf 79' lang='lat' dir='ltr'><strong>prolapsa</strong></span> <span class='ocrx_word' id='word_1_307' title='bbox 1605 3840 1672 3903; x_wconf 79' lang='lat' dir='ltr'><strong>in</strong></span> <span class='ocrx_word' id='word_1_308' title='bbox 1712 3842 1996 3925; x_wconf 80' lang='lat' dir='ltr'><strong>pondera</strong></span> <span class='ocrx_word' id='word_1_309' title='bbox 2040 3850 2144 3906; x_wconf 87' lang='lat' dir='ltr'><strong>est</strong></span> <span class='ocrx_word' id='word_1_310' title='bbox 2188 3842 2272 3906; x_wconf 85' lang='lat' dir='ltr'><strong>ab</strong></span> <span class='ocrx_word' id='word_1_311' title='bbox 2319 3844 2498 3906; x_wconf 89' lang='lat' dir='ltr'><strong>omni</strong></span> <span class='ocrx_word' id='word_1_312' title='bbox 2545 3854 2718 3929; x_wconf 87' lang='lat' dir='ltr'><strong>parte</strong></span> <span class='ocrx_word' id='word_1_313' title='bbox 2757 3841 2812 3902; x_wconf 87' lang='lat' dir='ltr'><strong>in</strong></span> 
     </span>
     <span class='ocr_line' id='line_1_36' title="bbox 621 3933 2810 4023; baseline 0 -23"><span class='ocrx_word' id='word_1_314' title='bbox 621 3936 925 4022; x_wconf 86' lang='lat' dir='ltr'><strong>aequalia</strong></span> <span class='ocrx_word' id='word_1_315' title='bbox 958 3933 1266 4023; x_wconf 88' lang='lat' dir='ltr'><strong>pondera</strong></span> <span class='ocrx_word' id='word_1_316' title='bbox 1294 3936 1614 4021; x_wconf 88' lang='lat' dir='ltr'><strong>prolapsa</strong></span> <span class='ocrx_word' id='word_1_317' title='bbox 1641 3987 1656 4012; x_wconf 91' lang='lat'>,</span> <span class='ocrx_word' id='word_1_318' title='bbox 1699 3940 1785 4001; x_wconf 76' lang='lat' dir='ltr'><strong>ele</strong></span> <span class='ocrx_word' id='word_1_319' title='bbox 1825 3941 2173 4023; x_wconf 59' lang='lat' dir='ltr'><strong>{copponlan</strong></span> <span class='ocrx_word' id='word_1_320' title='bbox 2206 3990 2219 4003; x_wconf 92' lang='lat'><strong>.</strong></span> <span class='ocrx_word' id='word_1_321' title='bbox 2268 3941 2364 4004; x_wconf 80' lang='lat' dir='ltr'><strong>ita</strong></span> <span class='ocrx_word' id='word_1_322' title='bbox 2393 3940 2734 4006; x_wconf 84' lang='lat' dir='ltr'><strong>Turnebus</strong></span> <span class='ocrx_word' id='word_1_323' title='bbox 2757 3938 2810 3999; x_wconf 88' lang='lat' dir='ltr'><strong>in</strong></span> 
     </span>
     <span class='ocr_line' id='line_1_37' title="bbox 620 4031 2812 4124; baseline 0.002 -24"><span class='ocrx_word' id='word_1_324' title='bbox 620 4033 1023 4100; x_wconf 85' lang='lat' dir='ltr'><strong>adversariis</strong></span> <span class='ocrx_word' id='word_1_325' title='bbox 1056 4055 1143 4107; x_wconf 75' lang='grc' dir='ltr'><strong>ιν,</strong></span> <span class='ocrx_word' id='word_1_326' title='bbox 1165 4032 1237 4095; x_wconf 90' lang='grc'><strong>17</strong></span> <span class='ocrx_word' id='word_1_327' title='bbox 1271 4031 1671 4098; x_wconf 82' lang='lat' dir='ltr'><strong>Ovidianum</strong></span> <span class='ocrx_word' id='word_1_328' title='bbox 1712 4036 1874 4100; x_wconf 90' lang='lat' dir='ltr'><strong>illud</strong></span> <span class='ocrx_word' id='word_1_329' title='bbox 1903 4038 2381 4124; x_wconf 81' lang='lat' dir='ltr'><strong>interpretatur</strong></span> <span class='ocrx_word' id='word_1_330' title='bbox 2417 4041 2488 4102; x_wconf 90' lang='lat' dir='ltr'><strong>in</strong></span> <span class='ocrx_word' id='word_1_331' title='bbox 2517 4048 2748 4103; x_wconf 85' lang='lat' dir='ltr'><strong>metam-</strong></span> <span class='ocrx_word' id='word_1_332' title='bbox 2777 4057 2812 4097; x_wconf 88' lang='lat'><strong>1·</strong></span> 
     </span>
     <span class='ocr_line' id='line_1_38' title="bbox 629 4130 2812 4218; baseline 0.001 -20"><span class='ocrx_word' id='word_1_333' title='bbox 629 4136 699 4198; x_wconf 87' lang='lat'><strong>13</strong></span> <span class='ocrx_word' id='word_1_334' title='bbox 719 4182 734 4205; x_wconf 82' lang='lat'>‚</span> <span class='ocrx_word' id='word_1_335' title='bbox 782 4134 919 4198; x_wconf 81' lang='lat' dir='ltr'><strong>Nee</strong></span> <span class='ocrx_word' id='word_1_336' title='bbox 949 4133 1179 4194; x_wconf 79' lang='lat' dir='ltr'><strong>circum</strong></span> <span class='ocrx_word' id='word_1_337' title='bbox 1204 4130 1355 4218; x_wconf 79' lang='lat' dir='ltr'><strong>fuso</strong></span> <span class='ocrx_word' id='word_1_338' title='bbox 1388 4133 1696 4216; x_wconf 75' lang='lat' dir='ltr'><strong>pendebat</strong></span> <span class='ocrx_word' id='word_1_339' title='bbox 1722 4136 1786 4198; x_wconf 75' lang='lat' dir='ltr'><strong>in</strong></span> <span class='ocrx_word' id='word_1_340' title='bbox 1828 4146 1971 4199; x_wconf 67' lang='lat' dir='ltr'><strong>ae&#39;re</strong></span> <span class='ocrx_word' id='word_1_341' title='bbox 2008 4137 2181 4200; x_wconf 68' lang='lat' dir='ltr'><strong>tellus</strong></span> <span class='ocrx_word' id='word_1_342' title='bbox 2210 4138 2588 4201; x_wconf 76' lang='lat' dir='ltr'><strong>Ponderibus</strong></span> <span class='ocrx_word' id='word_1_343' title='bbox 2623 4137 2812 4201; x_wconf 69' lang='lat' dir='ltr'><strong>libr-(da</strong></span> 
     </span>
     <span class='ocr_line' id='line_1_39' title="bbox 618 4228 2814 4318; baseline 0.001 -23"><span class='ocrx_word' id='word_1_344' title='bbox 618 4234 776 4295; x_wconf 76' lang='lat' dir='ltr'><strong>suis,</strong></span> <span class='ocrx_word' id='word_1_345' title='bbox 806 4231 901 4294; x_wconf 86' lang='lat' dir='ltr'><strong>ita</strong></span> <span class='ocrx_word' id='word_1_346' title='bbox 929 4228 1282 4292; x_wconf 87' lang='lat' dir='ltr'><strong>Lucretius</strong></span> <span class='ocrx_word' id='word_1_347' title='bbox 1312 4229 1379 4290; x_wconf 88' lang='lat' dir='ltr'><strong>in</strong></span> <span class='ocrx_word' id='word_1_348' title='bbox 1409 4229 1619 4303; x_wconf 80' lang='lat'>11,218</span> <span class='ocrx_word' id='word_1_349' title='bbox 1658 4233 1928 4318; x_wconf 68' lang='lat' dir='ltr'><strong>Corpora</strong></span> <span class='ocrx_word' id='word_1_350' title='bbox 1972 4257 2109 4297; x_wconf 75' lang='lat' dir='ltr'><strong>cum</strong></span> <span class='ocrx_word' id='word_1_351' title='bbox 2149 4236 2432 4299; x_wconf 70' lang='lat' dir='ltr'><strong>deorsum</strong></span> <span class='ocrx_word' id='word_1_352' title='bbox 2471 4247 2690 4298; x_wconf 74' lang='lat' dir='ltr'><strong>rectum</strong></span> <span class='ocrx_word' id='word_1_353' title='bbox 2713 4252 2814 4316; x_wconf 81' lang='lat' dir='ltr'><strong>per</strong></span> 
     </span>
     <span class='ocr_line' id='line_1_40' title="bbox 622 4328 2810 4420; baseline 0 -27"><span class='ocrx_word' id='word_1_354' title='bbox 622 4333 802 4393; x_wconf 71' lang='lat' dir='ltr'><strong>inam</strong></span> <span class='ocrx_word' id='word_1_355' title='bbox 815 4330 1113 4415; x_wconf 76' lang='lat' dir='ltr'><strong>seruntur</strong></span> <span class='ocrx_word' id='word_1_356' title='bbox 1128 4376 1145 4406; x_wconf 86' lang='lat'><em>‚</em></span> <span class='ocrx_word' id='word_1_357' title='bbox 1178 4328 1556 4391; x_wconf 70' lang='lat' dir='ltr'><strong>Ponderibus</strong></span> <span class='ocrx_word' id='word_1_358' title='bbox 1571 4333 1850 4415; x_wconf 76' lang='lat' dir='ltr'><strong>propriis</strong></span> <span class='ocrx_word' id='word_1_359' title='bbox 1879 4333 2101 4396; x_wconf 63' lang='lat' dir='ltr'><strong>incer-w</strong></span> <span class='ocrx_word' id='word_1_360' title='bbox 2131 4343 2393 4419; x_wconf 77' lang='lat' dir='ltr'><strong>{empore</strong></span> <span class='ocrx_word' id='word_1_361' title='bbox 2403 4334 2611 4420; x_wconf 74' lang='lat' dir='ltr'><strong>ferme</strong></span> <span class='ocrx_word' id='word_1_362' title='bbox 2639 4333 2810 4396; x_wconf 68' lang='lat' dir='ltr'><strong>lacer·</strong></span> 
     </span>
     <span class='ocr_line' id='line_1_41' title="bbox 618 4426 2808 4512; baseline -0.001 -21"><span class='ocrx_word' id='word_1_363' title='bbox 618 4431 808 4512; x_wconf 73' lang='lat' dir='ltr'><strong>tisqne</strong></span> <span class='ocrx_word' id='word_1_364' title='bbox 830 4427 947 4489; x_wconf 73' lang='lat' dir='ltr'><strong>loci</strong></span> <span class='ocrx_word' id='word_1_365' title='bbox 966 4426 1175 4510; x_wconf 55' lang='lat' dir='ltr'><strong>spatiis</strong></span> <span class='ocrx_word' id='word_1_366' title='bbox 1198 4426 1488 4489; x_wconf 69' lang='lat' dir='ltr'><strong>devellere</strong></span> <span class='ocrx_word' id='word_1_367' title='bbox 1498 4428 1762 4510; x_wconf 78' lang='lat' dir='ltr'><strong>paulum-</strong></span> <span class='ocrx_word' id='word_1_368' title='bbox 1781 4479 1794 4492; x_wconf 91' lang='lat'><strong>.</strong></span> <span class='ocrx_word' id='word_1_369' title='bbox 1827 4429 2137 4494; x_wconf 88' lang='lat' dir='ltr'><strong>Lucanus</strong></span> <span class='ocrx_word' id='word_1_370' title='bbox 2159 4431 2226 4493; x_wconf 89' lang='lat' dir='ltr'><strong>in</strong></span> <span class='ocrx_word' id='word_1_371' title='bbox 2258 4454 2300 4505; x_wconf 86' lang='lat'><strong>1,</strong></span> <span class='ocrx_word' id='word_1_372' title='bbox 2317 4431 2396 4493; x_wconf 84' lang='grc'><strong>57</strong></span> <span class='ocrx_word' id='word_1_373' title='bbox 2427 4432 2694 4496; x_wconf 73' lang='lat' dir='ltr'><strong>Aetheris</strong></span> <span class='ocrx_word' id='word_1_374' title='bbox 2718 4428 2808 4489; x_wconf 74' lang='lat' dir='ltr'><strong>im-</strong></span> 
     </span>
    </p>
   </div>
   <div class='ocr_carea' id='block_1_5' title="bbox 2976 2219 2985 3457">
    <p class='ocr_par' dir='ltr' id='par_1_8' title="bbox 2976 2219 2985 3457">
     <span class='ocr_line' id='line_1_42' title="bbox 2976 2219 2985 3457; baseline 0 0"><span class='ocrx_word' id='word_1_375' title='bbox 2976 2219 2985 3457; x_wconf 95' lang='lat' dir='ltr'><strong> </strong></span> 
     </span>
    </p>
   </div>
   <div class='ocr_carea' id='block_1_6' title="bbox 2972 3601 2983 5128">
    <p class='ocr_par' dir='ltr' id='par_1_9' title="bbox 2972 3601 2983 5128">
     <span class='ocr_line' id='line_1_43' title="bbox 2972 3601 2983 5128; baseline 0 0"><span class='ocrx_word' id='word_1_376' title='bbox 2972 3601 2983 5128; x_wconf 95' lang='lat' dir='ltr'><strong> </strong></span> 
     </span>
    </p>
   </div>
  </div>
 </body>
</html>
