3042 5192
682 453 823 520 240
1743 451 1838 518 IV

681 625 864 712 apud
904 625 1194 689 Nonium
1235 647 1300 710 p.
1318 624 1460 692 453.
1481 625 1518 687 7
1554 625 1883 688 Praeterea
1906 628 2081 711 pavit
2107 675 2126 706 ,
2171 624 2522 711 quadratus
2552 628 2819 714 Propterea

680 726 877 804 radit,
897 723 1313 787 Veronensis
1338 722 1544 787 editio
1568 724 1824 787 Praeter
1846 724 2043 797 radit,
2064 724 2213 788 Itali
2236 733 2303 789 et
2322 726 2651 789 Brixiensis
2678 727 2820 790 Prae·

680 836 770 887 ter
797 823 964 886 radit
991 824 1150 885 enim
1166 872 1184 903 ‚
1209 821 1536 884 Marullus
1562 822 1817 885 Praeter
1846 824 2007 885 euim
2033 823 2229 887 radit.
2256 824 2568 909 Propterea
2592 825 2823 908 probant

681 919 1137 984 Wakefieldus
1167 929 1236 983 et
1263 918 1606 1004 Forbiger‚
1639 920 1752 1004 qui
1783 921 1907 983 sibi
1939 929 2136 1007 turpe
2165 942 2298 986 non
2328 929 2552 1005 putant
2574 923 2821 1005 ignorare

681 1040 852 1104 quac
886 1018 1266 1082 Gronovius
1298 1017 1569 1104 scripsit
1595 1017 1663 1080 in
1696 1017 2241 1081 observationum
2272 1040 2364 1088 111,
2388 1018 2458 1081 19
2484 1017 2694 1102 p.606.

848 1116 987 1180 532.
1020 1117 1408 1180 Sclmcssr
1451 1137 1848 1179 EXPLETIS
1891 1137 2214 1191 QUOQUE
2260 1138 2503 1180 unua
2536 1138 2825 1180 nAmrcn

682 1237 866 1279 oms
896 1263 910 1278 .
953 1215 1057 1278 Ita
1096 1212 1468 1298 quadratus
1497 1237 1513 1275 ε
1555 1212 1889 1298 oblongus
1924 1215 2189 1294 reditur,
2216 1214 2427 1278 Italici
2452 1215 2716 1278 redditur.
2746 1213 2824 1277 hic

678 1313 857 1378 idem
902 1312 1284 1376 Gronovius
1321 1306 1687 1375 ‘Putarunt
1727 1313 1995 1397 expleta-9
2030 1336 2174 1376 ora-s·
2215 1311 2388 1377 dici:
2433 1311 2547 1375 sed
2584 1311 2722 1397 quid
2752 1323 2825 1374 est

682 1414 929 1498 expletis
971 1414 1096 1475 om's
1133 1413 1390 1475 ianuam
1429 1410 1575 1474 radi
1602 1408 1632 1472 3
1672 1411 1870 1474 immo
1898 1431 2182 1474 vacuum
2213 1419 2281 1475 et
2310 1411 2735 1497 spiramentum
2756 1412 2824 1494 ip-

681 1533 828 1575 sum
870 1508 1178 1595 expletur
1201 1557 1217 1584 ‚
1261 1529 1419 1572 orae
1464 1517 1689 1571 autem
1730 1507 2061 1573 raduntur
2077 1512 2109 1572 .'
2137 1510 2367 1594 itaque
2396 1509 2621 1595 probat
2647 1508 2825 1594 despe-

678 1609 961 1674 rationis
1017 1609 1286 1695 plenum
1324 1607 1594 1670 Marulli
1644 1608 1955 1671 auxilium
1984 1656 2000 1683 ‚
2048 1609 2162 1692 qui
2214 1609 2483 1693 scripsit
2520 1615 2650 1671 toto
2681 1627 2826 1668 versu

681 1707 946 1771 adiecto
978 1706 1227 1770 Scilicet
1260 1706 1509 1790 avoletis
1548 1728 1784 1792 quoque
1825 1707 2018 1769 ianua
2060 1706 2341 1770 redditur
2367 1708 2489 1769 ori-s·
2514 1707 2706 1770 Βαπίαι
2724 1705 2825 1774 risle,

679 1819 736 1871 et
759 1808 874 1869 iter
902 1805 1091 1868 laedit
1124 1827 1250 1891 qua
1277 1827 1393 1868 vox
1421 1806 1471 1867 it
1494 1805 1564 1867 in
1591 1827 1781 1867 auras
1799 1853 1813 1866 .
1855 1805 2021 1868 satis
2051 1812 2198 1867 erat
2226 1826 2364 1869 una
2401 1805 2607 1868 littera
2631 1802 2825 1867 sublata

678 1925 820 1968 rem
851 1901 1128 1966 eandem
1166 1900 1429 1965 efficere
1459 1901 1594 1964 hoc
1622 1900 1827 1965 modo
1847 1951 1864 1977 ‚
1895 1901 2143 1967 Scilicet
2172 1924 2520 1966 EerErx
2549 1924 2744 1989 quoque
2764 1901 2825 1960 ia-

678 2027 805 2067 nua
845 2002 1090 2065 raditur
1131 2003 1259 2066 oris
1287 2050 1301 2063 .
1347 2022 1426 2064 os
1471 2007 1697 2064 autem
1737 2002 2040 2086 explemm
2080 2008 2191 2064 est
2232 2009 2353 2064 aut
2390 2008 2595 2064 totum
2631 1999 2827 2083 plenum

679 2123 850 2166 voce
866 2100 1141 2184 eiusque
1152 2097 1535 2183 primordiis
1550 2147 1567 2172 ‚
1595 2107 1716 2163 aut
1729 2099 1786 2162 si
1811 2098 2280 2184 grammaticos
2298 2099 2646 2183 sequimur,
2666 2096 2827 2159 exina-

681 2201 921 2264 nitum.
964 2196 1198 2261 eadem
1244 2197 1640 2282 ambiguitas
1688 2204 1792 2260 est
1829 2197 1896 2259 in
1942 2219 2034 2270 w,
2058 2194 2252 2271 1203,
2306 2198 2620 2284 Corruptus
2651 2217 2829 2279 sauyw

680 2299 928 2383 expletis
963 2297 1220 2360 naribus
1258 2297 1386 2360 ibat
1415 2343 1429 2358 .
1473 2296 1786 2360 Donatus
1830 2294 1921 2358 ad
1965 2294 2265 2358 Terentii
2306 2295 2630 2382 Hecyram
2657 2289 2828 2360 v.1.‘29

681 2397 954 2481 Explere
983 2418 1108 2480 pro
1148 2396 1465 2458 exinanire
1505 2396 1931 2458 Ieremianum
1974 2404 2060 2456 est
2089 2442 2104 2455 .
2147 2414 2232 2456 ex
2265 2393 2488 2479 Capro
2519 2393 2747 2457 Servius
2770 2385 2828 2451 ad

679 2495 849 2558 Aen.
874 2516 964 2567 w,
995 2493 1117 2556 545
1156 2501 1223 2556 et
1251 2492 1514 2555 Nonius
1544 2515 1606 2577 p.
1626 2492 1768 2567 298,
1790 2493 1861 2555 11
1897 2491 2174 2577 Eoeplere
2200 2539 2219 2570 ,
2262 2495 2534 2557 minuere
2559 2541 2573 2556 .
2611 2492 2830 2554 Serenus

681 2591 1073 2655 Samonicus
1115 2600 1340 2654 tamen
1384 2590 1475 2653 ad
1501 2591 1885 2654 Lucretium
1926 2589 2296 2677 respiciens
2327 2593 2577 2676 plenum
2594 2607 2737 2652 'voce
2756 2588 2832 2646 iter

677 2692 821 2753 radi
851 2688 1021 2752 dixit
1040 2737 1056 2762 ‚
1084 2688 1207 2752 260
1235 2691 1616 2773 Aeyreseunt
1652 2700 1891 2753 tenerae
1915 2690 2142 2776 fauce-3
2178 2723 2327 2737 —-
2370 2690 2429 2753 V
2418 2692 2477 2754 el
2510 2689 2726 2754 rabidus
2746 2685 2831 2748 cla-

677 2812 814 2852 mor
836 2788 1049 2873 fracto
1091 2810 1230 2850 eum
1249 2785 1421 2872 sorte
1461 2810 1675 2852 sonore
1706 2788 1963 2852 Plenum
2002 2788 2168 2851 radit
2204 2789 2327 2854 iter
2342 2814 2364 2852 .·
2406 2796 2582 2853 certe
2609 2788 2832 2856 Pham,

680 2884 869 2970 quod
896 2886 987 2950 ibi
1015 2885 1216 2970 vulgo
1247 2883 1490 2969 legitur
1509 2933 1527 2959 ‚
1567 2906 1703 2948 non
1732 2884 2048 2971 intellego
2069 2934 2083 2947 .
2940 2889 2941 2892 ’

845 2984 1107 3047 552.Ε·1’
1137 3005 1332 3046 ῙΤΕΜ
1363 3005 1568 3046 LEvo
1598 3005 1952 3048 ratmont:
1983 3005 2398 3049 GREATUR.
2428 2982 2720 3049 Marullus
2741 2997 2831 3040 101:-
2940 2977 2941 3040 ἰ

678 3106 876 3147 volu:
910 3132 923 3145 .
972 3081 1094 3147 sed
1123 3081 1485 3145 Lambinus
1532 3082 1784 3167 primus
1832 3090 1900 3146 et
1941 3105 2194 3146 ravon
2236 3082 2590 3169 legendum
2625 3076 2762 3144 vidit
2790 3081 2834 3134 et

678 3183 808 3247 hos
837 3203 1076 3246 versus
1105 3203 1229 3244 suo
1259 3180 1409 3244 loco
1432 3180 1693 3265 posuit,
1725 3178 1811 3243 ‹le
1839 3188 2129 3265 utroque
2149 3229 2165 3256 ,
2193 3189 2273 3245 ut
2304 3181 2500 3256 dicit,
2530 3203 2568 3245 a
2592 3180 2833 3242 librorum
2938 3221 2939 3264 3

680 3289 875 3366 parte
917 3278 1298 3343 admonitus
1327 3302 1344 3354 ς
1389 3278 1501 3363 qui
1535 3278 1766 3362 quales
1807 3278 2057 3342 fuerint
2090 3279 2482 3365 ignoramus
2513 3325 2527 3340 .
2556 3268 2835 3341 Wakefiel-
2938 3271 2939 3290 ³

684 3376 811 3441 dus
841 3399 915 3441 re
945 3398 1082 3439 non
1111 3397 1448 3461 perpensa
1476 3385 1773 3440 veterem
1805 3398 2115 3441 versuum
2147 3377 2457 3442 ordinem
2487 3375 2766 3442 restituit.

848 3475 986 3537 543.
1020 3496 1425 3538 GRAVITER
1464 3497 1609 3538 sun
1652 3496 2039 3539 munituna
2071 3497 2361 3540 mum-r.
2400 3474 2837 3557 Quadratum·

677 3595 997 3636 murmura
1016 3622 1029 3635 .
1060 3571 1427 3636 Brixiensis
1458 3571 1665 3636 editio
1697 3581 1766 3637 et
1793 3573 2121 3638 Marullus
2148 3575 2260 3646 sub
2290 3594 2692 3639 mosanas.

846 3671 984 3734 544.
1031 3670 1147 3735 ΕΤ
1193 3692 1557 3734 REVORAT
1603 3694 1931 3736 RAUCUM
1976 3695 2241 3736 uerno
2293 3695 2486 3738 erra
2531 3683 2839 3735 nAanAnA

679 3792 1013 3833 nonnum
1046 3819 1059 3833 .
1100 3769 1254 3833 Itali
1296 3777 1364 3833 et
1391 3768 1758 3834 Brixiensis
1800 3769 2007 3835 editio
2050 3783 2294 3837 revocat
2322 3821 2340 3852 ‚
2373 3766 2752 3835 Veronensis
2772 3783 2837 3821 re·

676 3890 852 3931 versa
878 3890 899 3927 .·
946 3865 1068 3930 sed
1114 3874 1459 3930 corrector
1499 3866 1815 3952 quadrati
1842 3871 1939 3933 vel
1962 3870 2173 3934 reboat
2194 3919 2214 3950 ,
2258 3869 2451 3955 quod
2480 3889 2668 3933 unum
2692 3860 2839 3926 habet

678 3965 965 4048 aliquam
1008 3964 1498 4050 probabilitatis
1543 3967 1832 4051 speciem
1863 4015 1879 4042 ,
1920 3968 2050 4032 nisi
2095 3966 2283 4052 quod
2324 3969 2472 4032 tuba
2526 3987 2654 4030 non
2689 3954 2840 4040 magis

677 4062 947 4127 videtur
1003 4065 1255 4128 reboare
1315 4085 1519 4150 posse
1583 4087 1781 4149 quam
1831 4066 2066 4130 cithara
2110 4066 2177 4129 in
2224 4067 2399 4130 libro
2451 4090 2531 4140 11,
2560 4065 2636 4129 28
2666 4110 2678 4123 .
2730 4054 2841 4121 tuba

678 4171 896 4226 autem
926 4163 1196 4226 barbara
1229 4170 1413 4225 recte
1446 4162 1719 4239 dicitur,
1765 4164 2021 4228 scilicet
2051 4164 2292 4227 κώΔωΝ
2324 4161 2695 4250 Τγρεκκική,
2719 4151 2839 4217 utin

678 4259 891 4324 altero
931 4260 1229 4324 membro
1272 4268 1430 4324 sunt
1473 4262 1788 4326 Heliconis
1830 4263 2023 4349 cycni
2056 4311 2069 4325 .
2113 4284 2322 4347 porro
2369 4263 2521 4327 cieri
2572 4246 2841 4345 quomodo

675 4359 839 4422 tuba
869 4358 1088 4443 possit
1117 4379 1311 4422 nemo
1344 4357 1590 4422 dixerit
1619 4407 1635 4436 ‚
1680 4359 1928 4423 nedum
1958 4371 2121 4425 retro
2153 4410 2166 4424 .
2209 4360 2488 4424 Isaacus
2518 4341 2841 4420 vossius'ad

678 4455 1005 4520 Catullum
1051 4479 1116 4542 p.
1136 4454 1259 4521 228
1291 4457 1662 4544 Berecyntia
1705 4459 1975 4524 barbara
2005 4507 2023 4539 ‚
2070 4480 2269 4544 quam
2310 4456 2477 4522 dicit
2521 4477 2656 4521 esse
2688 4447 2843 4515 tibiam
