3042 5192
1194 480 1540 527 REOENSIO
2432 467 2472 533 7

242 651 360 694 eos
390 650 630 695 omnes
674 637 795 696 aut
819 652 957 695 uno
1000 632 1358 717 exemplari
1389 641 1507 697 aut
1537 632 1802 698 duobus
1829 636 2004 700 inter
2033 658 2106 701 se
2135 637 2473 704 simillimis

228 750 404 794 usos
449 749 637 807 esse3
677 750 1079 826 quamquam
1119 728 1460 808 Venetus,
1499 731 1612 816 qui
1666 733 1735 795 in
1794 735 2034 798 ceteris
2077 734 2473 803 Veronense

238 826 584 912 exemplar
624 828 925 912 quamvis
963 827 1356 892 mendosum
1399 830 1732 916 expressit
1748 878 1764 906 ‚
1798 851 2036 895 versus
2072 833 2223 897 libri
2252 837 2472 919 quarti

237 947 454 988 vam
487 924 930 1009 (125-190),
967 928 1080 1011 qui
1110 925 1486 1010 Veronensi
1517 925 1795 1002 desunt,
1831 927 2099 994 aliunde
2138 934 2472 1018 acceperit

235 1019 518 1087 necesse
564 1030 703 1086 est.
738 1021 861 1086 sed
904 1022 1093 1107 quod
1130 1022 1602 1110 typographos
1632 1026 1973 1109 antiquam
2000 1047 2218 1112 neque
2249 1050 2468 1094 emen-

233 1118 463 1185 datam
502 1120 857 1184 lectionem
896 1120 1159 1185 fidelius
1201 1142 1400 1205 quam
1427 1122 1758 1186 notarium
1790 1122 2244 1190 Florentinum
2273 1129 2468 1192 alios-

233 1240 368 1305 que
396 1218 609 1283 Italos
638 1220 700 1283 ei
722 1219 965 1284 similes
995 1220 1395 1285 observasse
1418 1219 1557 1283 dixi
1574 1269 1590 1294 ,
1614 1220 1988 1285 cavendum
2017 1222 2222 1288 nihilo
2252 1225 2468 1289 minus

232 1325 342 1382 est
385 1338 474 1380 ne
516 1317 727 1380 multo
773 1316 926 1402 plus
968 1317 1312 1403 impressis
1374 1338 1575 1402 quam
1621 1318 1873 1383 calamo
1919 1319 2152 1384 Italico
2200 1323 2467 1408 scriptis

231 1414 588 1480 credamus
608 1438 623 1478 z
642 1435 797 1478 nam
824 1414 892 1478 in
914 1414 1258 1501 impressis
1294 1436 1566 1500 quoque
1595 1437 1732 1479 non
1754 1437 1970 1503 pauca
1999 1425 2158 1483 sunt
2187 1419 2272 1482 de
2303 1441 2462 1484 con-

228 1515 493 1578 iectura
530 1511 883 1577 emendata
898 1560 915 1588 ,
933 1512 1003 1575 in
1031 1513 1360 1577 Brixiensi
1399 1512 1667 1598 quidem
1695 1513 1897 1599 paulo
1937 1515 2132 1600 plura
2162 1525 2229 1581 et
2257 1517 2462 1582 auda-

227 1613 375 1677 cius
427 1631 627 1697 quam
673 1611 744 1673 111
792 1609 1176 1676 Veronensi
1230 1619 1300 1675 et
1346 1609 1617 1677 Veneto
1647 1636 1664 1688 ς
1722 1633 1930 1697 quare
1978 1613 2301 1679 falluntur
2327 1664 2344 1691 ,
2386 1624 2464 1680 ut

225 1710 457 1775 solent
471 1758 488 1785 ,
512 1710 627 1794 qui
664 1708 850 1773 libris
879 1710 1167 1794 pretium
1194 1716 1500 1773 statuunt
1542 1731 1625 1773 ex
1653 1711 1928 1774 raritate
1945 1760 1959 1788 ‚
1984 1733 2133 1776 611111
2159 1712 2460 1776 Brixien-

226 1829 373 1872 sem
410 1807 539 1871 illis
576 1805 712 1870 fide
755 1813 824 1870 et
852 1807 1249 1872 auctoritate
1278 1815 1627 1894 praestare
1656 1817 1937 1873 censent
1954 1859 1967 1873 .
1997 1810 2158 1874 mibi
2173 1859 2189 1886 ,
2213 1832 2362 1875 cum
2393 1819 2462 1876 et

224 1905 564 1970 Venetam
594 1904 933 1990 exemplar
960 1905 1030 1967 in
1056 1905 1360 1969 manibus
1387 1905 1706 1970 haberem
1747 1914 1816 1970 et
1845 1906 2291 1973 e'Veronensi
2319 1908 2458 1973 Ha-

222 2023 624 2088 vereampus
653 2000 1115 2066 Wakefieldus
1154 2000 1477 2087 Forbiger
1514 2004 1723 2067 multa
1765 2005 2189 2090 excepissent
2205 2055 2221 2081 ,
2247 2005 2338 2069 ad
2380 2028 2461 2070 ea

221 2122 399 2186 quae
438 2099 677 2164 vellem
722 2098 1193 2185 cognoscenda
1233 2101 1494 2165 suffecit
1538 2103 1839 2187 quamvis
1867 2104 2170 2188 imperite
2201 2111 2272 2167 et
2298 2125 2458 2188 neg-

220 2200 525 2284 legenter
563 2197 744 2262 facta
786 2199 872 2262 ab
914 2197 1213 2262 Iohanne
1245 2197 1555 2275 Gerardo
1587 2207 1907 2285 quattuor
1937 2201 2292 2285 primarum
2321 2199 2457 2262 edi-

220 2298 479 2361 tionum
507 2296 811 2360 reeensio
831 2345 847 2371 ,
873 2317 1046 2381 quae
1073 2298 1144 2359 in
1173 2297 1609 2381 Glasguensis
1655 2296 1967 2361 editionis
1997 2306 2180 2361 tomo
2214 2305 2455 2381 quarto

219 2394 522 2459 exhibita
551 2402 657 2458 est
682 2394 943 2480 paginis
974 2417 1143 2459 ccxr,
1175 2394 1575 2479 (163-402)
1594 2445 1607 2458 .

388 2492 721 2579 Superest
745 2500 824 2556 ut
852 2490 940 2556 de
979 2494 1181 2557 tertio
1211 2513 1456 2578 genere
1487 2514 1818 2578 exponam
1835 2543 1851 2569 ,
1876 2494 2076 2579 quod·
2103 2495 2189 2559 ab
2206 2493 2456 2572 ⁴eadem

221 2592 436 2679 stirpe
463 2590 731 2655 venisse
761 2612 968 2677 supra
997 2590 1135 2654 dixi
1155 2640 1170 2654 .
1210 2612 1295 2654 ex
1332 2590 1466 2655 hoe
1497 2590 1634 2655 duo
1662 2592 1824 2656 mihi
1850 2600 2016 2656 nota
2045 2601 2204 2657 sunt
2233 2614 2453 2656 exem-

219 2690 469 2776 plaria,
519 2688 799 2752 alterum
838 2711 977 2752 non
1017 2689 1385 2774 integrum,
1432 2696 1743 2753 neutrum
1782 2697 2123 2755 vetustate
2171 2711 2297 2776 par
2335 2689 2454 2753 ob-

215 2788 460 2898 longo,
482 2795 792 2851 neutrum
822 2787 1117 2873 denique
1140 2788 1237 2852 ita
1264 2788 1586 2873 seriptum
1613 2796 1692 2852 ut
1717 2788 1987 2853 librario
2016 2789 2256 2853 librum
2286 2787 2452 2851 anti·

219 2884 614 2970 quissimum
661 2884 881 2969 ipsum
938 2893 1094 2950 ante
1152 2885 1387 2949 oculos
1443 2884 1692 2950 fuisse
1709 2895 2064 2971 appareat.
2119 2886 2232 2971 qui
2286 2885 2456 2949 liber

216 2981 719 3067 antiquissimus
745 3004 893 3046 cum
923 2982 1079 3046 olim
1109 2990 1323 3058 esset,
1347 2982 1536 3067 quod
1561 2984 1785 3048 multis
1817 2983 2233 3048 documentis
2260 2982 2452 3046 intel-

216 3080 463 3166 legitur
478 3128 495 3155 ,
516 3080 767 3165 passim
794 3078 1083 3144 detritus
1099 3129 1115 3155 ,
1139 3101 1485 3156 corrosuS,
1509 3080 1826 3145 sordibus
1849 3080 2217 3154 obductus,
2234 3080 2458 3163 aliqua

218 3180 419 3243 etiam
458 3184 657 3264 parte
698 3178 880 3243 lacer
908 3186 978 3242 et
1006 3176 1300 3242 schedae
1330 3183 1546 3242 vani
1575 3179 1835 3264 paginis
1862 3178 2145 3242 inversis
2175 3178 2281 3260 (ιν
2300 3224 2315 3252 ,
2332 3176 2455 3239 299

222 3276 461 3360 -347)
481 3324 498 3349 ,
521 3274 681 3338 (111111
706 3276 820 3340 illa
848 3276 1077 3362 priora
1106 3276 1500 3362 apographa
1531 3276 2054 3341 conficiebantur
2071 3325 2086 3352 ‚
2110 3273 2353 3340 accidit
2376 3282 2457 3338 ut

216 3380 544 3459 quattuor
588 3372 881 3437 schedae
900 3423 915 3449 ‚
941 3395 1115 3459 quae
1144 3382 1337 3438 erant
1381 3396 1657 3439 numero
1687 3397 1804 3438 xw
1835 3398 2008 3438 xxix
2038 3396 2261 3438 xxxix
2290 3396 2422 3437 cxv
2440 3422 2455 3445 ‚

218 3471 655 3559 compagibus
696 3472 935 3536 solutis
975 3493 1016 3535 a
1057 3473 1196 3536 suis
1237 3471 1510 3537 sedibus
1552 3474 1985 3549 aberrarent;
2029 3493 2163 3557 quo
2203 3471 2454 3535 factum

217 3581 320 3638 est
346 3580 432 3636 ut
470 3592 552 3634 ea
581 3591 751 3656 quae
792 3570 899 3634 his
930 3569 1198 3635 schedis
1228 3572 1746 3636 continebantur
1788 3571 2152 3656 (quaenam
2194 3591 2274 3634 ea
2310 3569 2452 3632 fue-

220 3670 351 3735 rint
393 3668 615 3733 dicam
656 3667 746 3731 ad
789 3667 1030 3732 librum
1068 3691 1128 3743 1,
1150 3668 1312 3752 734)
1357 3668 1426 3731 in
1464 3669 1600 3733 hoc
1627 3689 1807 3732 novo
1839 3667 2145 3731 codicum
2172 3688 2452 3752 genere,

219 3766 406 3854 quod
436 3774 585 3831 erat
605 3768 912 3844 tertium,
935 3767 1075 3830 suis
1095 3766 1265 3830 locis
1287 3767 1430 3830 sine
1451 3768 1589 3830 ullo
1615 3765 1919 3829 defectus
1940 3764 2185 3829 indicio
2209 3765 2454 3828 omissa

220 3876 377 3953 post
418 3866 573 3930 libri
614 3867 793 3931 sexti
830 3866 1032 3930 finem
1073 3887 1376 3931 seorsum
1396 3870 1925 3977 reponerentur.
1948 3862 2082 3927 hoc
2107 3884 2356 3927 novum
2387 3871 2457 3926 et

216 3966 489 4031 tertium
533 3984 745 4050 genus
791 3963 991 4028 dico:
1044 3985 1196 4027 nam
1242 3964 1451 4048 siquis
1494 3962 1629 4025 hoe
1674 3961 1957 4047 primum
2000 3959 2207 4025 fuisse
2252 3968 2456 4045 atque

220 4062 380 4128 illud
422 4062 737 4126 damnum
792 4061 1095 4126 codicem
1139 4063 1324 4148 prius
1375 4081 1577 4146 quam
1606 4059 1936 4144 oblongus
1979 4067 2048 4136 et
2073 4059 2454 4124 Italicorum

222 4183 468 4247 parens
512 4167 956 4225 nascerentur
1000 4160 1242 4224 fecisse
1285 4157 1725 4234 existimabit,
1745 4157 1804 4221 is
1834 4157 2194 4242 quomodo
2207 4156 2456 4221 librarii

222 4258 513 4323 schedas
548 4258 1044 4344 perturbatas'
1026 4280 1097 4323 111
1132 4279 1365 4322 verum
1412 4254 1716 4322 ordinem
1753 4255 2169 4319 restituerint
2209 4253 2456 4318 docere

222 4378 358 4421 non
386 4356 676 4444 poterit.
703 4356 934 4441 itaque
954 4356 1196 4421 horum
1225 4341 1532 4420 codicum
1554 4354 1725 4417 alter
1755 4360 1860 4417 est
1879 4351 2228 4415 Leidensis
2252 4370 2454 4424 QUA-

224 4476 579 4528 nurus,
614 4460 890 4518 notatus
931 4475 1212 4519 numero
1255 4453 1372 4528 94,
1429 4452 1725 4537 scriptus
1779 4449 2048 4514 saeculo
2106 4446 2362 4512 decimo
2419 4468 2459 4510 a
