3042 5192
1260 416 1360 485 IV
2283 421 2423 490 217

201 612 394 656 manu
425 614 440 654 ε
479 611 698 676 neque
741 591 935 655 aliter
964 590 1291 655 Marullus
1319 640 1335 666 ‚
1380 613 1578 676 quem
1623 613 1854 656 omnes
1889 602 2208 658 secuntur
2241 644 2252 657 .
2302 595 2425 661 sed

197 711 330 754 non
360 689 538 754 solet
567 697 701 754 tam
728 689 1161 775 neglegenter
1187 690 1484 754 membra
1512 691 1837 755 orationis
1868 692 2270 779 coniungere
2293 694 2426 758 Lu-

193 788 472 863 eretius,
497 789 610 874 qui
632 786 817 853 haud
840 787 1041 852 dubie
1064 787 1414 877 scripsisse
1437 787 1817 853 censendus
1841 796 1946 853 est
1972 801 2030 854 et
2056 812 2261 866 QUAE
2290 804 2429 857 sunt

189 887 398 970 prima
408 885 624 973 fronte
650 888 850 951 locata
878 934 892 949 .
935 907 1156 971 neque
1196 887 1368 950 enim
1408 886 1911 972 praepositione
1951 909 2123 972 opus
2165 898 2270 953 est
2299 937 2312 950 .
2358 891 2425 952 in

200 1006 236 1058 ι,
250 983 378 1047 978
400 985 649 1073 finique
687 986 837 1049 locet
869 1007 935 1048 se
965 1033 979 1047 .
1025 985 1182 1048 item
1228 984 1388 1050 1022
1425 985 1661 1050 Ordine
1694 1009 1759 1048 se
1796 1008 1906 1050 suo
1946 1008 2223 1074 quaeque
2261 990 2425 1053 loba-

201 1092 368 1145 runt.
399 1081 468 1144 in
499 1081 730 1157 1v‚204
758 1083 1631 1170 iamprimasronteparata.

359 1179 461 1243 73.
514 1179 698 1244 Nau
741 1203 992 1245 cnm-n
1033 1203 1328 1245 nemu-2
1387 1202 1813 1245 Acmnomi
1866 1203 2134 1246 nunu
2188 1206 2425 1248 vinn-

201 1299 292 1341 ιω
306 1300 344 1341 s
375 1326 390 1341 .
437 1277 787 1364 Oblongus
825 1280 1095 1344 iaceo-ere
1132 1280 1423 1365 acieryiff
1451 1328 1466 1342 .
1505 1279 1575 1342 in
1606 1278 1939 1364 quadrato
1970 1281 2430 1367 antiquissima

197 1396 431 1440 manus
472 1383 634 1463 post
676 1379 878 1442 iacere
919 1401 961 1442 a
1002 1375 1366 1464 adscripsit
1407 1377 1526 1441 ain
1555 1425 1575 1456 ,
1617 1398 1703 1440 ex
1747 1379 1807 1442 ci
1841 1377 2004 1443 fecit
2040 1402 2084 1443 u
2110 1428 2127 1454 ‚
2166 1382 2229 1444 ri
2269 1382 2426 1445 sub-

202 1472 426 1552 duxit3
458 1496 594 1560 quo
626 1473 910 1539 efficitur
951 1477 1154 1540 iacere
1180 1465 1257 1540 cic
1283 1477 1519 1562 iuver-‚qi
1548 1525 1562 1539 .
1602 1475 1737 1539 hoc
1764 1476 1982 1561 ipsum
2012 1477 2395 1544 Gronovius
2413 1528 2429 1556 ‚

201 1594 346 1638 cum
378 1572 829 1638 emendatoris
857 1594 1124 1637 manum
1152 1595 1290 1638 non
1320 1594 1602 1659 prorsus
1632 1572 2136 1660 adsequeretur,
2166 1577 2429 1642 coniec-

201 1681 350 1738 tura
389 1673 734 1737 inventum
771 1673 1001 1758 posuit
1039 1673 1111 1737 in
1148 1672 1737 1738 observationibus
1778 1696 1844 1758 p.
1876 1672 1999 1737 259
2027 1698 2044 1752 3
2090 1697 2225 1761 quo
2265 1676 2431 1741 nihil

200 1770 524 1835 infelicius
562 1783 680 1835 aut
717 1778 856 1835 tam
885 1770 1156 1857 egregio
1185 1770 1332 1835 viro
1360 1770 1577 1834 minus
1608 1768 1880 1856 dignum
1911 1773 2281 1858 excogitari
2308 1795 2429 1859 po-

204 1872 326 1935 tuit
358 1919 374 1933 .
416 1876 671 1954 quanto
709 1869 943 1933 melius
970 1869 1121 1935 Itali
1150 1876 1221 1934 et
1245 1868 1574 1933 Marullus
1614 1871 1818 1934 iacere
1847 1893 1924 1934 ac
1950 1872 2264 1936 iaculari!
2303 1871 2429 1938 sed

201 1991 429 2034 verum
461 1976 566 2033 est
591 1969 795 2033 iacere
823 1991 898 2032 ac
927 1989 1270 2032 LAnonu
1299 1968 1491 2031 multa
1517 1967 1819 2031 videmm.

363 2066 464 2131 75.
510 2087 914 2141 nussAQun
957 2087 1161 2131 VELA
1196 2114 1211 2129 .
1255 2064 1367 2130 Sic
1412 2064 1783 2152 quadratus
1815 2087 1830 2129 t
1871 2066 2202 2153 oblongus
2251 2092 2431 2134 nesa-

201 2192 307 2255 que
327 2215 342 2228 .
375 2165 695 2229 Heinsius
723 2165 792 2228 in
813 2162 1164 2229 Prudentii
1191 2165 1335 2250 peri
1365 2165 1585 2252 steph.
1615 2188 1680 2242 x,
1696 2165 1821 2229 908
1848 2187 2022 2229 russo
2053 2164 2277 2243 dedit,
2306 2166 2430 2231 ita·

203 2287 326 2351 que
355 2272 593 2330 vetera
627 2262 1034 2347 exemplaria
1060 2263 1388 2328 Martialis
1418 2286 1556 2339 xrv,
1580 2263 1698 2327 176
1716 2312 1731 2339 ‚
1763 2262 2031 2328 codices
2062 2263 2302 2329 Catulli
2330 2266 2431 2342 39,

206 2364 275 2428 19
301 2386 521 2429 nesam
546 2411 566 2442 ,
603 2372 844 2427 mata
883 2361 952 2425 in
983 2360 1214 2425 Orellii
1241 2361 1788 2446 inscriptionibus
1817 2361 2232 2426 2593—2599
2252 2411 2266 2425 .
2293 2387 2429 2427 rus—

197 2486 322 2528 sum
353 2458 718 2526 dicendum
749 2481 931 2536 esse,
962 2480 1101 2524 non
1127 2483 1402 2525 mmmm
1417 2508 1436 2540 ‚
1468 2458 1810 2525 Charisius
1842 2459 2045 2525 docet
2073 2484 2138 2547 p.
2158 2460 2239 2524 55
2259 2509 2273 2523 .

361 2561 464 2624 77.
489 2580 962 2623 ‘runnu-:urm
990 2580 1349 2623 rLucrus
1369 2607 1382 2622 .
1411 2557 1912 2644 Ita-quadratus
1931 2559 2223 2648 ,fluctu-33
2244 2560 2432 2646 quod

201 2659 711 2745 Havercampus
749 2678 890 2721 non
930 2656 1154 2743 potuit
1192 2655 1457 2741 legere:
1503 2658 1835 2744 oblongus
1875 2678 2114 2722 vocem
2154 2659 2429 2723 omittit.

200 2767 380 2823 recte
413 2755 775 2821 Turnebus
815 2775 1188 2819 nui-Am.-
1218 2802 1232 2816 .
1272 2754 1368 2818 ita
1407 2755 1649 2830 111,189
1678 2757 1911 2821 tantillo
1937 2757 2430 2846 momineflutat.

200 2856 359 2941 quid
391 2855 566 2920 enim
597 2874 838 2918 causae
866 2853 955 2917 sit
981 2874 1101 2917 cur
1109 2852 1347 2943 flutare
1372 2853 1689 2917 reiciatur
1705 2902 1720 2929 ‚
1758 2865 1975 2919 nutare
2009 2854 2094 2918 ab
2124 2844 2432 2921 omnibus

198 2956 528 3041 probetur
544 2952 578 3015 Ρ
599 2950 822 3016 Varro
834 2950 1060 3041 flutmt
1085 2950 1476 3041 anflutentur
1499 2950 1744 3015 dixerit
1770 2952 2098 3016 incertum
2117 2960 2398 3039 putatur
2415 3001 2431 3029 ,

200 3055 354 3139 quia
393 3073 593 3117 nemo
629 3050 854 3116 adhuc
883 3059 1116 3115 vetera
1142 3050 1471 3140 Macrobii
1502 3050 1906 3136 exemplaria
1935 3051 2231 3115 excussit
2256 3099 2272 3127 ‚
2315 3052 2431 3136 qui

201 3150 532 3218 Varronis
559 3150 772 3215 verba
800 3148 1106 3214 exhibuit
1130 3149 1199 3213 in
1228 3173 1279 3214 11
1312 3150 1762 3215 Saturnalium
1795 3150 1864 3214 11
1889 3198 1905 3213 .

360 3250 465 3314 78.
495 3272 592 3314 ET
629 3270 906 3313 omum
937 3247 1313 3312 Solu-:nan
1352 3270 1699 3312 siu-:cmm
1727 3269 2027 3312 Paruum
2067 3269 2429 3312 maraun-

200 3373 349 3426 Qun
399 3370 732 3413 nnonuu
773 3347 1221 3411 hunorum·
1254 3394 1269 3409 .
1312 3345 1671 3411 Corrector
1713 3345 1986 3431 oblongi
2031 3345 2433 3410 Scaenalem:

200 3446 576 3532 quadratus
609 3445 901 3511 Scaenali
925 3445 1184 3530 speciem
1223 3445 1397 3529 (non
1422 3446 1723 3530 ,specimen
1739 3470 1761 3508 .·
1787 3443 2292 3532 Havercampus
2311 3492 2328 3520 ‚
2355 3452 2435 3508 ut

197 3547 372 3611 solet
391 3595 409 3623 ‚
440 3544 649 3629 fallit)
680 3542 1016 3609 subducta
1040 3568 1104 3608 m
1131 3544 1357 3609 littera
1373 3592 1390 3620 ‚
1416 3543 1609 3628 quasi
1632 3541 1955 3620 delenda,
1987 3542 2208 3606 omnia
2233 3564 2432 3607 manu

194 3646 411 3731 prima
439 3651 556 3709 aut
578 3651 759 3709 certe
782 3643 1059 3728 antiqua
1075 3692 1091 3706 .
1118 3663 1278 3707 vere
1299 3641 1664 3706 Lambinus
1687 3641 1735 3705 S
1752 3665 1787 3706 c
1801 3663 1900 3705 AB
1915 3663 2054 3706 ΝΛι
2074 3691 2090 3717 ,
2120 3642 2263 3706 sive
2288 3641 2432 3706 Sce-

192 3747 296 3807 nai
311 3770 335 3808 .·
362 3764 524 3808 nam
552 3743 624 3806 in
647 3742 846 3806 huius
873 3740 1058 3805 modi
1083 3741 1288 3805 rebus
1313 3739 1426 3825 qui
1456 3740 1903 3804 constantiam
1922 3739 2272 3826 postulant
2288 3787 2304 3815 ‚
2332 3739 2431 3802 in-

199 3850 354 3928 epte
385 3840 638 3906 curiosi
667 3847 826 3904 sunt
855 3888 872 3916 ‚
916 3840 1106 3904 obliti
1133 3839 1249 3904 vix
1278 3857 1677 3925 quemquam
1707 3859 1857 3903 esse
1889 3838 2003 3924 qui
2034 3860 2119 3902 ex
2149 3836 2433 3902 diversis

193 3940 595 4006 alterutrum
625 3945 812 4003 certo
845 3937 1123 4003 consilio
1154 3943 1476 4023 sequatur
1510 3956 1590 4000 ac
1617 3958 1757 4001 non
1785 3937 2012 4022 potius
2043 3958 2122 4000 eo
2156 3934 2343 4023 quod
2375 3935 2431 3998 ei

195 4037 299 4102 vel
325 4040 402 4102 in
436 4060 516 4101 os
546 4036 656 4101 vel
683 4037 810 4100 sub
842 4036 1164 4101 calamum
1194 4034 1422 4100 veniat
1447 4043 1678 4101 utatur
1706 4084 1720 4098 .
1761 4056 1848 4099 an
1879 4034 2269 4100 Ciceronem
2294 4055 2432 4097 uno

194 4145 387 4201 certo
431 4134 751 4221 temporis
788 4142 1127 4200 momento
1157 4135 1411 4220 pulcros
1448 4135 1686 4221 Ceteqos
1719 4135 2014 4220 triumpos
2049 4133 2435 4216 cartaqiuem

117 4237 120 4312 ξ
195 4231 424 4299 dicere
468 4232 749 4299 desiisse
791 4233 1309 4299 existimabimus
1339 4231 1373 4294 Ρ
1409 4232 1639 4318 itaque
1665 4230 2019 4297 Lucretius
2058 4232 2127 4295 in
2155 4230 2289 4294 hoc
2314 4249 2434 4292 vo-

193 4333 443 4398 cabulo
474 4354 670 4397 usum
698 4332 862 4398 alias
898 4380 915 4408 ‚
955 4331 1119 4396 alias
1147 4331 1476 4396 rationem
1504 4329 1696 4415 sequi
1726 4330 1950 4417 potuit
1976 4378 1992 4393 .
2030 4349 2184 4393 nam
2210 4348 2437 4390 scaena

121 4431 126 4488 ἱ
193 4452 313 4496 cur
337 4439 704 4519 argenteae
727 4432 1149 4520 potissimum
1176 4429 1379 4496 aetati
1407 4427 1832 4495 adscribatur
1860 4450 1999 4494 non
2023 4424 2224 4492 video
2242 4474 2258 4500 ‚
2289 4444 2437 4487 cum
