3042 5192
675 414 818 484 218
1742 413 1842 482 IV·

674 597 742 654 et
787 611 828 653 a
865 588 1210 654 Prisciano
1252 593 1659 673 agnoscam
1699 587 1915 651 solum
1956 612 2021 676 p.
2054 588 2171 653 561
2217 597 2284 654 et
2317 590 2383 654 in
2415 589 2616 656 tabula
2636 590 2802 657 Hera-

676 688 922 753 cleensi
963 688 1052 751 sit
1108 694 1177 750 et
1226 686 1297 749 in
1339 686 1746 773 cenotaphio
1792 685 2042 750 Pisano
2075 736 2092 763 ‚
2135 708 2347 773 neque
2387 710 2499 752 suo
2537 696 2804 775 tempore,

674 806 1074 872 quamquam
1104 785 1348 849 Accius
1380 783 1774 876 dissenserit
1806 833 1821 859 ‚
1864 784 2059 849 aliter
2089 806 2469 872 quemquam
2495 784 2682 851 dicere
2705 797 2804 852 tes-

676 893 856 950 tetur
877 883 1102 947 Varro
1147 881 1233 946 de
1273 882 1500 968 lingua
1528 882 1770 947 Latina
1792 905 1889 946 vn
1920 905 1986 969 p.
2004 882 2128 947 372
2156 931 2171 957 ‚
2214 884 2271 948 si
2299 884 2431 948 eius
2456 883 2637 949 verba
2668 892 2806 948 recte

674 981 1025 1048 emendavi
1052 983 1120 1045 in
1149 980 1328 1044 hunc
1356 978 1629 1045 modum
1661 1029 1674 1044 .
1729 981 2061 1045 Obscenum
2104 982 2325 1047 dicaam
2361 1006 2400 1047 a
2433 1005 2630 1047 scena.
2667 1005 2698 1045 s
2719 1030 2732 1056 ‚
2762 993 2809 1045 ut

680 1083 910 1148 Graeci
943 1091 1053 1145 aut
1075 1081 1304 1145 Λασέα-ς
1339 1080 1549 1143 scribit
1581 1102 1869 1145 scaenam
1899 1127 1912 1142 .
1958 1080 2057 1143 sic
2084 1078 2493 1145 Florentinus
2517 1080 2683 1156 liber,
2715 1079 2807 1143 nisi

674 1178 862 1266 quod
890 1178 1097 1244 habet
1123 1202 1198 1243 ea
1223 1188 1292 1241 ut
1305 1225 1324 1257 ‚
1355 1185 1425 1241 et
1451 1177 1661 1242 scribit
1683 1201 1908 1243 scaena
1932 1227 1952 1258 ,
1990 1176 2200 1264 idque
2231 1187 2578 1244 correctum
2594 1226 2608 1254 ‚
2630 1187 2694 1242 ut
2712 1177 2806 1241 La-

673 1278 1056 1365 gomarsino
1085 1276 1300 1340 visum
1341 1283 1448 1340 est
1475 1324 1492 1353 ‚
1523 1300 1741 1341 serena
1768 1325 1782 1339 .
1825 1274 1917 1341 ad
1948 1298 2147 1363 quem
2173 1277 2362 1343 Matii
2386 1299 2625 1342 versum
2641 1274 2806 1340 Varro

673 1376 842 1441 haec
883 1375 1154 1462 scripsit
1169 1422 1185 1448 ‚
1216 1373 1471 1440 obsceni
1497 1376 1797 1461 interpres
1807 1375 2167 1463 fimestique
2193 1378 2408 1440 ominis
2435 1374 2809 1460 (Florentium

674 1481 804 1541 οτι-ιε
828 1522 848 1554 ,
886 1472 958 1537 id
999 1480 1104 1538 est
1145 1473 1382 1557 mnne-s)
1426 1483 1668 1554 auctor,
1715 1493 1865 1536 eum
1904 1474 2111 1539 miror
2154 1495 2196 1538 a
2239 1472 2452 1538 doctis
2492 1473 2605 1537 alio
2636 1470 2809 1537 referri

676 1595 876 1659 quam
905 1570 994 1635 ad
1014 1570 1445 1635 Homericum
1467 1569 1679 1633 Mam·
1706 1569 1923 1635 κακῶκ
1939 1621 1953 1636 .
1977 1579 2223 1659 postea
2244 1571 2639 1637 Florentinus
2662 1571 2809 1650 Qum-e

672 1683 848 1756 turpe
888 1670 1027 1733 ideo
1070 1668 1421 1733 obserroum
1445 1716 1465 1748 ‚
1507 1669 1676 1755 quod
1708 1671 1831 1734 nisi
1856 1671 1925 1734 in
1951 1693 2242 1736 scaenam
2255 1671 2471 1756 palam
2493 1671 2604 1735 dici
2623 1691 2720 1732 non
2738 1667 2807 1731 de-

673 1770 800 1834 det.
831 1767 902 1831 id
933 1774 1039 1832 εει
1067 1766 1275 1846 Quare
1301 1776 1478 1851 turpe
1505 1767 1643 1832 ideo
1672 1767 2023 1850 obscenum,
2052 1769 2222 1856 quod
2244 1770 2364 1834 nisi
2389 1769 2458 1833 ob
2482 1787 2808 1850 scaemmpa·

672 1869 800 1933 lam
820 1867 945 1931 dici
961 1888 1087 1930 non
1106 1863 1276 1928 debet
1289 1889 1311 1927 .·
1330 1884 1484 1928 nam
1504 1865 1578 1930 ob
1596 1887 1883 1931 scaenam
1901 1864 2014 1930 hic
2041 1866 2246 1932 scribi
2273 1888 2384 1932 res
2413 1867 2627 1953 exigit,
2646 1883 2808 1950 quam·

674 1986 872 2052 quam
901 1963 1103 2049 vulgo
1133 1969 1326 2027 actor
1364 1963 1431 2026 in
1456 1986 1682 2028 scaena
1707 1965 2144 2050 pronuntiare
2176 1965 2421 2031 dicitur
2448 2014 2465 2042 ‚
2504 1963 2614 2029 sed
2635 1964 2718 2050 qui
2734 1960 2812 2025 hoe

672 2065 836 2128 idem
874 2062 1151 2127 mahtilda-s·
1187 2061 1314 2125 vult
1349 2061 1553 2127 dicere
1593 2061 1959 2146 (Varronis
1995 2064 2206 2148 ipsius
2239 2065 2450 2129 verba
2474 2061 2691 2130 suntin
2711 2078 2811 2123 cor·
2936 2055 2937 2060 ’

673 2183 840 2250 pore
867 2159 1171 2225 Putschii
1197 2182 1261 2245 p.
1280 2158 1480 2244 2264)
1512 2208 1529 2236 ,
1571 2183 1696 2224 non
1736 2163 1803 2225 in
1840 2184 2066 2227 scaena
2102 2163 2355 2249 sedpro
2379 2184 2588 2228 scaena
2611 2160 2756 2236 dide,
2785 2175 2813 2217 a
2936 2199 2937 2252 ἰ

675 2283 813 2345 quo
854 2281 993 2324 non
1036 2257 1262 2323 differt
1287 2258 1360 2323 ob
1385 2281 1672 2323 scaenam
1699 2308 1714 2323 .
1759 2258 1884 2324 sed
1911 2259 2338 2328 redeundum
2367 2268 2470 2326 εει
2493 2257 2576 2325 ad
2598 2251 2812 2322 Lucretii
2936 2337 2937 2358 Χ

671 2379 944 2423 versum
972 2406 989 2434 ‚
1034 2357 1149 2442 qui
1192 2378 1342 2420 cum
1380 2356 1860 2442 interpretibus
1887 2358 2052 2424 nihil
2077 2361 2338 2446 negotii
2363 2358 2587 2425 fecerit
2607 2406 2622 2432 ‚
2654 2353 2813 2419 mihin
2936 2371 2937 2400 ³

670 2457 926 2520 furioso
956 2454 1304 2541 profectus
1335 2453 1603 2519 videtur
1630 2504 1646 2531 ‚
1688 2455 1958 2522 Scaenai
1993 2459 2255 2544 speciem
2283 2506 2303 2539 ,
2332 2469 2577 2545 pato-mn
2597 2464 2813 2520 υκαι-ιη·

672 2578 790 2642 que
827 2554 1079 2617 deorum
1105 2578 1129 2634 ‚·
1167 2573 1295 2618 nec
1333 2552 1642 2639 profecto
1685 2555 1941 2631 sanior,
1979 2556 2037 2621 si
2080 2578 2230 2622 cum
2260 2557 2447 2623 Italis
2486 2563 2550 2620 et
2572 2549 2815 2620 Marullo,

673 2673 847 2736 quos
887 2671 1117 2715 omnes
1156 2659 1508 2728 secuntur,
1551 2652 2053 2740 hyper-metrum
2089 2654 2415 2720 faciamus
2436 2702 2453 2732 ‚
2488 2664 2701 2742 patu-uam
2723 2669 2815 2712 ma-

669 2762 949 2835 trumque
976 2749 1382 2836 deor-maone.-
1420 2772 1573 2815 nam
1611 2752 1739 2816 etsi
1777 2750 2054 2817 deorum
2098 2754 2296 2839 signa
2332 2754 2405 2819 in
2445 2771 2664 2818 scaena
2684 2753 2816 2816 sunt.

670 2839 856 2940 nulla
895 2853 1118 2911 tamen
1153 2855 1314 2912 sunt
1336 2858 1597 2934 patr-mn
1630 2862 2016 2939 matrumque
2042 2900 2057 2917 .
2099 2853 2324 2941 turpis
2355 2860 2464 2918 εει
2493 2852 2557 2916 ἰιι
2582 2846 2818 2915 hocloco

670 2947 1112 3034 interpretum
1139 2946 1382 3011 levitas
1398 2995 1414 3023 ‚
1439 2947 1554 3033 qui
1583 2948 1864 3035 primum
1892 2971 2018 3036 per
2046 2972 2121 3016 se
2147 2973 2292 3015 non
2320 2948 2817 3017 viderintdeoom

673 3042 1103 3110 scribendum
1141 3066 1290 3110 esse
1318 3045 1433 3109 ubi
1465 3053 1573 3111 εει
1599 3047 1883 3130 demun,
1913 3047 2156 3113 deinde
2185 3048 2565 3115 Lucretium
2588 3047 2727 3112 haec
2746 3059 2818 3104 ffl-

676 3142 826 3208 dem
856 3164 1072 3229 prope
1100 3164 1223 3228 per
1253 3143 1515 3230 singula
1543 3144 1754 3210 verba
1779 3148 2109 3233 repetisse
2144 3170 2287 3213 non
2316 3139 2819 3214 animadvertefint
2934 3185 2935 3214 ;

670 3240 807 3304 hoc
834 3241 984 3326 ipso
1014 3240 1186 3306 libro
1216 3241 1339 3306 982
1366 3290 1383 3318 ‚
1424 3254 1485 3307 et
1522 3266 1858 3310 comessum
1894 3269 2139 3312 cernere
2165 3249 2429 3313 eundem
2456 3247 2748 3331 &emique
2765 3237 2820 3302 εἰ·

669 3339 806 3402 mul
836 3339 1040 3402 varios
1074 3340 1387 3424 splendere
1425 3341 1669 3406 decores
1703 3389 1717 3405 .
1760 3344 2002 3428 quibus
2034 3344 2481 3413 consideratis
2508 3365 2632 3410 non
2655 3341 2822 3429 potest
2934 3343 2935 3358 ¹

672 3436 1030 3500 obscurum
1074 3457 1223 3501 esse
1259 3437 1372 3502 hic
1414 3439 1618 3504 scribi
1660 3439 1907 3507 debere
1937 3443 2209 3510 &ueraci
2230 3447 2493 3531 speciem
2527 3463 2661 3509 2111,
2673 3453 2823 3504 cun

671 3555 1131 3610 vunonem-2
1173 3557 1567 3602 nncoanx.

835 3632 935 3697 81.
986 3631 1103 3698 Εἰ·
1152 3656 1471 3711 Quum-o
1520 3659 1823 3702 eunoun
1869 3661 2087 3706 ιιᾼειε
2132 3663 2336 3706 sum.-
2386 3648 2825 3707 moravam

672 3754 1032 3797 ‘rnnA-rlu
1061 3733 1429 3799 Monuni.
1465 3734 1818 3822 Oblongus
1850 3746 1920 3804 ει
1946 3738 2097 3803 Itali
2122 3741 2497 3819 malama-a,
2532 3732 2825 3823 quadratus

668 3834 950 3914 inclusa,
941 3857 956 3872 ·
996 3830 1179 3897 unde
1215 3842 1500 3919 apparet
1532 3835 1601 3897 in
1632 3834 2007 3923 archetypo
2036 3860 2176 3902 non
2202 3860 2443 3924 puram
2471 3846 2538 3904 et
2559 3833 2827 3901 inlibatam

671 3930 880 3993 fuisse
911 3930 1346 4017 scripturam,
1388 3930 1514 3996 sed
1543 3933 1755 4017 prima
1783 3956 1983 3999 manu
2008 3935 2353 4014 vitiosam,
2381 3958 2537 4002 mox
2562 3956 2603 3999 a
2626 3944 2825 3998 correo-

672 4027 933 4092 toribus
974 4035 1408 4114 temptatam.
1451 4052 1721 4117 neque,
1762 4034 1816 4098 si
1844 4034 2092 4100 Accius
2133 4036 2203 4101 in
2236 4035 2675 4122 Alphesiboea
2711 4022 2831 4093 dixit
2932 4079 2933 4086 κ

671 4127 781 4192 Sei
824 4125 990 4210 (Sed
1016 4128 1418 4215 exemplaria
1444 4129 1648 4196 Nonii
1683 4155 1747 4219 p.
1765 4133 1866 4209 73,
1882 4132 2001 4219 27)
2046 4138 2468 4221 anqustitatffln
2503 4133 2765 4199 inclusam
2793 4129 2831 4184 d
2932 4129 2933 4166 ἲ

667 4225 837 4290 saxis
862 4226 1253 4312 squalidam,
1297 4228 1581 4294 eodem
1564 4253 1708 4296 mre
1735 4233 1976 4297 τηοεηία
2002 4235 2241 4300 inchaea
2267 4232 2403 4298 dici
2429 4235 2734 4320 possunt.
2765 4216 2833 4285 rei

671 4323 1365 4392 convenientissimum
1421 4338 1529 4394 εει
1585 4352 2012 4396 Ausum-A:
2052 4353 2207 4397 nam
2259 4332 2548 4419 spatium
2593 4316 2832 4410 ungu-‘1¹5⁵

669 4422 1017 4487 moenibus
1057 4423 1385 4492 inclusum
1428 4428 1745 4494 facilius
1728 4453 1797 4494 m
1844 4453 1918 4495 se
1956 4433 2213 4519 com-ipit
2250 4438 2319 4496 et
2356 4430 2609 4517 colligit
2644 4426 2835 4491 lucem
