3042 5192
1344 468 1375 536 I
1707 501 1716 511 ·
2371 473 2464 540 69

406 640 585 707 1028.
631 640 1065 720 memnus
1115 661 1323 707 mxl-:c
1382 663 1631 707 manus
1692 664 2130 709 cons1sr11·
2189 667 2467 710 summi

233 761 568 804 cnen'rA.
612 738 820 804 Libro
858 760 923 814 v,
945 738 1062 802 194
1101 741 1158 802 si
1196 741 1263 803 in
1301 742 1441 805 talis
1481 742 1878 827 disposituras
1903 742 2282 808 Deoideraemt
2315 767 2463 831 quo-
2533 723 2548 734 ⁰

228 862 345 926 que
374 850 433 902 et
454 841 523 902 in
552 840 694 903 talis
718 860 932 902 venere
956 848 1217 917 meam-⁹,
1255 839 1551 918 Qualibus
1577 839 1727 904 haec
1753 862 2023 904 RERUM
2045 844 2281 927 qen’mr
2303 866 2466 907 mmc

226 960 467 1001 muna
493 937 774 1001 novando
796 984 811 998 .
846 956 931 999 ex
962 935 1205 1021 quibus
1234 944 1519 1023 apparet
1550 958 1749 1023 quam
1775 939 1960 1003 nullo
1988 937 2233 1003 iudicio
2262 939 2464 1004 Eich-

228 1034 494 1101 stadius
525 1043 596 1100 et
622 1034 946 1120 Forbiger
976 1033 1198 1099 Fabro
1227 1042 1412 1099 recte
1439 1036 1739 1100 monenti
1764 1044 2144 1124 repugnent
2160 1086 2174 1100 .

396 1134 580 1199 1033.
639 1154 1080 1209 sunmnoun
1155 1155 1356 1198 onus
1426 1155 1917 1199 Amnum-run
1986 1134 2458 1201 FronEAnr.

229 1232 524 1298 Prorsus
583 1232 847 1317 egregie
888 1230 1215 1296 Marullus
1272 1253 1526 1296 sumn
1544 1254 1846 1308 ssnotm
1887 1255 2035 1318 qens
2088 1236 2462 1300 animantmn

226 1330 630 1395 Fnonnrr.

396 1428 577 1494 1036.
604 1427 715 1492 Ex
744 1449 1128 1492 mmmro
1160 1477 1174 1491 .
1220 1428 1327 1493 Ita
1355 1428 1730 1513 quadratus
1762 1477 1778 1504 ,
1817 1429 2057 1517 infhdtu
2087 1430 2420 1518 oblongus
2440 1482 2453 1495 .

225 1529 579 1613 utriusque
608 1534 957 1592 corrector
981 1527 1259 1615 infhu‘ta:
1285 1527 1381 1592 ita
1409 1525 1784 1612 quadratus
1811 1547 2012 1593 versu
2048 1527 2206 1593 1025
2226 1579 2240 1592 .

393 1625 574 1690 1037.
606 1645 996 1689 Aumssn.
1042 1623 1153 1688 Sie
1192 1625 1526 1710 oblongus
1558 1673 1573 1700 ,
1614 1625 1882 1688 admissa
1927 1624 2298 1710 quadratus
2332 1677 2345 1690 .
2388 1629 2457 1692 in

222 1734 518 1810 utroque
544 1722 797 1788 factum
825 1744 1021 1787 Anus
1038 1745 1133 1787 ΒΑ
1151 1773 1167 1787 .

398 1822 573 1888 1040.
604 1821 667 1886 D
685 1844 709 1885 1
725 1843 758 1885 s
772 1843 804 1885 s
819 1843 860 1886 o
875 1844 915 1886 1,
929 1844 972 1886 u
990 1844 1014 1885 1
1030 1845 1071 1885 r
1106 1870 1121 1884 .
1173 1821 1535 1887 Corrector
1580 1820 1891 1907 quadrati
1922 1830 1991 1887 et
2019 1824 2224 1888 ceteri
2251 1823 2315 1888 D
2332 1848 2355 1887 1
2375 1847 2407 1889 s
2426 1862 2453 1873 -

222 1943 507 1986 εοισι.

390 2019 570 2083 1041.
601 2040 909 2094 Amoun
951 2039 1310 2083 rur-roms
1355 2039 1667 2082 AvsasA
1713 2040 1896 2082 vm.
1944 2019 2081 2083 Viai
2108 2028 2452 2084 corrector

223 2117 538 2204 quadrati
587 2129 656 2181 et
680 2117 832 2182 Itali
870 2124 940 2181 et
965 2116 1319 2181 Marullus.
1366 2115 1491 2179 sed
1519 2115 1876 2180 Lucretius
1908 2116 2051 2180 sine
2078 2116 2212 2181 hoe
2245 2117 2451 2181 Grae-

221 2218 426 2282 cismo
470 2214 644 2279 dixit
681 2214 750 2279 in
777 2236 840 2290 v,
856 2214 979 2278 415
1011 2215 1163 2280 Inde
1188 2215 1294 2278 ubi
1318 2216 1410 2278 vis
1436 2215 1650 2301 aliqua
1677 2216 1914 2278 ratione
1943 2237 2158 2279 aversa
2181 2217 2448 2279 recessit.

221 2337 427 2402 quare
454 2314 634 2378 malo
662 2335 970 2389 VIAQUE
992 2362 1005 2376 .

385 2413 566 2479 1047.
597 2412 1096 2476 ancuumu
1125 2433 1427 2475 RERUM.
1457 2410 1786 2475 Marullus
1814 2411 2315 2476 ancu’us.

384 2511 566 2576 1061.
595 2510 700 2574 Er
730 2531 996 2574 sunm
1027 2531 1210 2573 nArr
1230 2530 1383 2572 om:
1403 2557 1417 2571 .
1457 2499 1589 2572 Hie
1633 2507 1928 2574 editores
1970 2530 2043 2573 se
2071 2508 2351 2573 formam
2382 2513 2450 2575 e't

216 2631 546 2675 conexum
591 2608 916 2673 orationis
962 2607 1145 2672 nullo
1191 2606 1393 2671 modo
1448 2607 1834 2694 percepisse
1891 2607 2061 2671 male
2102 2609 2445 2693 interpun-

213 2707 437 2796 gendo
468 2704 839 2772 ostendunt
868 2754 882 2769 .
913 2706 1126 2791 prima
1156 2713 1316 2769 sunt
1342 2704 1513 2769 haee
1539 2754 1552 2767 .
1587 2701 1757 2770 Illud
1787 2744 1856 2753 -
1873 2707 2035 2793 fuqe
2064 2707 2308 2771 eredere
2340 2745 2409 2758 ——
2426 2755 2445 2786 ,

216 2808 287 2873 ba
320 2808 594 2871 medium
632 2827 902 2870 mammae
943 2806 1109 2891 quod
1144 2805 1356 2868 diczent
1390 2806 1599 2869 munia
1638 2806 1788 2868 nia.
1829 2803 1924 2866 illi
1962 2805 2128 2890 quod
2161 2805 2370 2869 dicunt
2406 2826 2448 2868 a

214 2913 439 2970 cetera
468 2904 773 2968 oratione
804 2900 1216 2977 excludunt,
1200 2925 1215 2940 ·
1259 2921 1393 2985 quo
1437 2909 1640 2987 pacto
1687 2922 1767 2964 ea
1797 2921 1968 2986 quae
1999 2908 2318 2966 secuntur
2344 2902 2442 2964 in-

217 3002 438 3089 tellegi
475 3023 618 3065 non
662 3006 992 3087 possunt.
1039 3019 1194 3062 nam
1236 3006 1556 3063 secuntur
1594 2998 1764 3062 haec
1805 2999 1889 3062 ab
1918 2999 2032 3062 illo
2063 3000 2268 3062 dicum
2293 3021 2441 3063 sus-

212 3120 467 3186 pensa,
514 3098 725 3184 spswm
762 3099 818 3161 εἰ
860 3119 1188 3184 quaequam
1231 3119 1412 3182 posse
1449 3099 1516 3160 in
1558 3120 1621 3161 se
1661 3099 1865 3160 sistere
1906 3097 2147 3159 credis·
2120 3143 2141 3177 ,
2198 3095 2441 3179 quibus

212 3197 534 3263 simillima
571 3202 729 3259 sunt
768 3215 941 3280 quae
983 3193 1307 3258 habemus
1348 3194 1418 3257 in
1456 3217 1546 3271 nr,
1564 3195 1721 3269 364,
1776 3193 2005 3256 Umbra
2042 3193 2276 3257 videtur
2301 3194 2442 3257 item

210 3298 377 3361 nobis
419 3297 487 3358 in
526 3296 648 3359 sole
687 3295 915 3359 moveri
946 3292 1033 3358 Et
1068 3295 1317 3379 voetiyia
1351 3304 1561 3358 nostra
1598 3293 1770 3378 sequi
1803 3301 2151 3377 yestwmque
2177 3291 2441 3373 imitari,-

211 3396 381 3459 Αένα
405 3394 465 3456 εἰ
493 3393 690 3456 credis
716 3394 1032 3477 pn'vatwm
1059 3392 1285 3454 hmine
1312 3414 1493 3476 posse
1530 3390 1865 3475 Indugredi
1899 3399 2093 3452 motus
2132 3387 2442 3452 hond-mem

202 3503 555 3577 metumque
578 3500 916 3576 sequentem
938 3538 953 3552 .
996 3488 1092 3553 sic
1124 3488 1357 3552 Cicero
1390 3488 1476 3552 de
1512 3496 1758 3553 natura
1787 3486 2066 3550 deorum
2094 3509 2136 3562 1,
2152 3485 2233 3551 36
2262 3497 2442 3573 atque

208 3590 367 3653 idem
394 3587 497 3651 hic
523 3589 647 3651 alio
675 3589 807 3652 loco
836 3586 1080 3654 aethera
1108 3589 1291 3650 deum
1319 3587 1510 3668 dicim
1548 3588 1605 3650 si
1628 3586 1891 3670 incelleyi
1905 3595 2105 3670 potest
2126 3584 2283 3647 nihil
2303 3607 2436 3648 sen-

208 3689 355 3750 tiens
382 3686 560 3749 deus.
589 3706 795 3770 porro
827 3683 1042 3747 eidem
1069 3685 1125 3749 si
1151 3686 1347 3749 medi-5
1375 3683 1731 3748 subiuncta
1760 3691 1917 3747 sunt
1938 3683 2105 3746 haee
2124 3730 2140 3758 ‚
2174 3681 2258 3746 Et
2282 3705 2439 3768 quae

208 3783 515 3870 pondera
555 3793 693 3847 smzt
731 3783 840 3847 sub
880 3784 1058 3847 tem-is
1096 3785 1300 3847 mania
1336 3807 1579 3847 sursum
1606 3782 1823 3847 Nitier
1860 3783 1928 3844 in
1968 3791 2250 3867 terraque
2276 3791 2439 3843 retro

206 3882 631 3967 requiescere
647 3891 855 3966 posta.
886 3879 998 3944 hic
1029 3880 1532 3945 subsistendum
1561 3888 1698 3946 est:
1726 3901 1881 3944 nam
1908 3878 2215 3965 proxima
2241 3877 2436 3940 nimis

206 3980 433 4068 inepte
475 3977 715 4044 eodem
760 3978 1063 4043 referunt
1090 4029 1106 4054 ‚
1147 3979 1225 4043 Ut
1251 4003 1371 4064 per
1399 4003 1596 4066 aquas
1633 4002 1791 4065 quae
1816 4000 1977 4042 mmo
2002 3999 2211 4041 rev-mn
2239 3975 2435 4040 simu-

208 4077 385 4142 lacra
412 4078 717 4142 vidam-s:
743 4076 927 4141 nulla
955 4078 1128 4142 enim
1155 4076 1531 4162 ponderum
1563 4084 1629 4141 et
1648 4077 1718 4140 in
1738 4097 1915 4161 aqua
1936 4074 2437 4139 simulacrorum

209 4174 567 4241 similitudo
601 4183 708 4240 est
737 4224 753 4250 ,
799 4196 971 4261 quae
1007 4198 1230 4261 neque
1269 4197 1534 4240 sursum
1563 4175 1861 4239 nitantur
1888 4194 2110 4258 neque
2137 4172 2433 4256 requies-

209 4282 397 4350 cant,
426 4272 553 4337 sed
580 4274 649 4338 in
679 4294 857 4359 aqua
884 4282 1213 4361 vagentur
1242 4323 1255 4337 .
1296 4281 1435 4338 tum
1465 4280 1628 4360 post
1654 4272 1819 4338 illud
1846 4273 1902 4336 .ςί
1929 4271 2125 4337 credi-s·
2151 4269 2312 4332 mire
2341 4269 2437 4331 ita

212 4373 508 4459 pergitur
525 4421 542 4447 ,
569 4371 665 4437 Et
690 4373 877 4436 simili
902 4375 1136 4438 ratione
1163 4374 1460 4437 animalia
1496 4395 1694 4458 suppa
1720 4371 1937 4456 vaqari
1966 4365 2400 4431 Contendunt
2418 4415 2432 4428 .

208 4470 389 4556 quod
417 4472 473 4536 si
501 4471 593 4536 ibi
623 4470 737 4536 ubi
770 4468 907 4535 dixi
937 4473 1378 4537 subsistemus
1397 4521 1411 4548 ,
1443 4478 1669 4535 cetera
1692 4469 1941 4556 optime
1971 4464 2278 4532 coibunt:
2308 4463 2435 4527 nisi
