3042 5192
1324 445 1451 516 IIII

148 637 200 680 55
257 639 545 704 corpora
576 638 690 682 res
718 617 969 682 multae
987 665 1003 693 ‚
1024 619 1266 705 partim
1297 617 1536 684 diffusa
1566 621 1818 699 solute,

252 733 500 798 robora
530 754 660 796 ceu
686 732 940 797 fumum
967 733 1241 797 mittunt
1267 734 1593 821 ignesque
1621 758 1941 822 vaporem
1960 787 1976 815 ,

254 856 319 911 et
346 848 601 933 partim
632 855 956 912 contexta
996 848 1205 933 magis
1237 847 1716 934 condensaque
1735 899 1750 927 ,
1770 859 1850 916 ut
1878 853 2032 917 olim

253 984 395 1026 cum
420 963 669 1028 teretis
696 969 962 1050 ponunt
988 961 1251 1026 tunicas
1280 969 1539 1028 aestate
1571 963 1840 1029 cicadae
1858 1014 1880 1042 ,

255 1084 319 1139 et
341 1076 539 1140 vituli
571 1098 725 1140 cum
751 1058 1172 1142 membranas
1203 1074 1289 1139 de
1319 1097 1608 1162 corpore
1638 1099 1891 1144 summo

147 1209 201 1254 50
254 1198 619 1256 nascentes
646 1191 923 1255 mittunt
940 1240 955 1268 ,
978 1197 1047 1254 et
1072 1192 1231 1255 item
1261 1212 1410 1254 eum
1436 1190 1694 1256 lubrica
1722 1215 2001 1282 serpens

256 1305 436 1368 exuit
462 1305 536 1367 in
567 1305 779 1391 spinis
804 1312 1094 1369 vestem:
1114 1326 1269 1368 nam
1298 1326 1504 1393 saepe
1533 1304 1836 1373 videmus

253 1419 511 1483 illorum
542 1418 779 1505 spoliis
806 1439 1050 1507 vepres
1076 1419 1511 1485 volitantibus
1541 1428 1808 1486 auctas:

254 1554 423 1619 quae
452 1534 774 1618 quoniam
800 1533 969 1598 fiunt
985 1582 1002 1610 ,
1023 1535 1242 1599 tenuis
1275 1522 1546 1620 quoque
1575 1534 1780 1601 debet
1804 1537 2023 1623 imago

255 1648 335 1712 ab
361 1648 571 1713 rebus
599 1648 771 1712 mitti
789 1696 804 1724 ,
828 1669 1082 1712 summo
1114 1647 1200 1712 de
1230 1670 1517 1735 corpore
1544 1671 1767 1714 rerum
1786 1699 1800 1714 .

147 1780 203 1824 65
258 1783 406 1826 nam
434 1783 558 1827 cur
586 1762 700 1826 illa
729 1760 976 1826 cadant
1000 1764 1212 1850 mags
1242 1763 1328 1829 ab
1356 1765 1697 1849 rebusque
1725 1765 2049 1831 recedant

260 1897 451 1961 quam
480 1897 659 1963 quae
686 1876 913 1941 tenvia
941 1884 1101 1941 sunt
1116 1926 1133 1954 ,
1156 1877 1532 1943 hiscendist
1558 1878 1740 1943 nulla
1766 1887 2109 1967 potestas3

261 1991 649 2077 praesertim
679 2010 829 2054 cum
857 1991 991 2055 sint
1015 1991 1085 2070 in
1114 1993 1385 2058 summis
1414 2014 1706 2079 corpora
1731 1994 1934 2059 rebus

258 2105 457 2169 multa
482 2106 739 2169 minuta
754 2153 770 2180 ‚
791 2106 919 2169 iaci
947 2127 1120 2190 quae
1148 2107 1413 2192 possint
1442 2106 1680 2172 ordine
1711 2108 1947 2173 eodem

262 2241 390 2304 quo
416 2219 673 2284 fuerint
688 2268 705 2295 ‚
722 2227 793 2284 et
816 2218 1054 2284 formai
1082 2242 1353 2287 servare
1379 2221 1661 2308 figuram
1676 2271 1693 2297 ‚

151 2349 207 2394 ῖο
265 2342 330 2397 et
352 2334 563 2398 multo
598 2334 789 2399 citius
807 2382 822 2410 ,
845 2343 1096 2419 quanto
1124 2337 1342 2401 minus
1369 2335 1752 2423 indupediri

260 2469 470 2536 pauca
500 2455 760 2534 queunt
788 2457 856 2513 et
884 2471 1058 2534 quae
1090 2459 1247 2516 sunt
1273 2452 1486 2538 prima
1510 2450 1736 2515 fronte
1764 2449 1989 2516 locata
2007 2501 2020 2514 .

256 2583 404 2626 nam
433 2569 620 2628 certe
644 2563 864 2627 iacere
893 2585 973 2628 ac
1000 2564 1229 2651 largiri
1252 2566 1463 2630 multa
1489 2564 1790 2629 videmus
1807 2615 1823 2642 ‚

258 2697 392 2740 non
418 2676 637 2742 solum
667 2698 752 2741 ex
778 2678 917 2742 alto
944 2679 1348 2767 penitusque
1366 2728 1381 2756 ‚
1403 2687 1481 2744 ut
1510 2678 1797 2744 diximus
1826 2686 1985 2744 ante
2003 2729 2019 2756 ‚

261 2810 484 2854 verum
513 2789 602 2854 de
625 2792 894 2856 summis
920 2793 1138 2881 ipsum
1169 2815 1442 2880 quoque
1472 2815 1675 2880 saepe
1706 2794 1995 2860 colorem
2016 2844 2029 2857 .

150 2916 205 2963 τε
263 2911 329 2966 et
354 2905 554 2991 volgo
583 2905 837 2970 faciunt
862 2905 934 2969 id
960 2907 1144 2971 lutea
1170 2928 1497 2994 russaque
1523 2907 1678 2972 vela

262 3023 327 3081 et
350 3017 690 3105 ferrugina
706 3068 722 3096 ‚
746 3041 894 3083 cum
912 3068 928 3096 ‚
950 3022 1206 3108 magnis
1232 3019 1491 3088 intenta
1517 3022 1801 3086 theatris
1820 3070 1837 3098 ,

262 3133 617 3219 per-malos
644 3133 915 3220 volgata
942 3136 1308 3222 trabesque
1338 3136 1692 3200 trementia
1716 3135 1993 3199 flutant:

262 3267 539 3334 namque
566 3248 660 3313 ibi
689 3269 1080 3314 consessum
1111 3250 1341 3317 caveai
1369 3257 1604 3338 supter
1633 3257 1702 3313 et
1732 3269 1990 3313 omnem

268 3364 524 3428 scaenai
553 3364 845 3449 speciem
872 3364 1171 3449 pulcram
1198 3364 1590 3449 variumque
1620 3363 1936 3428 decorem

155 3490 211 3536 ⁸0
266 3474 558 3541 inficiunt
588 3486 971 3563 coguntque
1001 3500 1126 3542 suo
1155 3477 1417 3543 fluitare
1448 3478 1708 3544 colore:

268 3598 334 3654 et
360 3599 615 3677 quanto
647 3592 893 3656 circum
918 3614 1110 3679 mage
1139 3601 1300 3657 sunt
1328 3600 1615 3680 angusta
1639 3593 1888 3657 theatri

268 3708 555 3783 moenia,
576 3715 717 3771 tam
742 3707 953 3792 magis
980 3706 1153 3771 haec
1178 3708 1360 3771 intus
1385 3706 1663 3795 perfusa
1690 3707 1922 3793 lepore

272 3822 483 3886 omnia
512 3820 868 3886 conrident
895 3828 1211 3909 correpta
1232 3821 1382 3887 luce
1412 3822 1575 3887 diei.

272 3953 426 4020 ergo
456 3935 667 3999 lintea
695 3934 781 3999 de
811 3945 1066 4000 summo
1098 3957 1247 4001 cum
1275 3957 1563 4025 corpore
1588 3935 1813 4000 fucum

161 4060 216 4104 ⁸5
270 4047 537 4116 mittunt
552 4099 571 4127 ‚
596 4048 849 4136 effigias
878 4072 1151 4137 quoque
1180 4050 1430 4118 debent
1453 4051 1717 4117 mittere
1745 4050 1964 4117 tenvis

2360 454 2497 523 117

280 4328 340 4374 54
374 4323 657 4378 mittuntur
691 4323 713 4396 ΙΙ
750 4331 815 4380 63
854 4326 992 4381 debe
1027 4327 1049 4396 ΙΙ
1099 4334 1164 4382 68
1200 4344 1407 4381 eorum.
1453 4326 1476 4394 ΙΙ
1522 4332 1584 4379 '71
1625 4343 1761 4397 quae
1794 4334 2059 4382 omi-saum.
2097 4327 2122 4394 ΙΙ
2159 4331 2223 4377 72
2262 4325 2440 4395 iorgiri
2476 4325 2497 4392 ΙΙ

282 4408 340 4454 77
376 4405 599 4460 fluctus.
635 4408 660 4486 ΙΙ
695 4414 760 4461 79
795 4408 1022 4463 Scaenal
1057 4410 1079 4479 ΙΙ
1113 4416 1323 4481 patrum
1346 4416 1678 4480 matrumque
1703 4408 1949 4463 deorum.
1985 4409 2007 4476 ΙΙ
2044 4413 2104 4460 81
2147 4407 2432 4461 inclaustra
