3042 5192
628 436 763 503 166
1703 432 1771 496 V

465 627 563 672 270
618 610 931 673 materies
959 608 1209 671 umoris
1243 613 1313 670 et
1341 605 1431 670 ad
1461 613 1667 692 caput
1694 606 1999 671 amnibus
2029 608 2243 672 omnis

619 723 934 788 convenit
951 772 967 798 ,
989 721 1146 786 inde
1177 743 1380 809 super
1408 728 1627 785 terras
1654 720 1801 784 fluit
1827 721 2087 807 agmine
2119 719 2299 785 dulci
2349 755 2354 760 ·

623 860 755 924 qua
782 838 890 902 via
920 845 1106 901 secta
1135 835 1342 900 semel
1369 835 1624 921 liquido
1653 835 1830 922 pede
1862 834 2104 900 detulit
2133 835 2352 901 undas
2371 887 2384 900 .

699 954 876 1017 Aera
904 973 1083 1015 nunc
1112 952 1312 1037 igitur
1343 949 1561 1015 dicam
1579 999 1594 1027 ‚
1619 951 1735 1036 qui
1764 972 2050 1038 corpore
2079 958 2227 1015 toto

620 1068 1185 1131 innumerabiliter
1212 1067 1441 1153 privas
1470 1072 1767 1130 mutatur
1796 1066 1865 1129 in
1892 1064 2100 1129 horas
2119 1115 2134 1128 .

464 1201 560 1245 275
620 1205 885 1269 semper
915 1182 1085 1246 enim
1104 1231 1119 1257 ‚
1145 1179 1332 1266 quod
1361 1202 1646 1266 cumque
1673 1180 1822 1244 fluit
1849 1179 1936 1243 de
1966 1181 2169 1245 rebus
2188 1229 2204 1257 ‚
2225 1179 2298 1244 id
2327 1203 2521 1245 omne

621 1299 794 1362 aeris
824 1299 893 1361 in
921 1318 1231 1382 magnum
1258 1296 1473 1360 fertur
1500 1317 1718 1372 mare3
1744 1296 1858 1381 qui
1885 1295 2011 1359 nisi
2042 1303 2281 1360 contra

621 1433 911 1499 corpora
937 1412 1266 1476 retribuat
1293 1412 1496 1477 rebus
1526 1418 1924 1496 recreetque
1951 1409 2222 1475 fluentis
2240 1459 2256 1486 ‚

621 1527 841 1589 omnia
868 1527 997 1590 iam
1026 1526 1326 1590 resoluta
1352 1527 1582 1590 forent
1614 1525 1780 1590 etin
1808 1531 1967 1590 aera
1992 1546 2224 1589 versa:

618 1641 786 1705 haut
814 1641 1013 1726 igitur
1044 1649 1267 1705 cessat
1295 1641 1476 1727 gigni
1507 1641 1592 1705 de
1619 1641 1824 1705 rebus
1855 1648 1927 1705 et
1952 1641 2022 1704 in
2050 1662 2162 1705 res

471 1772 568 1818 280
623 1754 965 1820 reccidere
983 1804 999 1831 ‚
1023 1754 1305 1819 adsidue
1335 1756 1651 1840 quoniam
1679 1754 1886 1819 fluere
1916 1756 2137 1820 omnia
2165 1763 2464 1822 constat.

706 1871 967 1956 Largus
997 1871 1155 1934 item
1182 1869 1415 1956 liquidi
1441 1870 1597 1935 fons
1625 1859 1920 1945 luminis,
1943 1870 2278 1936 aetherius
2308 1873 2411 1937 sol
2428 1922 2444 1947 ,

621 1986 865 2071 inrigat
893 1984 1176 2049 adsidue
1207 1985 1460 2049 caelum
1489 1985 1785 2050 candore
1813 1985 2066 2050 recenti

625 2094 1149 2188 suppeditatque
1178 2121 1357 2164 novo
1390 2099 1744 2165 confestim
1771 2101 2014 2164 lumine
2042 2100 2265 2164 lumen
2284 2149 2298 2163 .

622 2236 775 2279 nam
804 2216 1088 2302 primum
1118 2213 1436 2300 quicquid
1463 2215 1745 2301 fulgoris
1777 2214 2060 2302 disperit
2090 2216 2185 2290 ei,

471 2347 568 2392 285
626 2352 761 2415 quo
794 2351 1077 2417 cumque
1107 2328 1380 2394 accidit.
1405 2330 1477 2394 id
1503 2330 1661 2395 licet
1688 2330 1844 2394 hinc
1875 2351 2285 2416 cognoscere
2315 2332 2540 2417 possis
2559 2381 2575 2402 ‚

630 2444 816 2530 quod
847 2446 1039 2509 simul
1067 2466 1146 2509 ac
1173 2446 1455 2531 primum
1483 2447 1701 2510 nubes
1730 2444 2095 2509 succedere
2125 2444 2250 2509 soli

627 2581 915 2646 coepere
947 2568 1014 2624 et
1041 2559 1269 2624 radios
1294 2561 1473 2624 inter
1503 2561 1696 2646 quasi
1722 2581 2032 2647 rumpere
2062 2560 2230 2624 lucis
2250 2609 2266 2636 ‚

630 2675 964 2761 extemplo
994 2675 1270 2739 inferior
1297 2696 1458 2761 pars
1487 2675 1730 2740 horum
1760 2675 2045 2762 disperit
2073 2675 2287 2739 omnis
2307 2723 2323 2750 ‚

630 2797 945 2874 terraque
972 2789 1389 2854 inumbratur
1420 2810 1556 2875 qua
1581 2790 1786 2854 nimbi
1816 2811 2100 2875 cumque
2128 2790 2472 2866 feruntur3

472 2920 570 2967 290
624 2911 702 2968 ut
729 2925 975 2968 noscas
1007 2901 1371 2991 splendore
1398 2926 1578 2968 novo
1609 2926 1719 2968 res
1750 2925 2014 2992 semper
2045 2926 2242 2990 egere
2261 2954 2276 2980 ‚

630 3027 700 3083 et
727 3019 1010 3105 primum
1037 3019 1283 3082 iactum
1309 3017 1592 3103 fulgoris
1622 3040 1955 3105 quemque
1984 3020 2205 3106 perire
2222 3068 2238 3092 ‚

630 3156 756 3198 nec
786 3135 1045 3198 ratione
1076 3133 1203 3197 alia
1231 3153 1340 3196 res
1368 3154 1576 3219 posse
1603 3133 1673 3196 in
1703 3134 1847 3197 sole
1875 3133 2124 3207 videri,

631 3257 960 3336 perpetuo
989 3249 1058 3312 ni
1090 3247 1478 3335 suppeditet
1504 3246 1674 3311 lucis
1705 3256 1909 3334 caput
1934 3249 2156 3335 ipsum
2175 3299 2189 3312 .

634 3365 794 3449 quin
824 3364 1021 3427 etiam
1049 3369 1383 3425 nocturna
1409 3362 1563 3439 tibi,
1588 3363 1939 3427 terrestria
1970 3384 2142 3447 quae
2173 3372 2362 3438 sunt,

478 3495 575 3541 295
631 3478 877 3541 lumina
897 3526 913 3554 ,
934 3476 1314 3565 pendentes
1341 3476 1574 3564 lychni
1603 3478 1956 3562 claraeque
1986 3479 2284 3543 coruscis

634 3592 1007 3677 fulguribus
1034 3593 1315 3679 pingues
1344 3593 1553 3657 multa
1584 3594 1860 3679 caligine
1891 3591 2132 3657 taedae

638 3708 959 3771 consimili
988 3716 1360 3794 properant
1387 3708 1649 3772 ratione
1669 3757 1685 3784 ,
1710 3706 1954 3772 ardore
1983 3709 2285 3773 ministro
2304 3757 2321 3782 ‚

634 3821 1072 3908 suppeditare
1101 3843 1348 3886 novom
1379 3822 1602 3887 lumen
1620 3872 1635 3899 ‚
1659 3831 1945 3887 tremere
1970 3823 2239 3908 ignibus
2266 3822 2522 3888 instant
2541 3872 2555 3896 ,

638 3937 926 4012 instant,
948 3958 1073 4000 nec
1101 3937 1255 4000 loca
1282 3936 1398 4000 lux
1426 3938 1603 4002 inter
1635 3938 1826 4023 quasi
1854 3944 2056 4026 rupta
2083 3937 2432 4022 relinquit:

482 4067 579 4114 300
636 4073 854 4138 usque
885 4051 1057 4115 adeo
1088 4059 1538 4139 properanter
1565 4053 1651 4117 ab
1683 4053 1988 4117 omnibus
2017 4053 2281 4138 ignibus
2313 4053 2371 4115 ei

644 4335 742 4381 272
777 4328 943 4383 semel
980 4337 1127 4383 secta
1162 4330 1327 4383 semel
1376 4332 1395 4398 ΙΙ
1443 4336 1544 4382 274
1583 4347 1732 4382 oraS.
1782 4330 1804 4396 ΙΙ
1843 4336 1940 4381 282
1981 4330 2213 4399 regenti.
2251 4330 2272 4396 ΙΙ
2311 4335 2409 4382 288
2446 4327 2677 4399 disperiet
2711 4326 2730 4394 ΙΙ
2768 4330 2854 4376 291

648 4413 723 4465 Ut
759 4412 780 4480 ΙΙ
818 4418 915 4464 293
955 4412 1241 4484 suppedito
1278 4412 1300 4480 ΙΙ
1337 4419 1431 4464 295
1472 4413 1650 4482 lyclini
1691 4412 1712 4480 ΙΙ
1749 4418 1845 4464 297
1884 4412 2160 4483 proferant
