3042 5192
589 444 723 513 102
1648 444 1741 512 III

424 636 522 681 095
577 640 703 683 1100
721 667 738 694 ,
760 626 896 683 tam
925 624 1281 682 contextae
1312 638 1461 681 cum
1490 617 1626 682 sint
1644 668 1659 694 ,
1683 619 1865 682 exire
1893 616 2211 683 videntur

579 734 945 798 incolumes
973 753 1180 819 posse
1211 740 1279 797 et
1307 732 1531 797 salvas
1561 733 1912 798 exsolvere
1943 755 2098 798 sese

583 849 888 913 omnibus
919 869 956 911 e
984 848 1207 912 nervis
1237 855 1444 933 atque
1475 848 1742 912 ossibus
1773 848 2208 933 articulisque
2229 898 2242 912 .

584 962 771 1048 quod
798 964 855 1027 si
882 962 1060 1028 forte
1089 971 1290 1049 putas
1322 963 1741 1027 extrinsecus
1770 964 2170 1028 insinuatam

581 1099 973 1164 permanare
1003 1078 1286 1142 animam
1311 1077 1507 1142 nobis
1536 1098 1660 1163 per
1688 1078 1984 1143 membra
2012 1078 2228 1143 solere
2249 1127 2265 1150 ,

430 1211 526 1258 700
581 1202 773 1259 tanto
806 1193 1056 1279 quique
1084 1192 1293 1278 magis
1323 1214 1474 1257 cum
1503 1214 1792 1279 corpore
1820 1191 1974 1257 fusa
2001 1193 2280 1277 peribit:

583 1308 770 1394 quod
798 1313 1150 1395 permanat
1179 1306 1351 1371 enim
1380 1305 1771 1372 dissolvitur
1789 1355 1804 1382 ‚
1832 1307 2062 1372 interit
2092 1328 2252 1394 ergo
2272 1357 2286 1371 .

587 1423 982 1509 dispertitus
1015 1422 1185 1486 enim
1215 1442 1338 1506 per
1367 1421 1594 1487 caulas
1625 1422 1934 1508 corporis
1967 1422 2184 1487 omnis

583 1545 662 1602 ut
691 1538 877 1602 cibus
897 1586 913 1612 ‚
933 1538 1004 1601 in
1032 1536 1330 1601 membra
1359 1544 1564 1620 atque
1594 1543 1781 1602 artus
1811 1559 1963 1601 cum
1993 1536 2246 1602 diditur
2277 1538 2489 1602 omnis
2510 1586 2526 1608 ,

588 1651 870 1740 disperit
897 1661 1103 1738 atque
1133 1652 1326 1715 aliam
1354 1659 1662 1715 naturam
1691 1650 1938 1715 sufficit
1966 1672 2050 1716 ex
2080 1673 2153 1717 se
2172 1701 2188 1728 ‚

431 1783 529 1830 705
585 1768 680 1832 810
709 1768 927 1832 01111110
954 1776 1160 1854 atque
1190 1767 1445 1832 animus
1477 1766 1781 1853 quamvis
1810 1767 2073 1852 integra
2099 1789 2336 1833 recens
2365 1768 2432 1832 in

589 1904 837 1971 corpus
867 1891 1027 1948 eunt
1044 1932 1060 1960 ‚
1081 1890 1304 1948 tamen
1332 1884 1401 1947 in
1430 1879 1764 1946 manando
1797 1879 2292 1959 dissoluuntur,

589 1997 750 2061 dum
780 1998 971 2084 quasi
998 2019 1123 2086 per
1152 1997 1379 2062 caulas
1410 1997 1625 2061 omnis
1658 1994 1981 2060 diduntur
2008 1997 2077 2061 in
2106 2005 2295 2063 artus

585 2113 951 2201 particulae
983 2114 1225 2198 quibus
1253 2113 1422 2177 haec
1452 2112 1650 2176 animi
1678 2129 1923 2176 natura
1951 2121 2220 2178 creatur
2237 2162 2254 2188 ‚

591 2250 764 2314 quae
792 2251 971 2293 nunc
998 2229 1067 2293 in
1095 2236 1333 2293 nostro
1365 2226 1746 2292 dominatur
1776 2248 2065 2313 corpore
2094 2235 2253 2294 nata

433 2361 531 2406 710
587 2365 670 2408 ex
698 2343 809 2408 illa
839 2365 1010 2429 quae
1040 2352 1181 2408 tum
1207 2342 1406 2431 periit
1432 2343 1685 2431 partita
1712 2363 1834 2429 per
1864 2350 2051 2407 artus
2071 2391 2085 2406 .

593 2481 726 2545 qua
751 2467 1033 2549 propter
1061 2480 1281 2544 neque
1309 2457 1518 2522 natali
1543 2459 1811 2545 privata
1836 2455 2107 2521 videtur

592 2595 742 2638 esse
772 2574 879 2638 die
908 2582 1149 2639 natura
1179 2573 1432 2637 animae
1463 2594 1589 2636 nec
1616 2572 1870 2636 funeris
1901 2593 2143 2660 expers
2162 2621 2175 2635 .

674 2689 940 2753 Semina
967 2697 1318 2777 praeterea
1344 2687 1733 2773 linquontur
1751 2736 1767 2763 ‚
1790 2708 1999 2752 1100110
2018 2735 2033 2762 ,
2055 2685 2293 2750 0111111οἱ

591 2825 880 2892 corpore
909 2804 979 2867 in
1007 2804 1312 2867 exanimo
1330 2802 1363 2865 Ρ
1387 2800 1580 2887 (111οᾶ
1609 2803 1666 2867 si
1694 2802 2031 2867 lincuntur
2061 2811 2131 2867 et
2155 2803 2416 2876 insunt,

434 2935 533 2981 715
586 2919 754 2985 haut
783 2920 909 2984 erit
933 2927 1012 2983 ut
1037 2919 1273 2983 merito
1301 2917 1669 2982 inmortalis
1698 2918 1916 3004 possit
1943 2917 2212 2994 haberi,

590 3036 896 3121 partibus
926 3032 1183 3098 amissis
1215 3033 1532 3119 quoniam
1560 3033 1767 3098 libata
1795 3034 2106 3100 recessit:

589 3150 693 3214 sin
720 3151 815 3215 ita
843 3149 1120 3244 sinceris
1146 3149 1457 3214 membris
1486 3149 1712 3213 ablata
1739 3147 2040 3235 profugit
2058 3198 2074 3223 ‚

588 3272 665 3328 ut
693 3265 909 3329 nullas
938 3265 1152 3350 partis
1179 3264 1248 3327 in
1279 3284 1568 3351 corpore
1595 3261 1866 3346 liquerit
1897 3283 1980 3326 ex
2012 3284 2085 3326 80
2104 3311 2119 3337 ,

589 3379 769 3443 1111ᾶο
800 3378 1131 3443 cadavera
1157 3377 1459 3440 rancenti
1486 3376 1619 3439 iam
1644 3375 1905 3438 viscere
1933 3396 2195 3440 vermes

437 3510 535 3556 720
596 3494 905 3580 expirant
922 3542 937 3569 ‚
961 3501 1167 3577 atque
1194 3488 1377 3554 unde
1407 3490 1811 3554 animantum
1841 3491 2038 3576 copia
2065 3498 2256 3556 tanta

593 3629 758 3672 exos
791 3615 857 3672 et
887 3604 1206 3692 exanguis
1234 3602 1529 3669 tumidos
1557 3603 1962 3692 perfluctuat
1990 3614 2177 3671 artus
2195 3607 2228 3670 Ρ

593 3721 781 3808 (111οᾶ
810 3723 867 3787 81
894 3721 1074 3787 forte
1105 3720 1356 3786 animas
1388 3721 1804 3786 extrinsecus
1832 3721 2153 3786 insinuari
2247 3735 2250 3736 ’

589 3839 924 3902 vermibus
956 3844 1023 3900 et
1051 3835 1279 3924 privas
1306 3836 1375 3900 in
1407 3857 1697 3924 corpora
1722 3858 1930 3924 posse
1959 3836 2187 3900 venire

590 3952 810 4018 credis
829 4002 844 4030 ‚
867 3974 992 4017 nec
1020 3960 1298 4039 reputas
1328 3973 1447 4017 cur
1475 3952 1654 4017 milia
1681 3953 1890 4018 multa
1919 3952 2282 4017 animarum

435 4083 532 4128 725
592 4069 997 4133 conveniant
1026 4065 1206 4131 unde
1234 4089 1368 4131 una
1393 4069 1753 4133 recesserit
1771 4118 1787 4144 ‚
1807 4069 1942 4132 hoc
1971 4075 2194 4133 tamen
2224 4074 2329 4130 est
2359 4073 2432 4130 ut

597 4351 695 4396 702
734 4344 1061 4415 Dispertitm·
1099 4361 1227 4416 ergo
1293 4348 1316 4414 ΙΙ
1370 4353 1466 4399 705
1505 4346 1745 4415 quamvis
1785 4353 1866 4399 est
1933 4343 1953 4412 ΙΙ
2009 4347 2060 4398 111
2098 4352 2362 4400 omissum.
2420 4345 2442 4411 ΙΙ
2499 4350 2598 4396 710
2637 4352 2759 4397 tunc
2803 4343 2821 4406 ΙΙ

600 4434 697 4480 718
735 4426 805 4480 Et
842 4428 862 4497 ΙΙ
901 4435 999 4481 719
1039 4432 1213 4482 vicere
1253 4431 1273 4496 Η
1312 4435 1407 4483 723
1445 4430 1598 4499 priva
1635 4430 1679 4480 si
