3042 5192
565 427 708 497 216*
1629 420 1731 490 IV

564 605 743 668 nium
786 600 848 687 p.
874 597 1010 674 199,
1028 598 1107 663 33
1147 597 1320 677 Quae
1357 599 1536 684 quasi
1573 597 1929 661 vnernbrana
1958 644 1973 658 .
2009 601 2197 660 recte
2236 595 2575 660 Antonius
2604 594 2789 659 Marii

566 710 635 765 et
678 699 1041 764 Brixiensis
1088 694 1290 759 editio
1338 696 1565 775 QUAE
1608 697 1786 782 quasi
1825 694 2216 758 membranae
2247 744 2261 757 .
2310 692 2434 758 sed
2475 693 2793 759 Marullus

565 799 676 862 hic
707 795 944 860 eximia
971 793 1172 859 laude
1198 792 1440 879 dignus
1473 799 1578 857 est
1595 841 1610 868 ,
1638 793 1750 878 qui
1781 793 2081 856 acumine
2109 814 2249 856 non
2278 792 2541 878 vulgari
2571 814 2794 857 verum

568 895 872 961 ordinem
899 913 1215 958 versuum
1241 891 1646 956 intellexerit
1671 915 1688 968 ς
1732 890 1917 977 quod
1954 892 2011 954 ei
2041 892 2111 954 in
2138 890 2268 955 hac
2297 912 2555 954 summa
2582 912 2793 955 rerum

569 992 1076 1081 perturbatione
1096 1040 1111 1067 ,
1149 1012 1294 1054 cum
1327 989 1408 1053 29
1440 996 1507 1053 et
1537 989 1619 1053 30
1645 987 1845 1053 iidem
1876 996 2103 1053 essent
2132 996 2337 1074 atque
2365 988 2448 1053 49
2478 997 2549 1053 et
2576 988 2697 1065 50,
2722 989 2789 1053 31

570 1100 792 1157 autem
837 1098 906 1155 et
949 1090 1029 1154 32
1056 1088 1407 1153 maximam
1434 1086 1767 1153 haberent
1793 1089 1863 1150 in
1891 1089 2226 1157 sententia
2260 1108 2410 1150 cum
2438 1087 2516 1151 51
2551 1094 2627 1152 et
2652 1109 2794 1172 pro-

570 1191 762 1254 ximis
803 1186 1292 1254 similitudinem
1325 1235 1341 1261 ,
1380 1207 1601 1272 neque
1631 1185 1713 1249 44
1743 1207 1867 1250 suo
1896 1185 2047 1249 loco
2079 1185 2417 1271 legeretur
2434 1234 2449 1260 ‚
2491 1192 2631 1249 tam
2666 1185 2794 1250 feli·

461 1335 466 1342 .
572 1289 738 1354 citer
768 1286 1011 1351 cedere
1030 1334 1045 1361 ,
1075 1286 1203 1351 nisi
1232 1285 1516 1349 animum
1546 1282 1743 1349 valde
1774 1283 2210 1359 attendisset,
2238 1305 2377 1347 non
2405 1284 2667 1370 potuit.

738 1387 836 1450 53.
881 1384 1130 1449 Cums
1171 1406 1493 1460 eunoun
1539 1405 1786 1447 clun'r
1822 1430 1836 1445 .
1878 1382 2243 1448 Brixiensis
2280 1380 2485 1446 editio
2518 1406 2795 1458 cnunr,

575 1484 987 1549 Veronensis
1028 1485 1224 1548 eluet.
1268 1481 1507 1545 harum
1546 1488 1853 1545 neutram
1897 1480 2008 1544 hic
2049 1502 2090 1544 a
2117 1480 2406 1546 Marullo
2434 1482 2794 1569 inspectam

574 1604 724 1648 esse
753 1589 944 1668 patet
974 1630 990 1658 ‚
1026 1581 1139 1666 qui
1168 1579 1327 1643 fecit
1355 1589 1572 1665 queat.-
1600 1579 1934 1644 Antonius
1963 1577 2392 1644 Florentinus
2419 1584 2511 1645 mi
2538 1593 2598 1646 et
2614 1630 2628 1644 .
2660 1583 2800 1647 cluet

575 1681 882 1745 omnibus
911 1680 1152 1743 litteris
1181 1677 1382 1764 plane
1415 1685 1760 1741 exaratum
1787 1677 2091 1741 homines
2115 1676 2544 1743 doctissimos
2575 1700 2795 1765 parum

575 1778 869 1843 advertit
906 1778 976 1840 in
1015 1777 1487 1862 epigrammate
1516 1774 1906 1840 Ardeatium
1938 1825 1954 1850 ‚
1998 1774 2185 1861 quod
2222 1774 2432 1841 refert
2459 1776 2715 1843 Plinius
2738 1779 2795 1841 in

574 1876 899 1941 naturalis
939 1875 1264 1939 historiae
1294 1898 1499 1950 xxxv,
1520 1875 1616 1952 10,
1635 1875 1715 1939 37
1735 1924 1750 1950 ‚
1790 1876 2088 1960 scriptum
2127 1877 2393 1962 muiqw's
2433 1877 2652 1941 litteris
2680 1878 2793 1942 La-

575 1977 718 2038 tinis
749 1974 1042 2060 (scilicet
1069 1981 1265 2050 sexto
1297 1995 1338 2037 a
1366 1972 1642 2038 condita
1667 1975 1838 2038 urbe
1866 1973 2082 2038 Roma
2110 1973 2419 2059 saeculo)
2448 2023 2466 2050 ‚
2506 1976 2606 2039 ita
2633 2025 2648 2051 ‚
2684 1974 2794 2038 nisi

575 2073 775 2138 fallor
797 2122 812 2150 ,
855 2070 1284 2137 scribendum
1315 2120 1329 2133 .
1374 2072 1602 2158 Diqm‘s
1642 2073 1831 2157 diyna
1871 2072 2028 2136 loces
2056 2120 2071 2135 .
2100 2074 2364 2157 picturi-s·
2395 2075 2799 2139 condecoravit

585 2173 853 2257 Reyinae
883 2171 1121 2236 Iunone
1151 2171 1421 2255 supremi
1462 2170 1719 2255 ooniuyi'
1746 2171 2034 2256 tenaplmn
2061 2170 2330 2234 Plautiu'
2354 2172 2622 2253 hiare-tl,
2662 2174 2800 2237 cluet

577 2271 685 2357 qui
712 2271 872 2334 Asia
898 2272 1026 2335 lata
1055 2293 1179 2334 esse
1207 2269 1499 2332 oriundus
1528 2293 1552 2349 ,⁰
1600 2268 1793 2347 Quem
1825 2291 1989 2333 mmo
2016 2279 2073 2333 et
2088 2279 2228 2354 post
2251 2293 2488 2355 semper
2516 2271 2593 2335 ob
2621 2284 2795 2335 artem

577 2369 738 2432 hanc
757 2369 972 2432 Ardea
994 2368 1210 2432 laudat
1225 2415 1238 2428 .
1262 2366 1428 2430 nihil
1455 2366 1524 2429 in
1545 2365 1651 2429 his
1679 2366 1932 2431 mutavi
1959 2366 2084 2430 nisi
2112 2369 2269 2431 loces
2283 2415 2302 2447 ,
2323 2368 2441 2431 ubi
2473 2377 2623 2432 erat
2649 2371 2793 2442 loco,

580 2472 648 2528 et
676 2467 784 2551 qui
810 2487 1179 2551 pronomen
1201 2512 1217 2540 ‚
1246 2472 1324 2530 ut
1354 2466 1725 2529 orationem
1757 2472 1825 2529 et
1852 2487 2121 2530 versum
2147 2464 2447 2530 fulcirem
2464 2516 2482 2543 ‚
2520 2466 2771 2531 addidi.

746 2563 844 2626 54.
877 2586 1352 2628 mlr‘rtmrun
1392 2587 1473 2628 m
1514 2585 1766 2628 luanus
1807 2584 2155 2628 APER'rrs
2185 2611 2198 2625 .
2234 2564 2573 2630 Antonius
2603 2574 2671 2630 et
2694 2566 2793 2629 im-

579 2660 798 2746 pressi
827 2683 1232 2726 nuri-nur.

747 2758 845 2822 62.
873 2779 1188 2824 Anc‘rAs
1209 2809 1223 2824 .
1250 2758 1638 2839 Quadratus
1660 2770 1865 2824 auctos
1882 2809 1896 2822 .
1923 2759 2195 2847 oblongi
2225 2761 2629 2847 scripturam
2655 2783 2794 2827 con-

578 2857 799 2921 firmat
835 2856 1097 2922 Nonius
1151 2883 1217 2945 p.
1248 2857 1389 2934 231,
1427 2858 1501 2922 15
1551 2865 1618 2922 et
1662 2856 1804 2932 458,
1836 2857 1910 2922 15
1944 2906 1961 2934 ‚
2014 2858 2174 2923 item
2215 2858 2679 2948 Philargyrius
2720 2859 2795 2925 ad

579 2957 946 3043 georgicon
973 2980 1070 3031 111,
1087 2956 1211 3020 444
1231 3006 1245 3020 .

746 3055 845 3120 63.
887 3078 1094 3119 mnu:
1136 3076 1398 3119 niueo
1431 3103 1445 3118 .
1486 3054 1567 3117 In
1596 3054 1928 3141 quadrato
1958 3057 2174 3142 prima
2199 3077 2438 3123 manus
2466 3058 2630 3125 fecit
2655 3071 2679 3124 t
2702 3079 2797 3124 su·

581 3176 708 3239 pra
737 3152 971 3218 addito
1003 3176 1263 3217 num-:r
1282 3202 1297 3229 ,
1326 3153 1394 3216 in
1425 3152 1721 3239 oblongo
1755 3162 2100 3219 corrector
2121 3205 2134 3217 .

748 3252 847 3315 66.
878 3273 1321 3315 HISCENDIS
1352 3273 1615 3315 NULLA
1647 3273 2093 3317 rores-ras.
2123 3254 2229 3317 Ita
2258 3251 2666 3338 quadratus:
2694 3254 2801 3318 ob-

581 3350 824 3434 longus
854 3370 938 3412 111
956 3370 989 3411 s
1006 3372 1249 3414 onum
1268 3372 1357 3413 sr
1374 3396 1390 3424 ‚
1422 3347 1547 3413 sed
1573 3361 1627 3413 sc
1651 3350 1721 3413 in
1748 3350 1949 3414 litura
1978 3372 2021 3414 a
2048 3359 2435 3416 correctore
2452 3401 2469 3429 ‚
2502 3354 2617 3439 qui
2642 3351 2807 3417 idem

582 3446 790 3511 erasit
828 3446 869 3510 Ιι
898 3494 911 3508 .
956 3446 1130 3511 infra
1163 3448 1280 3513 103
1321 3448 1644 3513 hiscendist
1682 3455 1968 3534 uterque
1998 3496 2013 3524 ‚
2056 3449 2097 3513 Ιι
2136 3470 2331 3514 eraso
2363 3470 2406 3513 a
2435 3459 2809 3516 correctore

582 3543 857 3630 oblongi
875 3594 888 3607 .

750 3642 848 3707 68.
894 3665 1199 3707 ossnrnn
1242 3666 1510 3708 nonunt
1544 3692 1559 3706 .
1602 3643 1930 3708 Marullus
1970 3667 2243 3709 nonum
2275 3694 2289 3708 .
2332 3645 2618 3710 alterum
2651 3642 2811 3711 tueri

583 3740 976 3829 desipientis
1007 3750 1113 3806 est
1130 3792 1144 3806 .
1167 3744 1236 3805 in
1265 3743 1588 3828 proximis
1619 3742 1952 3828 oblongus
1982 3743 2299 3831 asor-ma,
2325 3744 2483 3809 olim
2513 3741 2811 3832 impressi

582 3852 641 3905 et
656 3840 912 3929 formae
938 3888 957 3921 ‚
997 3839 1270 3905 Isaacus
1308 3839 1598 3905 Vossius
1640 3852 1698 3905 et
1720 3841 1968 3929 formai
1995 3867 2017 3905 .·
2051 3843 2122 3906 in
2153 3840 2490 3927 quadrato
2532 3851 2689 3929 post
2726 3851 2809 3918 et,

584 3945 742 4002 ante
753 3938 977 4025 forma
989 3986 1008 4018 ,
1040 3960 1247 4026 supra
1276 3938 1693 4025 adscriptum
1733 3947 1839 4005 est
1867 3961 2006 4004 cum
2020 3988 2040 4019 ,
2071 3948 2141 4005 et
2168 3939 2443 4027 quidem
2471 3941 2582 4005 vel
2608 3941 2809 4028 prima

581 4035 693 4100 vel
721 4035 1184 4121 antiquissima
1211 4058 1410 4100 manu
1427 4086 1442 4101 .

752 4135 849 4199 70.
883 4157 1198 4211 QUANTO
1240 4158 1489 4202 umus
1531 4158 2020 4201 mnurnmm
2050 4136 2318 4201 PAucA
2360 4158 2680 4213 queunt
2722 4154 2806 4196 m·

584 4255 790 4298 suni·
834 4254 1078 4297 PnlnA
1118 4256 1432 4299 rnonrss
1473 4256 1795 4299 LocA‘rA
1825 4283 1839 4297 .
1874 4235 1980 4299 Ita
2009 4234 2342 4321 oblongus
2372 4243 2443 4300 et
2472 4234 2805 4299 Veronen-

584 4331 679 4394 sis
710 4328 967 4395 editio-2
1006 4329 1372 4397 Brixiensis
1389 4333 1606 4418 prima
1631 4335 1730 4413 in,
1759 4333 2096 4398 Antonius
2116 4334 2329 4419 prima
2353 4334 2465 4397 sub
2482 4382 2497 4396 .
2531 4329 2803 4418 quadra-

588 4435 694 4492 tus
737 4427 944 4493 habet
984 4432 1050 4494 in
1079 4438 1235 4496 ante
1254 4433 1470 4518 prima
1500 4429 1802 4496 additum
1832 4430 2291 4517 antiquissima
2307 4480 2324 4507 ‚
2354 4432 2411 4496 si
2438 4451 2576 4496 non
2602 4428 2799 4517 prima
