3042 5192
580 464 669 531 36
1669 463 1699 531 Ι

574 658 725 701 nam
759 636 1060 724 dispulsa
1090 658 1210 700 suo
1245 636 1329 700 de
1359 645 1559 701 coetu
1587 611 1888 701 materiai

575 753 770 838 copia
798 751 1086 816 ferretur
1116 773 1425 837 magnum
1455 773 1577 838 per
1608 753 1802 816 inane
1831 751 2052 815 soluta
2071 800 2088 819 .

573 868 711 931 sive
743 867 913 931 adeo
944 868 1168 955 potius
1196 888 1554 952 numquam
1585 872 1903 931 concreta
1933 876 2229 930 creasset

378 997 507 1044 1020
568 983 767 1045 ullam
796 1004 934 1046 rem
952 1032 967 1057 ‚
993 983 1303 1068 quoniam
1335 983 1485 1067 cogi
1515 981 1796 1045 disiecta
1823 981 2166 1067 nequisset
2185 1031 2199 1043 .

573 1118 726 1161 nam
756 1106 936 1161 certe
964 1118 1185 1183 neque
1215 1098 1489 1161 consilio
1522 1096 1886 1183 primordia
1902 1100 2132 1161 'rerum

573 1212 807 1277 ordine
837 1234 911 1276 se
941 1235 1081 1277 suo,
1098 1233 1405 1297 quaeque
1434 1212 1658 1299 sagaci
1687 1220 1908 1277 mente
1935 1212 2244 1276 locarunt

570 1348 697 1390 nec
728 1350 900 1412 quos
931 1348 1238 1412 quaeque
1270 1327 1512 1392 darent
1543 1335 1766 1392 motus
1795 1328 2112 1414 pepigere
2143 1326 2450 1415 profecto
2472 1376 2488 1399 ,

571 1439 695 1505 sed
724 1442 880 1525 quia
907 1442 1115 1505 multa
1142 1440 1362 1505 modis
1390 1442 1616 1505 multis
1644 1449 1902 1505 mutata
1929 1464 2053 1527 per
2082 1463 2276 1506 omne

378 1573 504 1618 1025
571 1577 652 1619 ex
681 1556 935 1619 infinito
965 1565 1298 1620 vexantur
1327 1557 1586 1642 percita
1615 1555 1827 1643 plagis
1848 1605 1862 1630 ‚

570 1692 765 1733 omne
794 1691 1007 1756 genus
1036 1679 1260 1735 motus
1292 1677 1361 1732 et
1390 1669 2072 1757 coetus'experiundo

566 1784 837 1849 tandem
869 1784 1230 1849 deveniunt
1255 1785 1325 1848 in
1351 1784 1504 1848 talis
1537 1783 1984 1871 disposituras
2004 1834 2018 1854 .

569 1901 875 1987 qualibus
903 1901 1073 1964 haec
1101 1921 1323 1963 rerum
1354 1900 1661 1964 consistit
1691 1921 1943 1964 summa
1973 1908 2198 1965 creata
2217 1950 2232 1966 .

567 2024 635 2080 et
662 2015 910 2079 multos
940 2014 1132 2079 etiam
1162 2035 1441 2100 magnos
1470 2022 1739 2078 servata
1766 2036 1890 2102 per
1919 2037 2134 2080 annos

374 2147 501 2194 1030
562 2141 641 2195 ut
669 2131 874 2195 semel
900 2133 968 2194 in
996 2139 1218 2195 motus
1249 2131 1620 2195 coniectast
1649 2131 2104 2195 convenientis
2123 2180 2139 2205 ‚

567 2245 768 2311 efficit
795 2254 872 2310 ut
899 2246 1101 2331 largis
1131 2244 1400 2309 avidum
1427 2266 1608 2309 mare
1637 2244 1921 2308 fluminis
1951 2243 2147 2308 undis

563 2362 899 2447 integrent
928 2369 1253 2424 amneset
1283 2360 1443 2424 solis
1472 2368 1656 2425 terra
1683 2380 1938 2446 vapore

563 2475 709 2539 fota
735 2482 944 2539 novet
972 2474 1150 2538 fetus
1181 2474 1665 2558 summissaque
1696 2494 1862 2557 gens
1892 2474 2295 2536 animantum

561 2590 801 2653 floreat
832 2597 901 2652 et
924 2589 1155 2653 vivant
1181 2588 1485 2651 labentes
1516 2586 1808 2650 aetheris
1836 2587 2062 2671 ignes3

370 2721 495 2767 1035
563 2703 747 2790 quod
774 2703 957 2767 nullo
987 2702 1286 2766 facerent
1314 2709 1515 2788 pacto
1536 2750 1550 2774 ‚
1574 2700 1700 2764 nisi
1726 2700 2023 2764 materiai

561 2841 645 2883 ex
673 2818 931 2882 infinito
963 2818 1251 2883 suboriri
1281 2816 1478 2903 copia
1504 2824 1742 2902 posset
1759 2865 1773 2891 ‚

558 2933 741 2999 unde
771 2935 1012 2998 amissa
1043 2933 1265 2997 solent
1290 2952 1608 3018 reparare
1635 2931 1706 2994 in
1737 2938 2037 3015 tempore
2069 2950 2374 3013 quaeque
2401 2977 2416 2990 .

557 3070 709 3114 nam
741 3050 850 3115 vel
877 3050 975 3114 uti
1004 3049 1275 3137 privata
1302 3047 1453 3111 cibo
1482 3054 1726 3110 natura
1755 3045 2156 3109 animantum

558 3164 799 3229 diffluit
827 3166 1138 3229 amittens
1169 3185 1418 3250 corpus
1438 3211 1453 3236 ‚
1477 3161 1574 3224 sic
1604 3160 1829 3223 omnia
1860 3157 2109 3223 debent

370 3294 496 3340 1040
560 3277 836 3343 dissolui
866 3279 1060 3342 simul
1087 3299 1167 3341 ac
1198 3276 1443 3340 defecit
1472 3272 1907 3360 suppeditare

547 3393 857 3456 materies
888 3393 1109 3476 aliqua
1137 3391 1395 3453 ratione
1423 3378 1665 3451 aversa
1691 3387 1936 3469 viaque
1957 3437 1970 3451 .

559 3527 684 3569 nec
715 3506 951 3592 plagae
982 3512 1271 3592 possunt
1300 3501 1715 3565 extrinsecus
1745 3497 2041 3584 undique
2074 3522 2390 3563 summam

556 3639 958 3683 conservare
989 3637 1249 3681 omnem
1268 3666 1283 3691 ‚
1309 3636 1480 3702 quae
1511 3634 1793 3699 cumque
1825 3624 1931 3678 est
1960 3616 2308 3679 conciliata
2328 3666 2341 3678 .

555 3734 800 3799 cudere
833 3733 1004 3797 enim
1036 3732 1273 3795 crebro
1303 3737 1594 3818 possunt
1621 3737 2014 3815 partemque
2043 3732 2326 3799 morari.

358 3865 486 3910 1045
551 3848 710 3913 dum
740 3849 1011 3913 veniant
1041 3847 1207 3911 aliae
1236 3868 1315 3910 ac
1345 3845 1642 3933 suppleri
1671 3866 1926 3908 summa
1954 3854 2273 3930 queatur:

550 3965 726 4029 inter
758 3964 913 4028 dum
945 3963 1198 4027 resilire
1227 3969 1450 4027 tamen
1480 3969 1812 4046 coguntur
1842 3969 1912 4025 et
1938 3982 2072 4024 una-

558 4274 684 4321 1017
725 4278 933 4319 coctum
973 4267 992 4335 ΙΙ
1046 4275 1174 4321 1019
1217 4277 1457 4323 oreasset
1506 4270 1527 4339 ΙΙ
1579 4275 1705 4321 1023
1746 4285 1982 4338 quaeque
2017 4270 2197 4339 sagaci
2237 4276 2415 4321 mente
2453 4268 2725 4322 locarunt.
2764 4271 2784 4337 Η

557 4356 689 4405 1028
724 4351 887 4404 rebus
937 4350 957 4419 ΙΙ
1010 4357 1137 4404 1033
1176 4371 1481 4425 summaque
1532 4354 1731 4421 ll<1034
1775 4352 2020 4406 Floreant
2063 4354 2082 4421 ΙΙ
2125 4360 2251 4406 1037
2302 4355 2546 4407 ammissa
2585 4356 2604 4423 ΙΙ
2648 4361 2782 4407 1040

552 4434 813 4489 Dissoluit
851 4432 870 4499 ΙΙ
915 4441 1040 4486 1041
1084 4435 1194 4487 via.
