<?xml version="1.0" encoding="UTF-8"?>
<!DOCTYPE html PUBLIC "-//W3C//DTD XHTML 1.0 Transitional//EN"
    "http://www.w3.org/TR/xhtml1/DTD/xhtml1-transitional.dtd">
<html xmlns="http://www.w3.org/1999/xhtml" xml:lang="en" lang="en">
 <head>
  <title>
</title>
<meta http-equiv="Content-Type" content="text/html;charset=utf-8" />
  <meta name='ocr-system' content='tesseract 3.04.00' />
  <meta name='ocr-capabilities' content='ocr_page ocr_carea ocr_par ocr_line ocrx_word'/>
</head>
<body>
  <div class='ocr_page' id='page_1' title='image "./tlucreticarider04unkngoog_0473.png"; bbox 0 0 3042 5192; ppageno 0'>
   <div class='ocr_carea' id='block_1_1' title="bbox 1263 436 2416 557">
    <p class='ocr_par' dir='ltr' id='par_1_1' title="bbox 1263 436 2416 557">
     <span class='ocr_line' id='line_1_1' title="bbox 1263 436 2416 557; baseline 0.003 -4"><span class='ocrx_word' id='word_1_1' title='bbox 1263 483 1358 553; x_wconf 89' lang='lat'>111</span> <span class='ocrx_word' id='word_1_2' title='bbox 2238 436 2416 557; x_wconf 50' lang='lat'>&#39;191</span> 
     </span>
    </p>
   </div>
   <div class='ocr_carea' id='block_1_2' title="bbox 153 656 2427 3000">
    <p class='ocr_par' dir='ltr' id='par_1_2' title="bbox 169 656 2427 1330">
     <span class='ocr_line' id='line_1_2' title="bbox 190 656 2424 746; baseline 0.001 -21"><span class='ocrx_word' id='word_1_3' title='bbox 190 661 443 746; x_wconf 52' lang='lat' dir='ltr'>ewen-92⁸</span> <span class='ocrx_word' id='word_1_4' title='bbox 455 707 477 738; x_wconf 91' lang='lat'><strong><em>,</em></strong></span> <span class='ocrx_word' id='word_1_5' title='bbox 507 665 579 723; x_wconf 89' lang='lat' dir='ltr'>et</span> <span class='ocrx_word' id='word_1_6' title='bbox 605 656 1012 744; x_wconf 78' lang='lat' dir='ltr'>domefactam</span> <span class='ocrx_word' id='word_1_7' title='bbox 1038 658 1309 722; x_wconf 75' lang='lat' dir='ltr'>tellurem</span> <span class='ocrx_word' id='word_1_8' title='bbox 1340 657 1524 745; x_wconf 84' lang='lat' dir='ltr'>apud</span> <span class='ocrx_word' id='word_1_9' title='bbox 1553 658 1943 723; x_wconf 87' lang='lat' dir='ltr'>Petronium</span> <span class='ocrx_word' id='word_1_10' title='bbox 1971 657 2054 724; x_wconf 84' lang='lat'>99</span> <span class='ocrx_word' id='word_1_11' title='bbox 2083 681 2124 724; x_wconf 85' lang='lat' dir='ltr'>a</span> <span class='ocrx_word' id='word_1_12' title='bbox 2151 661 2393 727; x_wconf 77' lang='lat' dir='ltr'>domari</span> <span class='ocrx_word' id='word_1_13' title='bbox 2406 711 2424 743; x_wconf 89' lang='lat'><em>‚</em></span> 
     </span>
     <span class='ocr_line' id='line_1_3' title="bbox 186 755 2427 843; baseline 0.002 -21"><span class='ocrx_word' id='word_1_14' title='bbox 186 767 262 822; x_wconf 91' lang='lat' dir='ltr'>ut</span> <span class='ocrx_word' id='word_1_15' title='bbox 277 768 567 843; x_wconf 72' lang='lat' dir='ltr'>perterre</span> <span class='ocrx_word' id='word_1_16' title='bbox 588 755 813 842; x_wconf 81' lang='lat' dir='ltr'>facere</span> <span class='ocrx_word' id='word_1_17' title='bbox 842 776 884 818; x_wconf 86' lang='lat' dir='ltr'>a</span> <span class='ocrx_word' id='word_1_18' title='bbox 911 757 1129 819; x_wconf 69' lang='lat' dir='ltr'>terrcm‘</span> <span class='ocrx_word' id='word_1_19' title='bbox 1159 803 1175 830; x_wconf 88' lang='lat'>‚</span> <span class='ocrx_word' id='word_1_20' title='bbox 1222 757 1481 820; x_wconf 77' lang='lat' dir='ltr'><strong><em>condoce</em></strong></span> <span class='ocrx_word' id='word_1_21' title='bbox 1504 756 1731 843; x_wconf 83' lang='lat' dir='ltr'>facere</span> <span class='ocrx_word' id='word_1_22' title='bbox 1759 778 1800 820; x_wconf 88' lang='lat' dir='ltr'>a</span> <span class='ocrx_word' id='word_1_23' title='bbox 1828 757 2032 821; x_wconf 75' lang='lat' dir='ltr'>doceri</span> <span class='ocrx_word' id='word_1_24' title='bbox 2058 807 2077 839; x_wconf 85' lang='lat'><strong><em>,</em></strong></span> <span class='ocrx_word' id='word_1_25' title='bbox 2123 783 2427 826; x_wconf 73' lang='lat' dir='ltr'>commone</span> 
     </span>
     <span class='ocr_line' id='line_1_4' title="bbox 169 851 2426 965; baseline 0.003 -46"><span class='ocrx_word' id='word_1_26' title='bbox 169 856 392 965; x_wconf 79' lang='lat' dir='ltr'>facere</span> <span class='ocrx_word' id='word_1_27' title='bbox 420 875 463 917; x_wconf 87' lang='lat' dir='ltr'>a</span> <span class='ocrx_word' id='word_1_28' title='bbox 489 853 758 931; x_wconf 78' lang='lat' dir='ltr'>moneri,</span> <span class='ocrx_word' id='word_1_29' title='bbox 782 851 1161 939; x_wconf 68' lang='lat' dir='ltr'>allicqfaetus</span> <span class='ocrx_word' id='word_1_30' title='bbox 1190 854 1274 917; x_wconf 91' lang='lat' dir='ltr'>ab</span> <span class='ocrx_word' id='word_1_31' title='bbox 1304 855 1543 917; x_wconf 79' lang='lat' dir='ltr'>alliceri</span> <span class='ocrx_word' id='word_1_32' title='bbox 1572 855 1712 917; x_wconf 84' lang='lat' dir='ltr'>sive</span> <span class='ocrx_word' id='word_1_33' title='bbox 1743 855 1945 936; x_wconf 76' lang='lat' dir='ltr'>allici,</span> <span class='ocrx_word' id='word_1_34' title='bbox 1966 854 2040 918; x_wconf 91' lang='lat' dir='ltr'>id</span> <span class='ocrx_word' id='word_1_35' title='bbox 2070 865 2176 922; x_wconf 90' lang='lat' dir='ltr'>est</span> <span class='ocrx_word' id='word_1_36' title='bbox 2202 881 2245 923; x_wconf 87' lang='grc'>3</span> <span class='ocrx_word' id='word_1_37' title='bbox 2270 880 2426 945; x_wconf 83' lang='lat' dir='ltr'>pas-</span> 
     </span>
     <span class='ocr_line' id='line_1_5' title="bbox 185 949 2426 1038; baseline 0.002 -22"><span class='ocrx_word' id='word_1_38' title='bbox 185 952 396 1026; x_wconf 82' lang='lat' dir='ltr'>sivis,</span> <span class='ocrx_word' id='word_1_39' title='bbox 438 972 582 1014; x_wconf 91' lang='lat' dir='ltr'>non</span> <span class='ocrx_word' id='word_1_40' title='bbox 623 971 664 1013; x_wconf 87' lang='lat' dir='ltr'>a</span> <span class='ocrx_word' id='word_1_41' title='bbox 701 949 1006 1014; x_wconf 79' lang='lat' dir='ltr'><strong>neutris.</strong></span> <span class='ocrx_word' id='word_1_42' title='bbox 1053 949 1178 1014; x_wconf 90' lang='lat' dir='ltr'>sed</span> <span class='ocrx_word' id='word_1_43' title='bbox 1202 952 1363 1015; x_wconf 78' lang='lat' dir='ltr'>valle</span> <span class='ocrx_word' id='word_1_44' title='bbox 1385 950 1523 1037; x_wconf 79' lang='lat' dir='ltr'>feei</span> <span class='ocrx_word' id='word_1_45' title='bbox 1551 950 1880 1016; x_wconf 81' lang='lat' dir='ltr'>Varronis</span> <span class='ocrx_word' id='word_1_46' title='bbox 1924 952 2108 1038; x_wconf 84' lang='lat' dir='ltr'>apud</span> <span class='ocrx_word' id='word_1_47' title='bbox 2135 955 2426 1022; x_wconf 88' lang='lat' dir='ltr'>Nonium</span> 
     </span>
     <span class='ocr_line' id='line_1_6' title="bbox 183 1046 2424 1135; baseline 0.003 -22"><span class='ocrx_word' id='word_1_48' title='bbox 183 1072 247 1135; x_wconf 91' lang='lat' dir='ltr'>p.</span> <span class='ocrx_word' id='word_1_49' title='bbox 261 1050 409 1125; x_wconf 87' lang='lat'>217,</span> <span class='ocrx_word' id='word_1_50' title='bbox 424 1047 511 1111; x_wconf 87' lang='grc'>24</span> <span class='ocrx_word' id='word_1_51' title='bbox 535 1048 748 1133; x_wconf 84' lang='lat' dir='ltr'>magis</span> <span class='ocrx_word' id='word_1_52' title='bbox 779 1046 1094 1110; x_wconf 84' lang='lat' dir='ltr'>convenit</span> <span class='ocrx_word' id='word_1_53' title='bbox 1140 1069 1289 1110; x_wconf 89' lang='lat' dir='ltr'>cum</span> <span class='ocrx_word' id='word_1_54' title='bbox 1325 1049 1618 1129; x_wconf 67' lang='lat' dir='ltr'>valle-seit,</span> <span class='ocrx_word' id='word_1_55' title='bbox 1648 1051 1915 1135; x_wconf 73' lang='lat' dir='ltr'>perierit</span> <span class='ocrx_word' id='word_1_56' title='bbox 1955 1052 2142 1135; x_wconf 87' lang='lat' dir='ltr'>(nam</span> <span class='ocrx_word' id='word_1_57' title='bbox 2182 1054 2424 1119; x_wconf 88' lang='lat' dir='ltr'>vitiose</span> 
     </span>
     <span class='ocr_line' id='line_1_7' title="bbox 183 1132 2425 1237; baseline 0.002 -26"><span class='ocrx_word' id='word_1_58' title='bbox 183 1145 366 1235; x_wconf 89' lang='lat' dir='ltr'>apud</span> <span class='ocrx_word' id='word_1_59' title='bbox 397 1146 685 1210; x_wconf 87' lang='lat' dir='ltr'>Paulum</span> <span class='ocrx_word' id='word_1_60' title='bbox 715 1132 1069 1208; x_wconf 83' lang='lat' dir='ltr'>diaconum</span> <span class='ocrx_word' id='word_1_61' title='bbox 1097 1168 1163 1232; x_wconf 92' lang='lat' dir='ltr'>p.</span> <span class='ocrx_word' id='word_1_62' title='bbox 1186 1145 1298 1208; x_wconf 84' lang='lat'>161</span> <span class='ocrx_word' id='word_1_63' title='bbox 1332 1146 1655 1231; x_wconf 88' lang='lat' dir='ltr'>scriptum</span> <span class='ocrx_word' id='word_1_64' title='bbox 1699 1154 1805 1211; x_wconf 89' lang='lat' dir='ltr'>est</span> <span class='ocrx_word' id='word_1_65' title='bbox 1842 1150 2183 1233; x_wconf 63' lang='lat' dir='ltr'>vanescit),</span> <span class='ocrx_word' id='word_1_66' title='bbox 2226 1173 2425 1237; x_wconf 88' lang='lat' dir='ltr'>quam</span> 
     </span>
     <span class='ocr_line' id='line_1_8' title="bbox 184 1241 2421 1330; baseline 0.002 -20"><span class='ocrx_word' id='word_1_67' title='bbox 184 1268 330 1310; x_wconf 90' lang='lat' dir='ltr'>cum</span> <span class='ocrx_word' id='word_1_68' title='bbox 363 1245 674 1323; x_wconf 75' lang='lat' dir='ltr'>evallaro,</span> <span class='ocrx_word' id='word_1_69' title='bbox 704 1241 893 1327; x_wconf 88' lang='lat' dir='ltr'>quod</span> <span class='ocrx_word' id='word_1_70' title='bbox 919 1241 1180 1306; x_wconf 86' lang='lat' dir='ltr'>Nonius</span> <span class='ocrx_word' id='word_1_71' title='bbox 1209 1244 1467 1308; x_wconf 88' lang='lat' dir='ltr'>rettulit</span> <span class='ocrx_word' id='word_1_72' title='bbox 1494 1266 1559 1330; x_wconf 93' lang='lat' dir='ltr'>p.</span> <span class='ocrx_word' id='word_1_73' title='bbox 1580 1244 1716 1321; x_wconf 84' lang='lat'>102,</span> <span class='ocrx_word' id='word_1_74' title='bbox 1733 1246 1800 1309; x_wconf 93' lang='lat' dir='ltr'>l.</span> <span class='ocrx_word' id='word_1_75' title='bbox 1833 1253 1900 1310; x_wconf 90' lang='lat' dir='ltr'>et</span> <span class='ocrx_word' id='word_1_76' title='bbox 1929 1245 2202 1312; x_wconf 83' lang='lat' dir='ltr'>diversa</span> <span class='ocrx_word' id='word_1_77' title='bbox 2231 1270 2421 1313; x_wconf 89' lang='lat' dir='ltr'>secu·</span> 
     </span>
    </p>

    <p class='ocr_par' dir='ltr' id='par_1_3' title="bbox 178 1339 2424 1821">
     <span class='ocr_line' id='line_1_9' title="bbox 180 1339 2422 1429; baseline 0.002 -21"><span class='ocrx_word' id='word_1_78' title='bbox 180 1352 290 1408; x_wconf 87' lang='lat' dir='ltr'>tus</span> <span class='ocrx_word' id='word_1_79' title='bbox 321 1350 433 1406; x_wconf 89' lang='lat' dir='ltr'>est</span> <span class='ocrx_word' id='word_1_80' title='bbox 463 1340 688 1406; x_wconf 87' lang='lat' dir='ltr'>Varro</span> <span class='ocrx_word' id='word_1_81' title='bbox 718 1390 733 1417; x_wconf 92' lang='lat'>‚</span> <span class='ocrx_word' id='word_1_82' title='bbox 774 1362 929 1404; x_wconf 92' lang='lat' dir='ltr'>cum</span> <span class='ocrx_word' id='word_1_83' title='bbox 959 1339 1128 1404; x_wconf 81' lang='lat' dir='ltr'><strong>dixit</strong></span> <span class='ocrx_word' id='word_1_84' title='bbox 1151 1340 1335 1427; x_wconf 75' lang='lat' dir='ltr'>serve</span> <span class='ocrx_word' id='word_1_85' title='bbox 1357 1341 1562 1429; x_wconf 79' lang='lat' dir='ltr'>facito</span> <span class='ocrx_word' id='word_1_86' title='bbox 1593 1350 1662 1406; x_wconf 89' lang='lat' dir='ltr'>et</span> <span class='ocrx_word' id='word_1_87' title='bbox 1690 1345 1959 1407; x_wconf 81' lang='lat' dir='ltr'>tamen</span> <span class='ocrx_word' id='word_1_88' title='bbox 1939 1366 2010 1409; x_wconf 87' lang='lat' dir='ltr'>m</span> <span class='ocrx_word' id='word_1_89' title='bbox 2037 1367 2241 1410; x_wconf 87' lang='lat' dir='ltr'>versu</span> <span class='ocrx_word' id='word_1_90' title='bbox 2269 1348 2422 1413; x_wconf 65' lang='lat' dir='ltr'>Iter-</span> 
     </span>
     <span class='ocr_line' id='line_1_10' title="bbox 179 1440 2421 1530; baseline 0.002 -24"><span class='ocrx_word' id='word_1_91' title='bbox 179 1465 315 1506; x_wconf 81' lang='lat' dir='ltr'>vere</span> <span class='ocrx_word' id='word_1_92' title='bbox 347 1441 588 1527; x_wconf 68' lang='lat' dir='ltr'>piratis</span> <span class='ocrx_word' id='word_1_93' title='bbox 623 1440 973 1525; x_wconf 73' lang='lat' dir='ltr'>vastarique</span> <span class='ocrx_word' id='word_1_94' title='bbox 1010 1440 1218 1502; x_wconf 74' lang='lat' dir='ltr'>omnia</span> <span class='ocrx_word' id='word_1_95' title='bbox 1257 1441 1488 1504; x_wconf 79' lang='lat' dir='ltr'>circum</span> <span class='ocrx_word' id='word_1_96' title='bbox 1516 1490 1531 1503; x_wconf 93' lang='lat'><strong>.</strong></span> <span class='ocrx_word' id='word_1_97' title='bbox 1575 1462 1781 1526; x_wconf 92' lang='lat' dir='ltr'>porro</span> <span class='ocrx_word' id='word_1_98' title='bbox 1823 1441 1912 1506; x_wconf 85' lang='lat' dir='ltr'>ad</span> <span class='ocrx_word' id='word_1_99' title='bbox 1955 1444 2421 1530; x_wconf 83' lang='lat' dir='ltr'>explicandum</span> 
     </span>
     <span class='ocr_line' id='line_1_11' title="bbox 178 1536 2420 1628; baseline 0.002 -24"><span class='ocrx_word' id='word_1_100' title='bbox 178 1540 422 1628; x_wconf 76' lang='lat' dir='ltr'>vaeefit</span> <span class='ocrx_word' id='word_1_101' title='bbox 448 1536 643 1622; x_wconf 89' lang='lat' dir='ltr'>quod</span> <span class='ocrx_word' id='word_1_102' title='bbox 669 1536 1053 1622; x_wconf 84' lang='lat' dir='ltr'>Wagnerus</span> <span class='ocrx_word' id='word_1_103' title='bbox 1081 1537 1151 1599; x_wconf 92' lang='lat' dir='ltr'>in</span> <span class='ocrx_word' id='word_1_104' title='bbox 1194 1543 1378 1602; x_wconf 85' lang='lat' dir='ltr'>tomo</span> <span class='ocrx_word' id='word_1_105' title='bbox 1406 1561 1450 1601; x_wconf 83' lang='lat' dir='ltr'>v</span> <span class='ocrx_word' id='word_1_106' title='bbox 1479 1537 1757 1623; x_wconf 80' lang='lat' dir='ltr'>Vergilii</span> <span class='ocrx_word' id='word_1_107' title='bbox 1785 1562 1850 1625; x_wconf 93' lang='lat' dir='ltr'>p.</span> <span class='ocrx_word' id='word_1_108' title='bbox 1868 1562 2007 1604; x_wconf 80' lang='lat' dir='ltr'>xxv</span> <span class='ocrx_word' id='word_1_109' title='bbox 2037 1563 2122 1606; x_wconf 81' lang='lat' dir='ltr'>ex</span> <span class='ocrx_word' id='word_1_110' title='bbox 2147 1542 2420 1608; x_wconf 84' lang='lat' dir='ltr'>Vatica-</span> 
     </span>
     <span class='ocr_line' id='line_1_12' title="bbox 178 1634 2424 1719; baseline 0.004 -19"><span class='ocrx_word' id='word_1_111' title='bbox 178 1638 282 1701; x_wconf 88' lang='lat' dir='ltr'>nis</span> <span class='ocrx_word' id='word_1_112' title='bbox 324 1634 604 1701; x_wconf 89' lang='lat' dir='ltr'>schedis</span> <span class='ocrx_word' id='word_1_113' title='bbox 646 1643 986 1719; x_wconf 86' lang='lat' dir='ltr'>tamquam</span> <span class='ocrx_word' id='word_1_114' title='bbox 1029 1634 1373 1718; x_wconf 85' lang='lat' dir='ltr'>antiquum</span> <span class='ocrx_word' id='word_1_115' title='bbox 1422 1642 1696 1711; x_wconf 87' lang='lat' dir='ltr'>enotat‚</span> <span class='ocrx_word' id='word_1_116' title='bbox 1740 1636 1927 1701; x_wconf 69' lang='lat' dir='ltr'>Hoste</span> <span class='ocrx_word' id='word_1_117' title='bbox 1965 1662 2180 1704; x_wconf 84' lang='lat' dir='ltr'><strong><em>vacere</em></strong></span> <span class='ocrx_word' id='word_1_118' title='bbox 2217 1642 2424 1707; x_wconf 68' lang='lat' dir='ltr'>domos</span> 
     </span>
     <span class='ocr_line' id='line_1_13' title="bbox 178 1730 2418 1821; baseline 0.002 -21"><span class='ocrx_word' id='word_1_119' title='bbox 178 1757 306 1821; x_wconf 91' lang='lat' dir='ltr'>pro</span> <span class='ocrx_word' id='word_1_120' title='bbox 334 1757 608 1809; x_wconf 78' lang='lat' dir='ltr'>vacare,</span> <span class='ocrx_word' id='word_1_121' title='bbox 645 1732 805 1797; x_wconf 89' lang='grc'>1111111</span> <span class='ocrx_word' id='word_1_122' title='bbox 843 1730 977 1795; x_wconf 91' lang='lat' dir='ltr'>fide</span> <span class='ocrx_word' id='word_1_123' title='bbox 1011 1754 1150 1795; x_wconf 89' lang='lat' dir='ltr'>non</span> <span class='ocrx_word' id='word_1_124' title='bbox 1181 1731 1444 1817; x_wconf 85' lang='lat' dir='ltr'>dignius</span> <span class='ocrx_word' id='word_1_125' title='bbox 1473 1732 1745 1798; x_wconf 84' lang='lat' dir='ltr'>videtur</span> <span class='ocrx_word' id='word_1_126' title='bbox 1775 1755 1972 1819; x_wconf 88' lang='grc'>0113111</span> <span class='ocrx_word' id='word_1_127' title='bbox 2003 1760 2141 1801; x_wconf 83' lang='lat' dir='ltr'>cum</span> <span class='ocrx_word' id='word_1_128' title='bbox 2168 1763 2418 1805; x_wconf 75' lang='lat' dir='ltr'>evacue-</span> 
     </span>
    </p>

    <p class='ocr_par' dir='ltr' id='par_1_4' title="bbox 153 1829 2421 3000">
     <span class='ocr_line' id='line_1_14' title="bbox 177 1829 2421 1941; baseline 0.002 -44"><span class='ocrx_word' id='word_1_129' title='bbox 177 1836 294 1913; x_wconf 78' lang='lat' dir='ltr'>rit,</span> <span class='ocrx_word' id='word_1_130' title='bbox 324 1829 519 1917; x_wconf 91' lang='lat' dir='ltr'>quod</span> <span class='ocrx_word' id='word_1_131' title='bbox 545 1851 676 1916; x_wconf 91' lang='lat' dir='ltr'>pro</span> <span class='ocrx_word' id='word_1_132' title='bbox 705 1831 1086 1895; x_wconf 72' lang='lat' dir='ltr'><strong><em>evacuaverit</em></strong></span> <span class='ocrx_word' id='word_1_133' title='bbox 1126 1830 1448 1941; x_wconf 87' lang='lat' dir='ltr'>scriptum</span> <span class='ocrx_word' id='word_1_134' title='bbox 1489 1831 1666 1917; x_wconf 84' lang='lat' dir='ltr'>legi</span> <span class='ocrx_word' id='word_1_135' title='bbox 1649 1853 1719 1895; x_wconf 86' lang='lat'>111</span> <span class='ocrx_word' id='word_1_136' title='bbox 1749 1832 2036 1917; x_wconf 74' lang='lat' dir='ltr'>epistula</span> <span class='ocrx_word' id='word_1_137' title='bbox 2077 1837 2304 1921; x_wconf 89' lang='lat' dir='ltr'>priore</span> <span class='ocrx_word' id='word_1_138' title='bbox 2332 1838 2421 1903; x_wconf 88' lang='lat' dir='ltr'>ad</span> 
     </span>
     <span class='ocr_line' id='line_1_15' title="bbox 179 1926 2418 2018; baseline 0.003 -23"><span class='ocrx_word' id='word_1_139' title='bbox 179 1929 578 1995; x_wconf 85' lang='lat' dir='ltr'>Corinthios</span> <span class='ocrx_word' id='word_1_140' title='bbox 617 1951 730 2004; x_wconf 82' lang='lat' dir='ltr'>xv,</span> <span class='ocrx_word' id='word_1_141' title='bbox 743 1926 868 1991; x_wconf 87' lang='grc'>24.</span> <span class='ocrx_word' id='word_1_142' title='bbox 924 1926 1049 1990; x_wconf 89' lang='lat' dir='ltr'>sed</span> <span class='ocrx_word' id='word_1_143' title='bbox 1089 1928 1404 2012; x_wconf 88' lang='lat' dir='ltr'>quoniam</span> <span class='ocrx_word' id='word_1_144' title='bbox 1456 1928 1617 1993; x_wconf 89' lang='lat' dir='ltr'>mihi</span> <span class='ocrx_word' id='word_1_145' title='bbox 1655 1928 1746 1993; x_wconf 87' lang='lat' dir='ltr'>ad</span> <span class='ocrx_word' id='word_1_146' title='bbox 1788 1929 1913 1995; x_wconf 87' lang='lat' dir='ltr'>has</span> <span class='ocrx_word' id='word_1_147' title='bbox 1955 1937 2418 2018; x_wconf 84' lang='lat' dir='ltr'>grammaticas</span> 
     </span>
     <span class='ocr_line' id='line_1_16' title="bbox 179 2024 2419 2115; baseline 0.002 -22"><span class='ocrx_word' id='word_1_148' title='bbox 179 2028 620 2115; x_wconf 81' lang='lat' dir='ltr'>quaestiones</span> <span class='ocrx_word' id='word_1_149' title='bbox 664 2024 1155 2090; x_wconf 80' lang='lat' dir='ltr'>excurrendum</span> <span class='ocrx_word' id='word_1_150' title='bbox 1191 2024 1363 2101; x_wconf 84' lang='lat' dir='ltr'>fuit,</span> <span class='ocrx_word' id='word_1_151' title='bbox 1403 2048 1543 2090; x_wconf 91' lang='lat' dir='ltr'>non</span> <span class='ocrx_word' id='word_1_152' title='bbox 1583 2027 1814 2091; x_wconf 88' lang='lat' dir='ltr'>inutile</span> <span class='ocrx_word' id='word_1_153' title='bbox 1845 2027 2020 2094; x_wconf 91' lang='lat' dir='ltr'>duco</span> <span class='ocrx_word' id='word_1_154' title='bbox 2053 2030 2139 2095; x_wconf 90' lang='lat' dir='ltr'>de</span> <span class='ocrx_word' id='word_1_155' title='bbox 2178 2032 2419 2097; x_wconf 87' lang='lat' dir='ltr'>horum</span> 
     </span>
     <span class='ocr_line' id='line_1_17' title="bbox 176 2124 2420 2213; baseline 0.001 -20"><span class='ocrx_word' id='word_1_156' title='bbox 176 2128 546 2193; x_wconf 82' lang='lat' dir='ltr'>verborum</span> <span class='ocrx_word' id='word_1_157' title='bbox 590 2133 871 2190; x_wconf 88' lang='lat' dir='ltr'>accentu</span> <span class='ocrx_word' id='word_1_158' title='bbox 922 2124 1218 2189; x_wconf 89' lang='lat' dir='ltr'>indicare</span> <span class='ocrx_word' id='word_1_159' title='bbox 1244 2172 1259 2200; x_wconf 89' lang='lat'>‚</span> <span class='ocrx_word' id='word_1_160' title='bbox 1318 2146 1458 2189; x_wconf 87' lang='grc'>11011</span> <span class='ocrx_word' id='word_1_161' title='bbox 1500 2146 1707 2211; x_wconf 88' lang='lat' dir='ltr'>posse</span> <span class='ocrx_word' id='word_1_162' title='bbox 1754 2146 1833 2188; x_wconf 88' lang='lat' dir='ltr'>ea</span> <span class='ocrx_word' id='word_1_163' title='bbox 1878 2129 2092 2213; x_wconf 82' lang='lat' dir='ltr'>magis</span> <span class='ocrx_word' id='word_1_164' title='bbox 2133 2131 2420 2195; x_wconf 87' lang='lat' dir='ltr'>barbare</span> 
     </span>
     <span class='ocr_line' id='line_1_18' title="bbox 174 2221 2419 2314; baseline 0.002 -25"><span class='ocrx_word' id='word_1_165' title='bbox 174 2223 474 2313; x_wconf 84' lang='lat' dir='ltr'>proferri</span> <span class='ocrx_word' id='word_1_166' title='bbox 496 2243 698 2309; x_wconf 85' lang='lat' dir='ltr'>quam</span> <span class='ocrx_word' id='word_1_167' title='bbox 719 2222 929 2307; x_wconf 81' lang='lat' dir='ltr'>siquis</span> <span class='ocrx_word' id='word_1_168' title='bbox 952 2223 1155 2312; x_wconf 72' lang='lat' dir='ltr'>calefie</span> <span class='ocrx_word' id='word_1_169' title='bbox 1177 2221 1359 2286; x_wconf 87' lang='lat' dir='ltr'>dicat</span> <span class='ocrx_word' id='word_1_170' title='bbox 1381 2230 1497 2286; x_wconf 85' lang='lat' dir='ltr'>aut</span> <span class='ocrx_word' id='word_1_171' title='bbox 1520 2224 1724 2311; x_wconf 66' lang='lat' dir='ltr'>calefie</span> <span class='ocrx_word' id='word_1_172' title='bbox 1747 2230 1863 2288; x_wconf 89' lang='lat' dir='ltr'>aut</span> <span class='ocrx_word' id='word_1_173' title='bbox 1884 2226 2173 2314; x_wconf 62' lang='lat' dir='ltr'>calefacis</span> <span class='ocrx_word' id='word_1_174' title='bbox 2187 2275 2203 2303; x_wconf 88' lang='lat'>‚</span> <span class='ocrx_word' id='word_1_175' title='bbox 2231 2228 2419 2313; x_wconf 90' lang='lat' dir='ltr'>quod</span> 
     </span>
     <span class='ocr_line' id='line_1_19' title="bbox 171 2319 2416 2413; baseline 0.001 -25"><span class='ocrx_word' id='word_1_176' title='bbox 171 2323 402 2388; x_wconf 78' lang='lat' dir='ltr'>nostri</span> <span class='ocrx_word' id='word_1_177' title='bbox 442 2321 746 2386; x_wconf 89' lang='lat' dir='ltr'>homines</span> <span class='ocrx_word' id='word_1_178' title='bbox 783 2321 1079 2407; x_wconf 88' lang='lat' dir='ltr'>regulam</span> <span class='ocrx_word' id='word_1_179' title='bbox 1120 2321 1284 2385; x_wconf 85' lang='lat' dir='ltr'>satis</span> <span class='ocrx_word' id='word_1_180' title='bbox 1329 2319 1685 2407; x_wconf 74' lang='lat' dir='ltr'>ancipitem</span> <span class='ocrx_word' id='word_1_181' title='bbox 1732 2342 1932 2386; x_wconf 88' lang='lat' dir='ltr'>caeco</span> <span class='ocrx_word' id='word_1_182' title='bbox 1973 2323 2226 2410; x_wconf 89' lang='lat' dir='ltr'>impetu</span> <span class='ocrx_word' id='word_1_183' title='bbox 2262 2347 2416 2413; x_wconf 91' lang='lat' dir='ltr'>per-</span> 
     </span>
     <span class='ocr_line' id='line_1_20' title="bbox 174 2417 2415 2506; baseline 0.001 -21"><span class='ocrx_word' id='word_1_184' title='bbox 174 2421 324 2486; x_wconf 89' lang='lat' dir='ltr'>dite</span> <span class='ocrx_word' id='word_1_185' title='bbox 363 2430 728 2506; x_wconf 77' lang='lat' dir='ltr'>sequentes</span> <span class='ocrx_word' id='word_1_186' title='bbox 765 2418 988 2483; x_wconf 87' lang='lat' dir='ltr'>facere</span> <span class='ocrx_word' id='word_1_187' title='bbox 1032 2418 1286 2483; x_wconf 79' lang='lat' dir='ltr'>solent.</span> <span class='ocrx_word' id='word_1_188' title='bbox 1327 2418 1462 2482; x_wconf 91' lang='lat' dir='ltr'>hoc</span> <span class='ocrx_word' id='word_1_189' title='bbox 1502 2417 1706 2483; x_wconf 93' lang='lat' dir='ltr'>modo</span> <span class='ocrx_word' id='word_1_190' title='bbox 1750 2420 1865 2504; x_wconf 88' lang='lat' dir='ltr'>qui</span> <span class='ocrx_word' id='word_1_191' title='bbox 1891 2442 2092 2486; x_wconf 85' lang='lat' dir='ltr'>veros</span> <span class='ocrx_word' id='word_1_192' title='bbox 2121 2425 2415 2488; x_wconf 82' lang='lat' dir='ltr'>vocabu-</span> 
     </span>
     <span class='ocr_line' id='line_1_21' title="bbox 171 2516 2419 2603; baseline 0.001 -18"><span class='ocrx_word' id='word_1_193' title='bbox 171 2521 402 2586; x_wconf 86' lang='lat' dir='ltr'>lorum</span> <span class='ocrx_word' id='word_1_194' title='bbox 458 2539 666 2583; x_wconf 91' lang='lat' dir='ltr'>sonos</span> <span class='ocrx_word' id='word_1_195' title='bbox 716 2524 1115 2603; x_wconf 87' lang='lat' dir='ltr'>pervertunt</span> <span class='ocrx_word' id='word_1_196' title='bbox 1138 2565 1157 2593; x_wconf 88' lang='lat'>‚</span> <span class='ocrx_word' id='word_1_197' title='bbox 1205 2516 1618 2581; x_wconf 89' lang='lat' dir='ltr'>Priscianum</span> <span class='ocrx_word' id='word_1_198' title='bbox 1668 2527 1787 2581; x_wconf 89' lang='lat' dir='ltr'>aut</span> <span class='ocrx_word' id='word_1_199' title='bbox 1831 2526 2264 2586; x_wconf 90' lang='lat' dir='ltr'>contemnunt</span> <span class='ocrx_word' id='word_1_200' title='bbox 2301 2531 2419 2587; x_wconf 88' lang='lat' dir='ltr'>aut</span> 
     </span>
     <span class='ocr_line' id='line_1_22' title="bbox 169 2615 2417 2705; baseline 0.002 -23"><span class='ocrx_word' id='word_1_201' title='bbox 169 2619 500 2705; x_wconf 85' lang='lat' dir='ltr'>ignorant</span> <span class='ocrx_word' id='word_1_202' title='bbox 529 2615 616 2680; x_wconf 93' lang='lat' dir='ltr'>de</span> <span class='ocrx_word' id='word_1_203' title='bbox 640 2616 750 2680; x_wconf 91' lang='lat' dir='ltr'>his</span> <span class='ocrx_word' id='word_1_204' title='bbox 776 2616 1003 2681; x_wconf 87' lang='lat' dir='ltr'>verbis</span> <span class='ocrx_word' id='word_1_205' title='bbox 1034 2615 1294 2680; x_wconf 88' lang='lat' dir='ltr'>curiose</span> <span class='ocrx_word' id='word_1_206' title='bbox 1323 2615 1841 2702; x_wconf 77' lang='lat' dir='ltr'>praecipientem</span> <span class='ocrx_word' id='word_1_207' title='bbox 1877 2639 1942 2703; x_wconf 93' lang='lat' dir='ltr'>p.</span> <span class='ocrx_word' id='word_1_208' title='bbox 1959 2618 2082 2683; x_wconf 83' lang='lat'>803</span> <span class='ocrx_word' id='word_1_209' title='bbox 2101 2666 2116 2682; x_wconf 93' lang='lat'><strong>.</strong></span> <span class='ocrx_word' id='word_1_210' title='bbox 2164 2619 2239 2684; x_wconf 73' lang='lat' dir='ltr'>Si</span> <span class='ocrx_word' id='word_1_211' title='bbox 2275 2645 2417 2687; x_wconf 85' lang='lat' dir='ltr'>vero</span> 
     </span>
     <span class='ocr_line' id='line_1_23' title="bbox 153 2713 2417 2807; baseline 0 -25"><span class='ocrx_word' id='word_1_212' title='bbox 153 2717 347 2805; x_wconf 72' lang='lat' dir='ltr'>facio</span> <span class='ocrx_word' id='word_1_213' title='bbox 373 2715 474 2780; x_wconf 82' lang='lat' dir='ltr'>vel</span> <span class='ocrx_word' id='word_1_214' title='bbox 490 2715 588 2804; x_wconf 82' lang='lat' dir='ltr'>fio</span> <span class='ocrx_word' id='word_1_215' title='bbox 614 2716 867 2800; x_wconf 61' lang='lat' dir='ltr'>intem-ie</span> <span class='ocrx_word' id='word_1_216' title='bbox 891 2714 1304 2794; x_wconf 71' lang='lat' dir='ltr'>manentibus,</span> <span class='ocrx_word' id='word_1_217' title='bbox 1342 2713 1563 2799; x_wconf 88' lang='lat' dir='ltr'>inquit</span> <span class='ocrx_word' id='word_1_218' title='bbox 1578 2762 1594 2789; x_wconf 87' lang='lat'>‚</span> <span class='ocrx_word' id='word_1_219' title='bbox 1638 2716 1816 2779; x_wconf 80' lang='lat' dir='ltr'>aliud</span> <span class='ocrx_word' id='word_1_220' title='bbox 1837 2717 2085 2780; x_wconf 74' lang='lat' dir='ltr'>verbum</span> <span class='ocrx_word' id='word_1_221' title='bbox 2109 2719 2417 2807; x_wconf 56' lang='lat' dir='ltr'>infinitum</span> 
     </span>
     <span class='ocr_line' id='line_1_24' title="bbox 167 2812 2418 2927; baseline 0 -47"><span class='ocrx_word' id='word_1_222' title='bbox 167 2828 319 2881; x_wconf 67' lang='lat' dir='ltr'>mate</span> <span class='ocrx_word' id='word_1_223' title='bbox 355 2839 438 2879; x_wconf 86' lang='lat' dir='ltr'>ea</span> <span class='ocrx_word' id='word_1_224' title='bbox 477 2826 918 2927; x_wconf 68' lang='lat' dir='ltr'>componatur,</span> <span class='ocrx_word' id='word_1_225' title='bbox 967 2838 1092 2879; x_wconf 77' lang='lat' dir='ltr'>non</span> <span class='ocrx_word' id='word_1_226' title='bbox 1133 2814 1327 2885; x_wconf 70' lang='lat' dir='ltr'>solum</span> <span class='ocrx_word' id='word_1_227' title='bbox 1367 2814 1833 2902; x_wconf 69' lang='lat' dir='ltr'>siqmficationes</span> <span class='ocrx_word' id='word_1_228' title='bbox 1876 2825 1932 2878; x_wconf 81' lang='lat' dir='ltr'>et</span> <span class='ocrx_word' id='word_1_229' title='bbox 1971 2812 2418 2900; x_wconf 62' lang='lat' dir='ltr'>cohiuyatimzes</span> 
     </span>
     <span class='ocr_line' id='line_1_25' title="bbox 167 2911 2418 3000; baseline -0.001 -21"><span class='ocrx_word' id='word_1_230' title='bbox 167 2917 453 2999; x_wconf 72' lang='lat' dir='ltr'>mteyras</span> <span class='ocrx_word' id='word_1_231' title='bbox 480 2914 564 2977; x_wconf 68' lang='grc' dir='ltr'>εἰς</span> <span class='ocrx_word' id='word_1_232' title='bbox 587 2935 941 2992; x_wconf 68' lang='lat' dir='ltr'>servamus,</span> <span class='ocrx_word' id='word_1_233' title='bbox 979 2912 1091 2976; x_wconf 73' lang='lat' dir='ltr'>sed</span> <span class='ocrx_word' id='word_1_234' title='bbox 1115 2912 1297 2976; x_wconf 80' lang='lat' dir='ltr'>etiam</span> <span class='ocrx_word' id='word_1_235' title='bbox 1325 2922 1647 2987; x_wconf 67' lang='lat' dir='ltr'>accentu-5,</span> <span class='ocrx_word' id='word_1_236' title='bbox 1691 2922 1760 2975; x_wconf 76' lang='lat' dir='ltr'>ut</span> <span class='ocrx_word' id='word_1_237' title='bbox 1799 2911 2097 2998; x_wconf 73' lang='lat' dir='ltr'>calefacio</span> <span class='ocrx_word' id='word_1_238' title='bbox 2127 2913 2418 3000; x_wconf 71' lang='lat' dir='ltr'>calefiz‘cis</span> 
     </span>
    </p>
   </div>
   <div class='ocr_carea' id='block_1_3' title="bbox 155 3009 2416 3197">
    <p class='ocr_par' dir='ltr' id='par_1_5' title="bbox 155 3009 2416 3197">
     <span class='ocr_line' id='line_1_26' title="bbox 168 3009 2416 3122; baseline -0.002 -44"><span class='ocrx_word' id='word_1_239' title='bbox 168 3011 511 3099; x_wconf 68' lang='lat' dir='ltr'>calefacit,</span> <span class='ocrx_word' id='word_1_240' title='bbox 551 3010 847 3098; x_wconf 70' lang='lat' dir='ltr'>tepesa&#39;cio</span> <span class='ocrx_word' id='word_1_241' title='bbox 885 3009 1173 3122; x_wconf 67' lang='lat' dir='ltr'>tepefactis</span> <span class='ocrx_word' id='word_1_242' title='bbox 1213 3009 1541 3097; x_wconf 67' lang='lat' dir='ltr'>tepefacit:</span> <span class='ocrx_word' id='word_1_243' title='bbox 1585 3010 1650 3071; x_wconf 76' lang='lat' dir='ltr'>in</span> <span class='ocrx_word' id='word_1_244' title='bbox 1676 3010 1941 3072; x_wconf 76' lang='lat' dir='ltr'>secunda</span> <span class='ocrx_word' id='word_1_245' title='bbox 1968 3012 2129 3073; x_wconf 79' lang='lat' dir='ltr'>enim</span> <span class='ocrx_word' id='word_1_246' title='bbox 2158 3021 2216 3074; x_wconf 79' lang='lat' dir='ltr'>et</span> <span class='ocrx_word' id='word_1_247' title='bbox 2239 3012 2416 3074; x_wconf 78' lang='lat' dir='ltr'>tertia</span> 
     </span>
     <span class='ocr_line' id='line_1_27' title="bbox 155 3107 2414 3197; baseline -0.002 -23"><span class='ocrx_word' id='word_1_248' title='bbox 155 3132 445 3197; x_wconf 70' lang='lat' dir='ltr'>persona</span> <span class='ocrx_word' id='word_1_249' title='bbox 467 3109 884 3194; x_wconf 64' lang='lat' dir='ltr'>paenultima-s</span> <span class='ocrx_word' id='word_1_250' title='bbox 911 3109 1187 3171; x_wconf 58' lang='lat' dir='ltr'>acuimus</span> <span class='ocrx_word' id='word_1_251' title='bbox 1199 3155 1218 3188; x_wconf 85' lang='lat'><strong><em>,</em></strong></span> <span class='ocrx_word' id='word_1_252' title='bbox 1259 3108 1535 3193; x_wconf 76' lang='lat' dir='ltr'>quamvis</span> <span class='ocrx_word' id='word_1_253' title='bbox 1560 3118 1698 3170; x_wconf 71' lang='lat' dir='ltr'>sunt</span> <span class='ocrx_word' id='word_1_254' title='bbox 1724 3107 1961 3170; x_wconf 74' lang='lat' dir='ltr'>breves</span> <span class='ocrx_word' id='word_1_255' title='bbox 2004 3108 2282 3172; x_wconf 70' lang='lat' dir='ltr'>similiter</span> <span class='ocrx_word' id='word_1_256' title='bbox 2310 3130 2414 3171; x_wconf 88' lang='lat' dir='ltr'>ca-</span> 
     </span>
    </p>
   </div>
   <div class='ocr_carea' id='block_1_4' title="bbox 151 3204 2416 4473">
    <p class='ocr_par' dir='ltr' id='par_1_6' title="bbox 151 3204 2416 4473">
     <span class='ocr_line' id='line_1_28' title="bbox 165 3204 2416 3297; baseline -0.002 -24"><span class='ocrx_word' id='word_1_257' title='bbox 165 3208 326 3297; x_wconf 73' lang='lat' dir='ltr'>lefio</span> <span class='ocrx_word' id='word_1_258' title='bbox 356 3206 572 3293; x_wconf 73' lang='lat' dir='ltr'>calefis</span> <span class='ocrx_word' id='word_1_259' title='bbox 599 3206 838 3293; x_wconf 77' lang='lat' dir='ltr'>calefit,</span> <span class='ocrx_word' id='word_1_260' title='bbox 868 3206 1085 3293; x_wconf 71' lang='lat' dir='ltr'>tepefio</span> <span class='ocrx_word' id='word_1_261' title='bbox 1115 3205 1328 3292; x_wconf 56' lang='lat' dir='ltr'>tepetis</span> <span class='ocrx_word' id='word_1_262' title='bbox 1356 3204 1594 3292; x_wconf 72' lang='lat' dir='ltr'>tepefit,</span> <span class='ocrx_word' id='word_1_263' title='bbox 1616 3206 1847 3294; x_wconf 72' lang='lat' dir='ltr'>finales</span> <span class='ocrx_word' id='word_1_264' title='bbox 1871 3215 2114 3269; x_wconf 70' lang='lat' dir='ltr'>servant</span> <span class='ocrx_word' id='word_1_265' title='bbox 2138 3216 2416 3269; x_wconf 72' lang='lat' dir='ltr'>accentus</span> 
     </span>
     <span class='ocr_line' id='line_1_29' title="bbox 163 3302 2414 3389; baseline -0.001 -20"><span class='ocrx_word' id='word_1_266' title='bbox 163 3309 234 3369; x_wconf 73' lang='lat' dir='ltr'>in</span> <span class='ocrx_word' id='word_1_267' title='bbox 262 3304 543 3369; x_wconf 70' lang='lat' dir='ltr'>secunda</span> <span class='ocrx_word' id='word_1_268' title='bbox 567 3314 625 3368; x_wconf 80' lang='lat' dir='ltr'>et</span> <span class='ocrx_word' id='word_1_269' title='bbox 649 3306 827 3368; x_wconf 65' lang='lat' dir='ltr'>terna</span> <span class='ocrx_word' id='word_1_270' title='bbox 851 3326 1123 3389; x_wconf 75' lang='lat' dir='ltr'>persona</span> <span class='ocrx_word' id='word_1_271' title='bbox 1150 3351 1169 3381; x_wconf 86' lang='lat'><strong><em>,</em></strong></span> <span class='ocrx_word' id='word_1_272' title='bbox 1211 3326 1359 3389; x_wconf 74' lang='lat' dir='ltr'>quos</span> <span class='ocrx_word' id='word_1_273' title='bbox 1401 3302 1622 3367; x_wconf 77' lang='lat' dir='ltr'>habent</span> <span class='ocrx_word' id='word_1_274' title='bbox 1656 3304 1725 3366; x_wconf 78' lang='lat' dir='ltr'>in</span> <span class='ocrx_word' id='word_1_275' title='bbox 1763 3303 2137 3389; x_wconf 65' lang='lat' dir='ltr'>simplic-ihm</span> <span class='ocrx_word' id='word_1_276' title='bbox 2168 3351 2182 3365; x_wconf 93' lang='lat'><strong>.</strong></span> <span class='ocrx_word' id='word_1_277' title='bbox 2233 3302 2414 3367; x_wconf 91' lang='lat' dir='ltr'>hunc</span> 
     </span>
     <span class='ocr_line' id='line_1_30' title="bbox 162 3400 2414 3490; baseline -0.001 -23"><span class='ocrx_word' id='word_1_278' title='bbox 162 3405 381 3490; x_wconf 85' lang='lat' dir='ltr'>igitur</span> <span class='ocrx_word' id='word_1_279' title='bbox 427 3408 767 3465; x_wconf 81' lang='lat' dir='ltr'>auctorem</span> <span class='ocrx_word' id='word_1_280' title='bbox 809 3400 923 3485; x_wconf 87' lang='lat' dir='ltr'>qui</span> <span class='ocrx_word' id='word_1_281' title='bbox 966 3408 1289 3486; x_wconf 87' lang='lat' dir='ltr'>sequetur</span> <span class='ocrx_word' id='word_1_282' title='bbox 1318 3448 1333 3476; x_wconf 85' lang='lat'>,</span> <span class='ocrx_word' id='word_1_283' title='bbox 1375 3401 1433 3464; x_wconf 91' lang='lat' dir='ltr'>is</span> <span class='ocrx_word' id='word_1_284' title='bbox 1478 3407 1661 3465; x_wconf 89' lang='lat' dir='ltr'>certe</span> <span class='ocrx_word' id='word_1_285' title='bbox 1700 3422 1948 3464; x_wconf 89' lang='lat' dir='ltr'>meram</span> <span class='ocrx_word' id='word_1_286' title='bbox 1980 3407 2049 3465; x_wconf 90' lang='lat' dir='ltr'>et</span> <span class='ocrx_word' id='word_1_287' title='bbox 2074 3402 2414 3488; x_wconf 79' lang='lat' dir='ltr'>propriam</span> 
     </span>
     <span class='ocr_line' id='line_1_31' title="bbox 162 3498 2414 3589; baseline -0.001 -22"><span class='ocrx_word' id='word_1_288' title='bbox 162 3501 560 3567; x_wconf 86' lang='lat' dir='ltr'>barbariem</span> <span class='ocrx_word' id='word_1_289' title='bbox 591 3498 923 3587; x_wconf 85' lang='lat' dir='ltr'>deponet:</span> <span class='ocrx_word' id='word_1_290' title='bbox 956 3498 1081 3563; x_wconf 87' lang='lat' dir='ltr'>sed</span> <span class='ocrx_word' id='word_1_291' title='bbox 1107 3508 1373 3564; x_wconf 84' lang='lat' dir='ltr'>veteres</span> <span class='ocrx_word' id='word_1_292' title='bbox 1402 3499 1495 3563; x_wconf 87' lang='lat' dir='ltr'>ita</span> <span class='ocrx_word' id='word_1_293' title='bbox 1524 3498 1775 3563; x_wconf 82' lang='lat' dir='ltr'>dixisse</span> <span class='ocrx_word' id='word_1_294' title='bbox 1794 3548 1810 3576; x_wconf 91' lang='lat'>,</span> <span class='ocrx_word' id='word_1_295' title='bbox 1839 3500 2053 3587; x_wconf 71' lang='lat' dir='ltr'>caqu&#39;w</span> <span class='ocrx_word' id='word_1_296' title='bbox 2082 3511 2152 3564; x_wconf 89' lang='lat' dir='ltr'>et</span> <span class='ocrx_word' id='word_1_297' title='bbox 2181 3501 2414 3589; x_wconf 69' lang='lat' dir='ltr'>calefit,</span> 
     </span>
     <span class='ocr_line' id='line_1_32' title="bbox 161 3595 2413 3684; baseline -0.001 -18"><span class='ocrx_word' id='word_1_298' title='bbox 161 3622 314 3666; x_wconf 88' lang='grc'>11011</span> <span class='ocrx_word' id='word_1_299' title='bbox 357 3596 598 3663; x_wconf 85' lang='lat' dir='ltr'>credet</span> <span class='ocrx_word' id='word_1_300' title='bbox 639 3599 753 3684; x_wconf 90' lang='grc'>0111</span> <span class='ocrx_word' id='word_1_301' title='bbox 793 3597 1058 3683; x_wconf 81' lang='lat' dir='ltr'>linguae</span> <span class='ocrx_word' id='word_1_302' title='bbox 1085 3597 1366 3662; x_wconf 81' lang='lat' dir='ltr'>Latinae</span> <span class='ocrx_word' id='word_1_303' title='bbox 1403 3595 1896 3661; x_wconf 86' lang='lat' dir='ltr'>vicissitudines</span> <span class='ocrx_word' id='word_1_304' title='bbox 1939 3596 2413 3663; x_wconf 86' lang='lat' dir='ltr'>considerave-</span> 
     </span>
     <span class='ocr_line' id='line_1_33' title="bbox 159 3694 2413 3783; baseline -0.001 -20"><span class='ocrx_word' id='word_1_305' title='bbox 159 3700 292 3763; x_wconf 87' lang='lat' dir='ltr'>rit.</span> <span class='ocrx_word' id='word_1_306' title='bbox 325 3698 563 3782; x_wconf 84' lang='lat' dir='ltr'>itaque</span> <span class='ocrx_word' id='word_1_307' title='bbox 593 3717 741 3760; x_wconf 91' lang='lat' dir='ltr'>cum</span> <span class='ocrx_word' id='word_1_308' title='bbox 771 3694 864 3760; x_wconf 89' lang='lat' dir='ltr'>ad</span> <span class='ocrx_word' id='word_1_309' title='bbox 881 3695 1207 3760; x_wconf 77' lang='lat' dir='ltr'>Prisciani</span> <span class='ocrx_word' id='word_1_310' title='bbox 1238 3702 1522 3759; x_wconf 82' lang='lat' dir='ltr'>aetatem</span> <span class='ocrx_word' id='word_1_311' title='bbox 1551 3705 1811 3783; x_wconf 84' lang='lat' dir='ltr'>partem</span> <span class='ocrx_word' id='word_1_312' title='bbox 1840 3702 2064 3760; x_wconf 87' lang='lat' dir='ltr'>tamen</span> <span class='ocrx_word' id='word_1_313' title='bbox 2090 3697 2233 3761; x_wconf 88' lang='lat' dir='ltr'>veri</span> <span class='ocrx_word' id='word_1_314' title='bbox 2262 3718 2413 3782; x_wconf 89' lang='lat' dir='ltr'>per-</span> 
     </span>
     <span class='ocr_line' id='line_1_34' title="bbox 157 3792 2413 3882; baseline -0.002 -19"><span class='ocrx_word' id='word_1_315' title='bbox 157 3797 447 3863; x_wconf 82' lang='lat' dir='ltr'>venisse</span> <span class='ocrx_word' id='word_1_316' title='bbox 474 3795 822 3882; x_wconf 79' lang='lat' dir='ltr'>probabile</span> <span class='ocrx_word' id='word_1_317' title='bbox 853 3795 941 3860; x_wconf 86' lang='lat' dir='ltr'>sit</span> <span class='ocrx_word' id='word_1_318' title='bbox 955 3843 971 3871; x_wconf 88' lang='lat'>‚</span> <span class='ocrx_word' id='word_1_319' title='bbox 992 3795 1152 3858; x_wconf 87' lang='lat' dir='ltr'>mihi</span> <span class='ocrx_word' id='word_1_320' title='bbox 1175 3795 1338 3859; x_wconf 83' lang='lat' dir='ltr'>satis</span> <span class='ocrx_word' id='word_1_321' title='bbox 1362 3801 1617 3858; x_wconf 87' lang='lat' dir='ltr'>certum</span> <span class='ocrx_word' id='word_1_322' title='bbox 1636 3792 1907 3858; x_wconf 84' lang='lat' dir='ltr'>videtur</span> <span class='ocrx_word' id='word_1_323' title='bbox 1928 3802 2192 3859; x_wconf 82' lang='lat' dir='ltr'>veteres</span> <span class='ocrx_word' id='word_1_324' title='bbox 2213 3794 2413 3858; x_wconf 90' lang='lat' dir='ltr'>huius</span> 
     </span>
     <span class='ocr_line' id='line_1_35' title="bbox 157 3891 2411 3983; baseline -0.002 -24"><span class='ocrx_word' id='word_1_325' title='bbox 157 3895 446 3983; x_wconf 85' lang='lat' dir='ltr'>generis</span> <span class='ocrx_word' id='word_1_326' title='bbox 472 3892 697 3958; x_wconf 85' lang='lat' dir='ltr'>verbis</span> <span class='ocrx_word' id='word_1_327' title='bbox 726 3895 830 3958; x_wconf 89' lang='lat' dir='ltr'>bis</span> <span class='ocrx_word' id='word_1_328' title='bbox 860 3893 1229 3957; x_wconf 88' lang='lat' dir='ltr'>accinuisse</span> <span class='ocrx_word' id='word_1_329' title='bbox 1247 3940 1262 3967; x_wconf 90' lang='lat'>‚</span> <span class='ocrx_word' id='word_1_330' title='bbox 1284 3899 1362 3956; x_wconf 92' lang='lat' dir='ltr'>ut</span> <span class='ocrx_word' id='word_1_331' title='bbox 1392 3891 1693 3957; x_wconf 87' lang='lat' dir='ltr'>dicerent</span> <span class='ocrx_word' id='word_1_332' title='bbox 1714 3894 1846 3957; x_wconf 82' lang='lat' dir='ltr'>ca&#39;le</span> <span class='ocrx_word' id='word_1_333' title='bbox 1856 3892 1955 3979; x_wconf 72' lang='lat' dir='ltr'>fi⁸</span> <span class='ocrx_word' id='word_1_334' title='bbox 1979 3900 2047 3956; x_wconf 89' lang='lat' dir='ltr'>et</span> <span class='ocrx_word' id='word_1_335' title='bbox 2068 3892 2411 3979; x_wconf 75' lang='lat' dir='ltr'>ca&#39;lesa&#39;cit.</span> 
     </span>
     <span class='ocr_line' id='line_1_36' title="bbox 155 3989 2413 4083; baseline -0.003 -24"><span class='ocrx_word' id='word_1_336' title='bbox 155 3997 230 4060; x_wconf 87' lang='lat' dir='ltr'>in</span> <span class='ocrx_word' id='word_1_337' title='bbox 261 3993 644 4083; x_wconf 81' lang='lat' dir='ltr'>participiis</span> <span class='ocrx_word' id='word_1_338' title='bbox 672 3999 896 4057; x_wconf 87' lang='lat' dir='ltr'>tamen</span> <span class='ocrx_word' id='word_1_339' title='bbox 922 3991 1103 4056; x_wconf 90' lang='lat' dir='ltr'>hunc</span> <span class='ocrx_word' id='word_1_340' title='bbox 1127 3990 1453 4076; x_wconf 90' lang='lat' dir='ltr'>duplicem</span> <span class='ocrx_word' id='word_1_341' title='bbox 1479 3997 1827 4054; x_wconf 85' lang='lat' dir='ltr'>accentum</span> <span class='ocrx_word' id='word_1_342' title='bbox 1853 3990 2073 4055; x_wconf 91' lang='lat' dir='ltr'>locum</span> <span class='ocrx_word' id='word_1_343' title='bbox 2095 3989 2413 4055; x_wconf 85' lang='lat' dir='ltr'>habuisse</span> 
     </span>
     <span class='ocr_line' id='line_1_37' title="bbox 155 4087 2414 4179; baseline -0.002 -22"><span class='ocrx_word' id='word_1_344' title='bbox 155 4115 308 4158; x_wconf 90' lang='lat' dir='ltr'>non</span> <span class='ocrx_word' id='word_1_345' title='bbox 337 4098 511 4179; x_wconf 89' lang='lat' dir='ltr'>puto</span> <span class='ocrx_word' id='word_1_346' title='bbox 545 4114 560 4155; x_wconf 90' lang='lat'>:</span> <span class='ocrx_word' id='word_1_347' title='bbox 602 4112 756 4155; x_wconf 88' lang='lat' dir='ltr'>nam</span> <span class='ocrx_word' id='word_1_348' title='bbox 786 4112 1006 4175; x_wconf 87' lang='lat' dir='ltr'>neque</span> <span class='ocrx_word' id='word_1_349' title='bbox 1043 4111 1329 4175; x_wconf 83' lang='lat' dir='ltr'>usquam</span> <span class='ocrx_word' id='word_1_350' title='bbox 1365 4087 1496 4175; x_wconf 83' lang='lat' dir='ltr'>legi</span> <span class='ocrx_word' id='word_1_351' title='bbox 1534 4100 1905 4176; x_wconf 69' lang='lat' dir='ltr'>manmeque</span> <span class='ocrx_word' id='word_1_352' title='bbox 1927 4088 2207 4175; x_wconf 76' lang='lat' dir='ltr'>saccum,</span> <span class='ocrx_word' id='word_1_353' title='bbox 2229 4088 2414 4175; x_wconf 83' lang='lat' dir='ltr'>serve</span> 
     </span>
     <span class='ocr_line' id='line_1_38' title="bbox 153 4185 2412 4278; baseline -0.004 -21"><span class='ocrx_word' id='word_1_354' title='bbox 153 4192 317 4257; x_wconf 80' lang='lat' dir='ltr'>bene</span> <span class='ocrx_word' id='word_1_355' title='bbox 323 4191 582 4278; x_wconf 59' lang='lat' dir='ltr'>sacuam</span> <span class='ocrx_word' id='word_1_356' title='bbox 596 4238 615 4269; x_wconf 91' lang='lat'><strong><em>,</em></strong></span> <span class='ocrx_word' id='word_1_357' title='bbox 627 4190 878 4277; x_wconf 72' lang='lat' dir='ltr'>sactum</span> <span class='ocrx_word' id='word_1_358' title='bbox 905 4211 1047 4269; x_wconf 80' lang='lat' dir='ltr'>are,</span> <span class='ocrx_word' id='word_1_359' title='bbox 1073 4195 1142 4252; x_wconf 87' lang='lat' dir='ltr'>et</span> <span class='ocrx_word' id='word_1_360' title='bbox 1172 4209 1251 4251; x_wconf 88' lang='lat' dir='ltr'>ea</span> <span class='ocrx_word' id='word_1_361' title='bbox 1281 4208 1452 4273; x_wconf 84' lang='lat' dir='ltr'>quae</span> <span class='ocrx_word' id='word_1_362' title='bbox 1476 4186 1819 4252; x_wconf 85' lang='lat' dir='ltr'>distractis</span> <span class='ocrx_word' id='word_1_363' title='bbox 1842 4186 2186 4251; x_wconf 83' lang='lat' dir='ltr'>vocabulis</span> <span class='ocrx_word' id='word_1_364' title='bbox 2209 4185 2412 4249; x_wconf 88' lang='lat' dir='ltr'>scribi</span> 
     </span>
     <span class='ocr_line' id='line_1_39' title="bbox 151 4282 2408 4376; baseline -0.004 -22"><span class='ocrx_word' id='word_1_365' title='bbox 151 4311 306 4354; x_wconf 89' lang='lat' dir='ltr'>non</span> <span class='ocrx_word' id='word_1_366' title='bbox 336 4294 636 4376; x_wconf 88' lang='lat' dir='ltr'>possunt</span> <span class='ocrx_word' id='word_1_367' title='bbox 652 4334 668 4364; x_wconf 93' lang='lat'>,</span> <span class='ocrx_word' id='word_1_368' title='bbox 711 4286 933 4374; x_wconf 86' lang='grc'>0113113</span> <span class='ocrx_word' id='word_1_369' title='bbox 961 4293 1121 4351; x_wconf 91' lang='lat' dir='ltr'>sunt</span> <span class='ocrx_word' id='word_1_370' title='bbox 1136 4335 1152 4363; x_wconf 87' lang='lat'>‚</span> <span class='ocrx_word' id='word_1_371' title='bbox 1192 4286 1594 4374; x_wconf 57' lang='lat' dir='ltr'>inlabefacta&amp;</span> <span class='ocrx_word' id='word_1_372' title='bbox 1607 4332 1626 4365; x_wconf 88' lang='lat'><strong><em>,</em></strong></span> <span class='ocrx_word' id='word_1_373' title='bbox 1667 4284 2070 4372; x_wconf 79' lang='lat' dir='ltr'>labefactare,</span> <span class='ocrx_word' id='word_1_374' title='bbox 2099 4282 2408 4371; x_wconf 70' lang='lat' dir='ltr'>sriqefac-</span> 
     </span>
     <span class='ocr_line' id='line_1_40' title="bbox 152 4379 2407 4473; baseline -0.004 -20"><span class='ocrx_word' id='word_1_375' title='bbox 152 4400 300 4453; x_wconf 79' lang='lat' dir='ltr'>tare</span> <span class='ocrx_word' id='word_1_376' title='bbox 329 4436 348 4467; x_wconf 94' lang='lat'>‚</span> <span class='ocrx_word' id='word_1_377' title='bbox 394 4407 537 4473; x_wconf 90' lang='lat' dir='ltr'>quo</span> <span class='ocrx_word' id='word_1_378' title='bbox 565 4384 847 4451; x_wconf 85' lang='lat' dir='ltr'>Plautus</span> <span class='ocrx_word' id='word_1_379' title='bbox 875 4385 979 4450; x_wconf 91' lang='lat' dir='ltr'>bis</span> <span class='ocrx_word' id='word_1_380' title='bbox 1018 4406 1182 4450; x_wconf 88' lang='lat' dir='ltr'>usus</span> <span class='ocrx_word' id='word_1_381' title='bbox 1226 4390 1332 4449; x_wconf 86' lang='lat' dir='ltr'>est</span> <span class='ocrx_word' id='word_1_382' title='bbox 1349 4432 1364 4461; x_wconf 92' lang='lat'>‚</span> <span class='ocrx_word' id='word_1_383' title='bbox 1407 4384 1777 4470; x_wconf 65' lang='lat' dir='ltr'>calefactam</span> <span class='ocrx_word' id='word_1_384' title='bbox 1789 4431 1811 4462; x_wconf 92' lang='lat'><em>,</em></span> <span class='ocrx_word' id='word_1_385' title='bbox 1847 4382 2007 4446; x_wconf 89' lang='lat' dir='ltr'>item</span> <span class='ocrx_word' id='word_1_386' title='bbox 2035 4379 2373 4467; x_wconf 76' lang='lat' dir='ltr'>patefactio</span> <span class='ocrx_word' id='word_1_387' title='bbox 2388 4426 2407 4457; x_wconf 94' lang='lat'>‚</span> 
     </span>
    </p>
   </div>
   <div class='ocr_carea' id='block_1_5' title="bbox 3009 661 3017 1223">
    <p class='ocr_par' dir='ltr' id='par_1_7' title="bbox 3009 661 3017 1223">
     <span class='ocr_line' id='line_1_41' title="bbox 3009 661 3017 1223; baseline 0 0"><span class='ocrx_word' id='word_1_388' title='bbox 3009 661 3017 1223; x_wconf 95' lang='lat' dir='ltr'> </span> 
     </span>
    </p>
   </div>
  </div>
 </body>
</html>
