3042 5192
1350 462 1380 530 1
2384 471 2473 537 35

235 658 354 701 nec
382 657 500 701 res
528 636 670 699 ulla
698 634 841 721 geri
871 634 995 698 sub
1025 634 1189 698 caeli
1220 635 1506 719 tegmine
1534 645 1771 722 posset
1788 686 1803 709 ‚

237 774 355 815 nec
382 751 570 816 foret
600 751 873 816 omnino
906 750 1161 814 caelum
1188 771 1407 835 neque
1439 751 1686 815 lumina
1715 752 1908 825 solisg

112 883 190 929 990
238 867 483 954 quippe
514 866 633 929 ubi
662 865 975 929 materies
1003 864 1218 929 omnis
1248 865 1581 929 cumulata
1607 866 1859 931 iaceret

242 1003 320 1045 ex
346 980 611 1045 infinito
641 981 772 1044 iam
800 988 1103 1066 tempore
1130 978 1542 1045 subsidendo
1564 1029 1577 1044 .

243 1105 309 1160 at
334 1118 513 1159 nunc
533 1145 550 1170 ‚
575 1095 645 1159 ni
673 1096 909 1158 mirum
926 1142 943 1169 ‚
964 1094 1234 1179 requies
1262 1093 1425 1159 data
1450 1096 1931 1183 principiorum

244 1210 643 1299 corporibus
672 1209 955 1284 nullast,
978 1209 1137 1294 qnia
1163 1210 1257 1273 nil
1284 1218 1391 1274 est
1415 1208 1720 1275 funditus
1747 1211 1946 1276 imum
1966 1262 1981 1285 ‚

248 1347 377 1411 quo
411 1326 615 1410 quasi
644 1323 982 1388 confluere
1013 1332 1084 1389 et
1111 1324 1311 1388 sedes
1339 1324 1456 1389 ubi
1482 1346 1738 1412 ponere
1766 1328 2060 1414 possint.

118 1455 201 1504 995
247 1461 500 1527 semper
529 1441 607 1504 in
636 1437 923 1503 adsiduo
951 1448 1141 1504 motu
1167 1460 1278 1503 res
1308 1459 1618 1524 quaeque
1646 1448 1969 1525 geruntur

247 1556 550 1642 partibus
584 1576 621 1619 e
652 1555 912 1620 cunctis
930 1603 947 1630 ‚
970 1562 1377 1639 aeternaque
1406 1553 1925 1641 suppeditantur

249 1691 325 1734 ex
351 1669 616 1734 infinito
647 1670 781 1735 cita
808 1690 1098 1756 corpora
1123 1668 1454 1734 materiai.

321 1784 683 1849 Postremo
713 1794 868 1849 ante
899 1784 1133 1848 oculos
1158 1805 1271 1848 res
1304 1804 1445 1847 rem
1470 1783 1660 1847 finire
1687 1782 1987 1851 videtur:

252 1906 355 1964 aer
384 1899 716 1985 dissaepit
745 1898 932 1964 collis
966 1908 1174 1984 atque
1202 1904 1361 1963 aera
1386 1906 1652 1963 montes
1669 1947 1686 1973 ‚

92 2031 197 2077 1000
248 2025 417 2079 terra
449 2035 638 2078 marc
670 2023 740 2079 et
767 2022 1004 2078 contra
1028 2034 1211 2077 mare
1237 2025 1455 2078 terras
1484 2012 1800 2078 terminat
1826 2016 2071 2079 omnis:

252 2152 435 2194 omne
472 2129 744 2215 quidem
774 2150 934 2193 vero
964 2128 1061 2192 nil
1088 2137 1191 2193 est
1220 2128 1409 2214 quod
1434 2128 1623 2193 finiat
1651 2137 1844 2193 extra
1861 2178 1876 2192 .

256 2254 349 2309 est
376 2246 584 2331 igitur
613 2251 855 2309 natura
881 2244 1012 2307 loci
1041 2244 1464 2331 spatiumque
1491 2241 1813 2330 profundi
1830 2293 1846 2319 ‚

253 2359 433 2445 quod
461 2380 685 2444 neque
715 2357 895 2422 clara
923 2380 1046 2422 suo
1074 2379 1467 2445 percurrere
1496 2358 1774 2422 fulmina
1804 2380 2002 2425 cursu

250 2484 577 2563 perpetuo
606 2474 870 2560 possint
896 2475 1043 2536 aevi
1071 2474 1362 2538 labentia
1387 2480 1612 2538 tractu

93 2603 199 2649 1005
250 2611 366 2652 nec
394 2610 711 2676 prorsum
737 2588 957 2652 facere
986 2596 1066 2653 ut
1092 2595 1305 2653 restet
1331 2587 1548 2652 minus
1575 2589 1672 2653 ire
1699 2588 2022 2653 meando:

258 2725 463 2790 usque
494 2701 670 2767 adeo
702 2704 950 2790 passim
980 2711 1169 2791 patet
1193 2704 1430 2788 ingens
1460 2703 1658 2789 copia
1684 2704 1889 2768 rebus
1908 2754 1923 2777 ‚

256 2818 491 2882 finibus
521 2818 846 2905 exemptis
865 2868 880 2895 ‚
901 2820 970 2882 in
999 2826 1276 2882 cunctas
1304 2816 1603 2903 undique
1629 2819 1844 2904 partis
1863 2869 1876 2882 .

257 2933 401 3019 ipsa
429 2932 695 2996 modum
722 2954 931 3021 porro
962 2934 1088 2998 sibi
1114 2954 1338 2998 rerum
1366 2953 1623 2996 summa
1651 2953 1891 3019 parare

261 3070 355 3119 ne
370 3049 587 3136 possit
603 3096 619 3123 ‚
639 3056 885 3112 natura
912 3058 1099 3113 tenet
1114 3099 1130 3125 ‚
1155 3069 1325 3134 quae
1357 3069 1604 3135 corpus
1633 3046 1814 3109 inani

93 3178 201 3225 1010
258 3172 323 3227 et
352 3161 538 3249 quod
565 3164 764 3227 inane
795 3173 1016 3228 autem
1047 3171 1153 3228 est
1178 3162 1354 3227 finiri
1382 3181 1669 3249 corpore
1699 3161 1915 3246 cogit,

258 3286 329 3343 ut
353 3279 447 3342 sic
479 3278 754 3342 alternis
782 3278 1036 3343 infinita
1065 3278 1285 3343 omnia
1313 3276 1562 3341 reddat
1578 3324 1591 3339 .

261 3410 371 3456 aut
399 3394 598 3456 etiam
630 3393 1022 3457 alterutrum
1041 3443 1057 3463 ,
1079 3393 1205 3457 nisi
1235 3378 1546 3457 terminet
1576 3392 1855 3455 alterum
1874 3440 1890 3467 ,
1915 3413 2141 3458 eorum

1357 3559 1393 3596 ἢ*

261 3736 549 3823 simplice
580 3746 821 3802 natura
850 3744 1081 3824 pateat
1108 3745 1332 3801 tamen
1358 3736 1844 3801 inmoderatum
1865 3787 1881 3813 ‚

263 3871 377 3914 nec
405 3873 591 3916 mare
621 3872 745 3915 nec
774 3852 974 3916 tellus
1002 3873 1223 3938 neque
1254 3852 1417 3916 caeli
1447 3851 1668 3915 lucida
1694 3853 1942 3940 templa

97 3975 206 4023 1015
260 3986 377 4029 nec
404 3966 693 4031 mortale
723 3987 936 4052 genus
966 3988 1089 4031 nec
1121 3966 1344 4032 divum
1375 3950 1668 4055 corpora
1696 3977 1930 4032 sancta

262 4080 563 4166 exiguum
594 4090 881 4167 possent
910 4081 1102 4146 horai
1132 4083 1369 4147 sistere
1400 4090 1699 4170 tempus:

267 4363 360 4450 3³⁹3
384 4357 559 4411 nullas
585 4360 605 4425 ΙΙ
633 4364 735 4411 994
760 4361 932 4429 possit
955 4399 967 4412 .
992 4360 1015 4429 ΙΙ
1040 4366 1141 4413 996
1169 4378 1199 4413 e
1222 4369 1485 4416 omissum.
1524 4361 1546 4429 11
1573 4359 1880 4430 infernaque
1917 4360 1937 4427 ΙΙ
1976 4365 2107 4411 1008
2135 4358 2261 4429 Ipso
2301 4361 2322 4427 n
2364 4364 2491 4412 1009

272 4456 417 4492 mnne
437 4480 450 4492 .

2009 4540 2088 4603 3.
