3042 5192
674 464 815 532 234
1721 457 1820 524 VI

668 646 737 702 et
767 635 958 722 quasi
989 632 1361 698 concrescit
1379 682 1394 707 ‚
1414 631 1523 708 fit,
1550 630 1807 709 seilicet
1824 679 1840 706 ‚
1861 637 1941 694 ut
1970 627 2277 694 coeundo

669 752 996 839 exprimat
1021 750 1090 813 in
1118 754 1362 835 puteos
1393 749 1448 811 si
1480 767 1677 832 quem
1707 748 1882 832 gerit
1905 746 2056 832 ipsa
2086 744 2378 808 calorem
2399 793 2413 807 .

749 864 921 929 Esse
952 860 1134 951 apud
1162 861 1555 926 Hammonis
1582 860 1807 924 fanum
1836 859 1993 924 fons
2020 860 2170 925 luce
2203 857 2446 923 diurna

666 978 949 1065 frigidus
981 984 1049 1041 et
1079 975 1333 1041 calidus
1363 984 1697 1040 nocturno
1728 984 2030 1061 tempore
2058 973 2276 1039 fertur
2294 1024 2309 1037 .

520 1113 619 1158 850
674 1094 854 1158 hunc
881 1091 1187 1156 homines
1215 1090 1472 1155 fontem
1497 1091 1690 1155 nimis
1720 1089 2135 1155 admirantur
2163 1097 2235 1153 et
2261 1090 2399 1153 acri

672 1209 816 1273 sole
843 1213 1087 1296 putant
1116 1212 1351 1291 supter
1384 1214 1601 1271 terras
1629 1205 2007 1270 fervescere
2035 1206 2279 1293 raptim
2298 1253 2314 1281 ‚

668 1345 809 1398 nox
834 1323 951 1386 ubi
979 1320 1256 1385 terribili
1284 1329 1502 1386 terras
1534 1321 1811 1407 ealigine
1844 1321 2045 1385 texit.

674 1435 859 1523 quod
885 1437 1077 1500 nimis
1108 1456 1149 1499 a
1177 1444 1404 1500 verast
1431 1436 1633 1522 longe
1662 1435 1924 1500 ratione
1952 1441 2313 1499 remotum:

674 1552 923 1638 quippe
941 1599 958 1627 ‚
978 1551 1093 1616 ubi
1123 1550 1228 1614 sol
1253 1549 1506 1614 nudum
1536 1557 1973 1615 contractans
2003 1570 2252 1637 corpus
2282 1550 2479 1635 aquai

517 1686 615 1732 855
669 1689 807 1730 non
836 1666 1081 1751 quierit
1108 1663 1395 1729 calidum
1425 1686 1671 1752 supera
1699 1664 1786 1728 de
1812 1663 2101 1730 reddere
2128 1672 2324 1753 parte
2341 1714 2358 1736 ,

675 1803 824 1845 cum
853 1801 1170 1866 superum
1198 1780 1423 1844 lumen
1450 1788 1644 1845 tanto
1674 1780 1944 1845 fervore
1971 1780 2235 1844 fruatur
2253 1829 2270 1856 ‚

674 1896 788 1982 qui
819 1903 1023 1980 queat
1048 1895 1159 1959 hic
1188 1903 1422 1981 supter
1449 1901 1587 1959 tam
1617 1916 1849 1960 crasso
1882 1915 2170 1982 corpore
2200 1901 2446 1959 terram

675 2031 1145 2098 perquoquere
1174 2031 1470 2075 umorem
1500 2016 1571 2074 et
1599 2009 1818 2075 calido
1850 2011 2096 2075 satiare
2125 2031 2378 2096 vapore
2396 2010 2429 2073 ⁴?

676 2125 1071 2214 praesertim
1100 2146 1250 2189 cum
1276 2126 1391 2189 vix
1417 2127 1641 2212 possit
1665 2147 1790 2211 per
1820 2133 2016 2211 septa
2043 2124 2392 2190 domorum

521 2259 619 2306 860
673 2242 1008 2305 insinuare
1039 2262 1230 2305 suum
1258 2239 1464 2304 radiis
1492 2238 1887 2305 ardentibus
1916 2249 2175 2304 aestum
2193 2290 2207 2304 .

676 2377 848 2442 quae
875 2356 1118 2420 ratiost
1141 2356 1341 2441 igitur
1358 2355 1390 2418 P
1411 2356 1479 2419 ni
1508 2356 1744 2419 mirum
1761 2405 1777 2433 ‚
1799 2359 1983 2421 terra
2009 2356 2220 2441 magis
2250 2353 2436 2440 quod

675 2491 831 2535 rara
857 2478 1047 2557 tepet
1073 2470 1320 2534 circum
1345 2470 1600 2535 fontem
1631 2491 1830 2556 quam
1859 2477 2086 2535 cetera
2111 2469 2310 2534 tellus
2328 2518 2346 2545 ‚

679 2585 1019 2670 multaque
1049 2593 1208 2650 sunt
1234 2586 1403 2672 ignis
1433 2607 1649 2672 prope
1680 2587 1932 2650 semina
1960 2606 2205 2671 corpus
2235 2585 2464 2668 aquai.

679 2700 812 2763 hoc
841 2700 955 2764 ubi
982 2699 1280 2764 roriferis
1310 2707 1557 2765 terram
1586 2721 1725 2764 nox
1755 2701 1981 2765 obruit
2005 2701 2257 2766 umbris
2278 2749 2293 2776 ‚

524 2833 624 2879 865
680 2814 1014 2900 extemplo
1045 2815 1313 2900 penitus
1340 2814 1641 2901 frigescit
1667 2822 1851 2880 terra
1879 2815 2178 2900 coitque:

679 2930 809 2994 hac
838 2929 1096 2994 ratione
1124 2930 1201 2994 fit
1227 2937 1303 2994 ut
1320 2978 1335 3007 ‚
1358 2938 1496 2995 tam
1534 2951 1733 3016 quam
1765 2952 2151 3016 compressa
2177 2951 2376 2994 manu
2405 2931 2494 2994 sit
2511 2978 2526 3004 ‚

681 3027 1010 3133 exprimat
1035 3045 1106 3109 in
1134 3045 1387 3109 fontem
1420 3065 1594 3130 quae
1620 3047 1871 3110 semina
1899 3065 2182 3131 cumque
2209 3045 2419 3110 habet
2445 3046 2615 3131 ignis
2632 3095 2646 3120 ‚

680 3183 854 3248 quae
883 3159 1169 3225 calidum
1195 3159 1449 3225 faciunt
1477 3166 1693 3245 aqiiae
1720 3169 1973 3225 tactum
2003 3168 2207 3246 atque
2236 3181 2549 3247 saporem
2568 3210 2581 3223 .

676 3276 834 3341 inde
861 3277 978 3341 ubi
1005 3276 1110 3340 sol
1136 3275 1341 3341 radiis
1370 3283 1618 3340 terram
1648 3274 1927 3340 dimovit
1955 3276 2236 3341 obortus

528 3410 626 3456 870
684 3401 752 3455 et
779 3412 929 3455 rare
956 3391 1117 3455 fecit
1146 3390 1363 3454 calido
1395 3391 1717 3477 gliscente
1745 3412 2000 3476 vapore
2018 3439 2034 3464 ‚

682 3528 918 3572 rursus
946 3507 1014 3570 in
1043 3507 1355 3591 antiquas
1385 3505 1676 3569 redeunt
1701 3504 2068 3591 primordia
2096 3503 2296 3567 sedes

681 3621 852 3707 ignis
871 3669 885 3698 ,
911 3629 978 3685 et
1004 3621 1072 3685 in
1102 3629 1349 3685 terram
1381 3619 1561 3685 cedit
1589 3619 1773 3684 calor
1803 3619 2015 3683 omnis
2046 3620 2276 3703 aquai.

683 3735 964 3821 frigidus
992 3736 1169 3800 hanc
1199 3737 1286 3801 ob
1317 3757 1458 3800 rem
1483 3735 1562 3800 fit
1588 3734 1744 3799 fons
1771 3735 1842 3798 in
1869 3734 2020 3798 luce
2051 3733 2292 3797 diurna
2310 3783 2323 3796 .

682 3859 1035 3937 praeterea
1064 3851 1223 3915 solis
1252 3849 1457 3915 radiis
1485 3851 1773 3914 iactatur
1800 3850 2000 3935 aquai

532 3984 630 4029 875
686 3988 877 4030 1111101·
908 3975 976 4031 et
1002 3968 1071 4030 in
1099 3967 1313 4031 lucem
1342 3965 1627 4030 tremulo
1657 3965 1939 4030 rarescit
1967 3965 2052 4028 ab
2083 3971 2308 4028 aestu:

698 4281 798 4330 846
824 4276 877 4328 in
923 4276 943 4345 ΙΙ
997 4282 1095 4328 849
1133 4276 1379 4347 Frigidae
1428 4276 1446 4347 Η
1506 4283 1601 4329 851
1642 4276 1860 4346 partim.
1907 4273 1928 4343 ΙΙ
1978 4279 2076 4327 857
2114 4290 2276 4344 super
2328 4271 2349 4344 ΙΙ
2389 4279 2489 4326 858
2525 4269 2868 4339 ΙένῳιοοεΝ-’ὶ

700 4359 909 4415 soclare
945 4357 966 4430 ΙΙ
1006 4365 1105 4413 860
1126 4377 1242 4412 sum
1278 4358 1298 4428 ΙΙ
1338 4366 1435 4412 862
1464 4360 1606 4412 Para
1628 4365 1776 4411 tenet
1812 4358 1832 4428 ΙΙ
1869 4363 1968 4410 864
1994 4358 2177 4411 undiS.
2218 4355 2239 4429 ΙΙ
2276 4363 2375 4410 865
2403 4357 2607 4411 sonitus
2641 4352 2661 4420 ΙΙ
2691 4354 2782 4402 868
2816 4343 2876 4394 ¹⁸·

695 4444 815 4497 ticis
853 4439 874 4512 ΙΙ
911 4460 1192 4514 vaporem.
1231 4440 1251 4512 ΙΙ
1292 4449 1391 4496 870
1428 4444 1683 4497 miscente
1720 4439 1741 4510 ΙΙ
1779 4448 1877 4494 874
1915 4440 2061 4494 radis
