3042 5192
56 4789 200 4902 'N

1297 451 1364 517 V
2302 455 2442 524 305

215 650 352 689 mm
397 629 702 711 carpentis
732 674 747 700 ‚
785 650 944 713 quae
973 627 1208 711 partim
1238 638 1501 690 contecta
1519 630 1756 713 partim
1783 628 2047 691 ret-elata
2059 627 2308 714 frustra
2335 652 2444 692 no-

211 726 473 794 vissimis
498 725 890 788 trahebantur
918 726 1253 810 cmc-sequias·
1266 773 1283 804 ,
1322 726 1432 809 qui
1463 734 1571 789 tot
1601 723 1895 788 ciusdem
1927 727 2112 789 vocis
2145 729 2446 814 exempla

215 821 776 896 consideraverit,
800 822 1161 885 novissima
1179 831 1500 909 carpenta
1517 824 1779 886 illorum
1798 823 2267 887 decoratorum
2286 847 2445 889 con-

213 942 418 984 secua
436 970 451 994 ‚
482 921 614 984 hoc
646 929 749 984 est
777 921 888 984 illa
912 920 1233 984 decorata
1262 930 1418 984 ante
1447 921 1810 984 novissima
1835 920 2039 984 fuisse
2070 923 2413 1008 intelleget
2431 974 2445 987 .

213 1018 384 1081 haec
416 1026 638 1080 autem
669 1016 999 1081 adiectiva
1030 1028 1099 1082 et
1126 1018 1448 1082 adverbia
1479 1042 1519 1082 a
1544 1020 1740 1082 bonis
1772 1019 2213 1105 scriptoribus
2244 1022 2446 1106 sylla-

213 1117 315 1180 bis
349 1116 583 1179 djvisis
615 1117 879 1201 prolata
910 1139 1058 1180 esse
1098 1125 1237 1181 tum
1265 1118 1414 1203 ipsa
1441 1116 1674 1198 regula
1705 1119 2016 1202 exposita
2045 1140 2123 1181 ac
2154 1118 2447 1183 fortasse

215 1214 515 1279 nondum
542 1215 707 1311 satis
732 1224 919 1277 recte
943 1215 1440 1300 circumscripta
1467 1214 1959 1278 demonstravi.
1992 1218 2204 1281 omnis
2227 1228 2448 1282 autem

214 1313 416 1377 huius
462 1312 954 1376 observationis
997 1313 1208 1397 prima
1253 1314 1536 1377 stamina
1566 1322 1725 1376 sunt
1752 1314 1819 1376 in
1851 1313 2139 1398 quadam
2166 1315 2447 1380 Bentleii

217 1411 680 1498 disputatione
715 1459 729 1484 ‚
777 1432 973 1496 quam
1002 1410 1300 1475 Phaedri
1343 1412 1515 1475 libro
1560 1412 1775 1499 primo
1813 1413 1881 1475 in
1910 1412 2040 1476 fine
2070 1416 2445 1500 appositam

211 1507 682 1573 W'akefieldus
740 1517 808 1572 et
849 1508 1172 1592 Forbiger
1222 1531 1582 1594 numquam
1636 1511 1878 1594 legisse
1921 1521 2449 1596 cognoscuntur,

212 1631 368 1671 cum
408 1609 477 1670 in
518 1607 685 1670 libro
725 1608 929 1671 tertio
959 1607 1251 1672 Lucretii
1286 1609 1411 1671 648
1451 1608 1594 1671 sine
1637 1609 1770 1671 ulla
1811 1607 2227 1673 dubitatione
2271 1633 2449 1673 com-

209 1714 514 1769 mentum
541 1705 862 1768 Italorum
901 1706 971 1768 in
1012 1706 1231 1768 omnia
1274 1706 1676 1791 exemplaria
1717 1707 1901 1793 typis
1946 1729 2270 1793 expressa
2309 1708 2448 1771 illa-

210 1817 358 1868 tum
391 1804 715 1889 probant,
762 1804 1062 1887 quamvis
1091 1803 1434 1867 Bentleius
1475 1827 1612 1866 oum
1651 1805 2150 1891 praepositione
2192 1806 2454 1869 abiecta

211 1900 575 1986 legendum
619 1901 964 1965 docuisset
1013 1904 1277 1986 Covpore
1315 1902 1550 1988 reliquo
1586 1950 1601 1976 ‚
1662 1902 1844 1987 quod
1882 1904 1978 1966 ita
2021 1904 2341 1991 scriptum
2384 1905 2451 1967 in

209 2000 619 2065 membranis
650 1998 1002 2064 Vossianis
1046 2008 1274 2064 extare
1314 2007 1530 2062 testor
1560 2049 1573 2061 .
1616 1999 1724 2062 hic
1767 2001 1967 2085 igitur
2012 2002 2302 2065 comicos
2338 2025 2451 2066 ve-

210 2113 401 2165 teres
433 2148 449 2172 ,
488 2100 644 2162 item
677 2098 1056 2160 Lucretium
1089 2106 1156 2160 et
1185 2096 1600 2170 Phaedrum,
1644 2100 1931 2161 relicuom
1966 2107 2285 2183 quattuor
2316 2101 2452 2186 syl-

212 2199 391 2264 labis
430 2198 748 2261 extulisse
785 2195 1086 2260 ostendit
1120 2244 1134 2270 ,
1179 2198 1447 2282 negavit
1476 2205 1696 2259 autem
1730 2217 1810 2258 eo
1846 2195 2205 2280 Vcrgilimn
2236 2198 2453 2262 Hora-

211 2300 382 2362 tium
426 2294 761 2358 Tibullum
802 2296 1227 2381 Propertium
1265 2315 1575 2377 umquam
1620 2316 1781 2355 usos
1828 2315 1978 2356 esse
2012 2343 2025 2356 .
2070 2296 2291 2377 potuit
2335 2295 2454 2358 ad-

212 2395 384 2459 dere
432 2391 742 2456 Ovidium
774 2443 789 2468 ‚
846 2394 1146 2458 Gratium
1178 2442 1193 2468 ,
1253 2391 1712 2455 Germanicum
1744 2438 1759 2465 ‚
1813 2391 2249 2477 Priapcorum
2293 2401 2453 2479 po&-

211 2505 325 2558 tas
355 2541 372 2566 ‚
421 2490 742 2577 opuscula
782 2491 1176 2555 Maroniana
1206 2540 1221 2564 ‚
1272 2488 1728 2560 Columellam,
1774 2490 2131 2563 Senecam,
2178 2491 2453 2577 Calpur-

209 2592 401 2654 nium
436 2639 451 2664 ‚
510 2589 848 2653 Lucanum
882 2638 897 2664 ,
943 2588 1282 2651 Valerium
1339 2586 1651 2650 Flaccum
1685 2636 1698 2649 .
1761 2587 1883 2649 sed
1942 2589 2129 2673 quod
2182 2591 2455 2656 Martia-

206 2691 346 2754 lem
390 2711 470 2752 ac
512 2687 888 2751 iuvenalem
934 2687 1185 2772 primos
1229 2687 1483 2748 relicum
1529 2684 1777 2749 dixisse
1819 2688 2220 2753 existimavit
2249 2739 2264 2765 ‚
2318 2711 2456 2753 non

206 2788 388 2852 satis
435 2785 724 2850 attendit
751 2785 1050 2847 Persium
1094 2805 1173 2845 eo
1218 2791 1457 2867 quater
1501 2806 1693 2846 usum
1739 2806 1887 2847 esse
1915 2834 1930 2860 ‚
1978 2786 2205 2849 Silium
2247 2788 2458 2852 multo

209 2886 495 2971 saepius
515 2933 530 2956 ‚
561 2885 844 2947 Statium
877 2890 1013 2945 ter:
1045 2880 1251 2944 habet
1281 2881 1478 2943 etiam
1511 2881 1805 2966 Sulpicia
1838 2880 2064 2946 Caleni
2096 2933 2109 2946 .
2146 2895 2217 2948 at
2247 2886 2459 2969 epito-

209 2993 444 3049 mator
487 2981 736 3045 Iliados
776 3003 914 3043 non
956 2979 1178 3065 potuit
1221 2979 1512 3042 scribere
1557 2979 1680 3042 895
1725 2982 1989 3064 Atropos
2029 2981 2189 3044 hunc
2231 2985 2462 3046 circum

203 3083 419 3148 stabat
457 3082 849 3165 reliquaeque
888 3101 1124 3141 sorores
1153 3126 1170 3154 ,
1223 3077 1443 3162 potuit
1482 3078 1839 3163 riyicbwque
1883 3102 2118 3142 sorores
2145 3105 2170 3161 ‚-
2231 3101 2459 3164 quam-

209 3201 427 3267 quam
471 3176 871 3261 exemplaria
915 3186 1048 3239 tam
1080 3176 1346 3238 mirifice
1378 3176 1644 3238 variant
1673 3223 1687 3250 ‚
1731 3183 1806 3239 ut
1837 3175 1919 3238 de
1950 3176 2081 3240 hoc
2112 3198 2311 3241 versu
2342 3177 2462 3240 ad-

209 3281 354 3343 huc
387 3276 550 3340 nihil
583 3275 897 3338 constitui
926 3274 1179 3359 possit.
1224 3295 1348 3336 nec
1378 3273 1653 3336 Manilio
1687 3275 2045 3338 convenire
2077 3284 2241 3361 puto
2275 3273 2465 3360 quod

205 3387 327 3442 est
366 3377 438 3439 in
480 3397 549 3442 11.
569 3374 688 3437 734
720 3422 735 3446 ‚
791 3374 1068 3436 Dimidia
1094 3420 1111 3450 ,
1159 3373 1412 3459 reliquis
1440 3372 1743 3434 tribuatur
1768 3384 1836 3435 ul
1875 3375 2087 3436 ordine
2113 3375 2301 3458 siquis
2331 3400 2352 3436 .·
2397 3381 2466 3437 et

205 3489 450 3541 tamen
492 3471 691 3535 video
723 3470 1062 3535 Friderico
1093 3472 1342 3534 Iacobo
1386 3470 1567 3533 hunc
1612 3491 1875 3534 versum
1908 3473 2225 3557 probari,
2269 3493 2466 3556 quem

207 3572 575 3640 Bentleius
617 3571 984 3634 reiecerat.
1033 3571 1324 3633 relicu'iae
1368 3579 1590 3632 autem
1634 3591 1991 3654 numquam
2025 3569 2245 3633 dictae
2277 3579 2466 3640 sunt,

204 3671 533 3759 quamvis
582 3668 677 3731 ita
728 3668 1075 3752 scripsisse
1119 3677 1384 3731 veteres
1431 3667 1613 3731 dicat
1650 3667 2047 3755 Papirianus
2088 3669 2157 3731 in
2208 3669 2468 3755 sylloge

204 3768 534 3836 Putscbii
564 3789 627 3852 p.
647 3767 811 3830 2290
843 3815 855 3828 .
905 3768 1201 3829 relicuum
1231 3765 1602 3830 Vaticanus
1646 3765 1864 3829 codex
1894 3766 2192 3829 Sallustii
2219 3767 2286 3829 in
2320 3787 2469 3828 ora-

205 3872 412 3934 tione
447 3866 662 3929 Macri
692 3867 746 3948 ξ.
775 3866 800 3928 l
826 3915 839 3928 .
871 3867 1123 3951 reliqizei
1157 3872 1262 3928 cst
1290 3865 1357 3927 in
1388 3864 1533 3949 lege
1556 3864 1720 3927 Iulia
1749 3865 2126 3951 municipali
2163 3865 2271 3927 151
2297 3889 2313 3940 ς
2344 3864 2471 3927 sci-

205 3970 390 4033 licet
432 3973 502 4028 ut
541 3965 811 4050 pequdes
827 3988 1025 4049 peon-5·
1045 3965 1320 4049 pequuia
1344 3965 1668 4050 pequlatus
1697 4012 1713 4037 ‚
1757 3965 1913 4027 item
1944 3963 2011 4026 in
2041 3963 2186 4046 lege
2217 3962 2475 4025 Thoria

206 4067 308 4130 25
356 4074 687 4150 oqupatum
735 4072 802 4125 et
853 4063 960 4124 101
995 4063 1342 4146 persequtio
1378 4111 1391 4124 .
1434 4063 1744 4148 reliquuos
1786 4084 1908 4149 per
1940 4061 2078 4125 duo
2109 4086 2151 4123 u
2183 4060 2475 4125 dubitari

206 4185 369 4230 non
415 4169 650 4248 potest
691 4161 850 4245 quin
899 4167 1084 4222 extet
1112 4160 1176 4222 in
1210 4159 1552 4223 Ciceronis
1584 4158 1670 4223 de
1700 4182 1774 4223 re
1804 4160 2069 4246 publica
2098 4161 2268 4223 libro
2302 4182 2341 4231 1,
2360 4158 2474 4228 35,

207 4262 348 4327 ubi
371 4260 594 4323 Maius
619 4257 807 4322 dedit
830 4260 1146 4342 exiguuos
1163 4306 1180 4335 ,
1206 4281 1250 4342 9
1276 4257 1538 4320 litt-erae
1566 4280 1704 4321 non
1734 4258 1859 4321 nisi
1889 4257 2238 4341 vestigium
2266 4256 2477 4318 breve

213 4381 508 4426 manere
544 4364 866 4421 testatus:
898 4364 1182 4441 apparet
1203 4356 1371 4418 enim
1397 4354 1824 4419 scribendum
1850 4377 2000 4419 esse
2022 4356 2330 4440 reliquuos
2348 4377 2479 4416 sus-

215 4460 464 4525 tentari
495 4458 677 4520 unius
707 4456 916 4540 optimi
945 4466 999 4518 et
1023 4455 1243 4518 suumn?
1271 4455 1387 4516 riri
1417 4454 1730 4538 diliyeutia
1749 4502 1763 4515 .
1796 4454 2168 4538 scripturae
2198 4451 2481 4515 mutabi-

1996 4551 2077 4615 20
