3042 5192
1275 436 1378 507 IV
2298 442 2438 511 217

208 633 408 677 manu
440 636 455 676 :
494 632 714 697 neque
757 611 950 676 aliter
979 610 1307 676 Marullus
1336 662 1351 687 ‚
1395 634 1593 698 quem
1638 634 1869 677 omnes
1904 624 2223 680 secuntur
2256 666 2267 679 .
2317 616 2442 682 sed

205 732 345 774 non
374 710 553 775 solet
583 718 717 774 tam
744 710 1176 796 neglegenter
1204 711 1500 777 membra
1529 712 1853 776 orationis
1883 714 2286 800 coniungere
2308 715 2441 779 Lu-

197 809 487 884 eretius,
513 809 626 894 qui
647 808 833 873 haud
857 807 1056 874 dubie
1081 809 1430 898 scripsisse
1453 808 1833 875 censendus
1857 817 1962 874 est
1989 823 2046 875 et
2072 834 2277 887 QUAE
2305 825 2445 878 sum

193 907 414 991 prima
423 907 640 994 fronte
666 907 866 972 locata
894 954 908 970 .
950 927 1172 993 neque
1212 908 1384 971 enim
1425 908 1927 994 praepositione
1967 931 2138 994 opus
2180 918 2284 975 est
2315 958 2328 972 .
2373 912 2441 974 in

206 1026 246 1080 1,
262 1003 394 1068 978
416 1005 664 1094 finique
702 1007 853 1070 locet
885 1028 951 1069 se
981 1054 995 1068 .
1040 1005 1198 1070 item
1244 1004 1403 1070 1022
1441 1006 1677 1070 Ordine
1710 1030 1775 1070 ee
1812 1030 1922 1071 suo
1962 1030 2238 1095 quaeque
2277 1011 2440 1074 Idea-

206 1113 383 1166 runt.
415 1102 485 1165 in
516 1102 746 1178 1v‚204
774 1104 1646 1191 iamprimafronteparata.

375 1200 476 1264 73.
531 1200 713 1265 ΝΛΜ
757 1224 1009 1266 CERTE
1050 1223 1344 1267 IACBRE
1403 1223 1831 1266 Acrsaouu
1881 1225 2151 1268 uquA
2205 1227 2441 1270 vrna-

207 1321 359 1362 uus
390 1347 406 1362 .
452 1298 804 1385 Oblongus
841 1301 1111 1365 iaceo-ere
1147 1301 1439 1385 aciei-yid
1467 1349 1481 1364 .
1521 1300 1591 1363 in
1623 1299 1954 1386 quadrato
1986 1303 2445 1389 antiquissima

203 1417 448 1461 manus
488 1404 649 1484 post
692 1399 894 1463 iacere
935 1422 977 1463 a
1019 1396 1381 1485 adscripsit
1423 1399 1541 1462 ain
1571 1447 1590 1477 ,
1632 1419 1719 1461 ex
1762 1400 1823 1464 ci
1857 1399 2020 1464 fecit
2054 1423 2099 1464 u
2126 1448 2142 1475 ‚
2182 1403 2245 1465 ri
2285 1402 2441 1466 sub-

208 1493 443 1573 duxit3
473 1517 609 1581 quo
642 1494 926 1561 efficitur
967 1498 1169 1561 iacere
1196 1486 1273 1561 dc
1297 1498 1535 1583 iuver-9⁸*
1564 1546 1577 1559 .
1619 1495 1753 1561 hoc
1780 1497 1998 1582 ipsum
2027 1497 2411 1564 Gronovius
2430 1549 2446 1576 ,

207 1615 362 1659 cum
393 1594 844 1659 emendatoris
874 1614 1141 1658 manum
1167 1616 1305 1659 non
1335 1616 1618 1680 prorsus
1647 1594 2152 1681 adsequeretur,
2183 1598 2444 1662 coniec-

206 1703 367 1759 tura
405 1693 749 1758 inventum
788 1694 1018 1778 posuit
1056 1694 1126 1757 in
1163 1693 1752 1759 observationibus
1793 1718 1859 1780 p.
1891 1693 2059 1772 259;
2106 1718 2240 1782 quo
2280 1697 2446 1761 nihil

205 1791 540 1856 infelicius
578 1803 695 1856 aut
733 1798 872 1855 tam
901 1791 1171 1878 egregio
1200 1791 1347 1856 viro
1376 1791 1593 1855 minus
1624 1790 1896 1877 dignum
1927 1794 2296 1879 excogitari
2323 1817 2446 1881 po-

208 1892 344 1956 tnit
374 1939 388 1955 .
432 1897 686 1976 quanto
725 1889 958 1955 melius
986 1890 1137 1956 Itali
1167 1897 1236 1955 et
1263 1889 1591 1955 Marullus
1630 1892 1833 1955 iacere
1862 1914 1939 1956 ac
1964 1893 2235 1958 inmolari
2250 1893 2279 1957 !
2319 1893 2445 1959 sed

208 2011 446 2054 verum
476 1996 582 2053 est
606 1990 810 2053 iacere
838 2012 914 2053 ac
943 2009 1287 2052 anornr
1315 1990 1507 2053 multa
1533 1988 1834 2053 videmus.

378 2087 481 2152 75.
526 2107 930 2161 aussAQun
972 2108 1176 2152 VELA
1211 2135 1226 2150 .
1271 2085 1384 2151 Sic
1429 2086 1845 2172 quadratus:
1887 2086 2217 2173 oblongus
2267 2113 2446 2155 rma·

207 2213 327 2277 que
346 2235 360 2249 .
377 2185 711 2250 Heinsius
738 2186 808 2249 in
828 2184 1178 2250 Prudentii
1205 2186 1353 2271 peri
1380 2185 1601 2273 steph.
1630 2209 1696 2262 x,
1712 2185 1836 2250 908
1863 2208 2037 2250 russo
2069 2185 2293 2263 dedit,
2322 2188 2445 2252 ita-

208 2308 348 2373 que
373 2291 608 2350 vetera
643 2283 1049 2369 exemplaria
1077 2283 1404 2348 Martialis
1433 2306 1572 2360 xrv,
1596 2284 1713 2348 176
1731 2333 1747 2359 ,
1778 2283 2046 2348 codices
2077 2284 2317 2348 Catulli
2345 2286 2447 2361 39,

215 2385 293 2449 19
321 2407 538 2449 masam
562 2431 581 2462 ,
619 2394 860 2447 massata
898 2382 968 2445 in
999 2381 1230 2447 Orellii
1256 2381 1803 2467 inscriptionibus
1832 2381 2248 2446 2593—2599
2267 2432 2280 2445 .
2309 2407 2445 2448 rus·-

200 2507 343 2549 swn
373 2480 733 2547 dicendum
764 2502 912 2545 esse
930 2530 946 2557 ,
978 2501 1118 2545 non
1143 2503 1451 2560 mmmm,
1484 2479 1826 2545 Charisius
1857 2479 2061 2545 docet
2088 2504 2153 2567 p.
2173 2480 2253 2544 55
2274 2529 2288 2543 .

380 2581 482 2645 77.
506 2601 977 2644 TREMENTIA
1005 2600 1365 2644 rnucrus
1384 2628 1397 2642 .
1427 2577 2238 2669 Ita·quadratus,flucius‚·
2259 2580 2447 2666 quod

207 2680 726 2765 Havercampus
765 2698 904 2740 non
945 2676 1170 2764 potuit
1209 2675 1472 2762 legere:
1518 2677 1851 2764 oblongus
1890 2699 2129 2744 vocem
2169 2679 2445 2744 omittit.

204 2786 398 2845 recte
429 2776 791 2841 Turnebus
830 2795 1204 2839 rnurxur
1234 2823 1248 2838 .
1287 2775 1383 2839 ita
1423 2798 1521 2850 111,
1545 2776 1664 2841 189
1693 2778 1926 2842 tantillo
1953 2777 2445 2868 montimflutat.

204 2875 382 2963 quid
409 2876 583 2939 enim
612 2876 853 2939 causae
883 2873 971 2937 sit
998 2873 1363 2963 curflutare
1388 2874 1705 2937 reiciatur
1720 2923 1735 2949 ‚
1773 2885 1991 2940 nutare
2023 2865 2448 2960 abomni'bus

202 2975 545 3064 probetur
561 2973 594 3036 ἲ
615 2972 838 3037 Varro
849 2971 1076 3061 flutent
1100 2970 1492 3060 anflutentur
1514 2970 1760 3036 dixerit
1786 2973 2113 3037 incertum
2132 2980 2413 3059 putatur
2431 3022 2446 3050 ,

205 3075 376 3161 quia
411 3094 609 3137 nemo
645 3071 870 3136 adhuc
899 3071 1132 3136 vetera
1158 3070 1487 3162 Macrobii
1518 3070 1921 3157 exemplaria
1950 3071 2247 3135 excussit
2272 3118 2288 3146 ‚
2331 3073 2447 3157 qui

205 3172 548 3238 Varronis
577 3171 787 3237 verba
816 3169 1122 3235 exhibuit
1146 3171 1214 3234 in
1244 3193 1296 3236 11
1327 3170 1776 3235 Saturnalium
1810 3171 1919 3234 11.

383 3271 484 3336 78.
513 3293 608 3334 m:
645 3292 922 3336 ommm
953 3268 1328 3334 Scxsnar.
1368 3291 1715 3333 srscmu
1743 3289 2041 3332 arritum
2082 3289 2444 3334 nix-raun-

207 3393 372 3448 Qun
420 3391 748 3434 osonum
789 3368 1237 3432 Iure-reruni·
1269 3416 1285 3430 .
1327 3366 1686 3431 Corrector
1728 3366 2001 3452 oblongi
2046 3365 2448 3431 Scaenalem:

204 3466 593 3556 quadratus
625 3466 916 3532 Scaenali
940 3466 1199 3551 speciem
1239 3464 1262 3549 (
1274 3486 1413 3529 non
1437 3467 1738 3551 specimen
1754 3491 1776 3529 .·
1801 3464 2307 3552 Havercampus
2326 3512 2342 3540 ‚
2370 3470 2449 3529 ut

204 3567 394 3634 solet
411 3615 429 3643 ‚
457 3564 665 3651 fallit)
695 3563 1031 3630 subducta
1056 3589 1119 3628 m
1146 3565 1372 3629 littera
1389 3613 1405 3641 ,
1431 3564 1624 3649 quasi
1648 3561 1939 3629 delenda
1955 3612 1971 3639 ‚
2002 3563 2223 3627 omnia
2248 3583 2447 3628 manu

201 3666 430 3754 prima
454 3672 573 3729 aut
594 3671 775 3729 certe
798 3663 1074 3750 antiqua
1091 3713 1105 3727 .
1133 3683 1294 3727 vere
1313 3662 1677 3727 Lambinus
1702 3661 1750 3725 S
1767 3684 1915 3727 exn
1930 3684 2070 3728 mu
2089 3711 2106 3738 ,
2135 3662 2277 3727 sive
2302 3661 2448 3727 Sce-

198 3767 317 3830 nai
333 3790 357 3828 .·
385 3784 540 3828 nam
568 3763 639 3827 in
663 3763 861 3827 huius
890 3761 1073 3826 modi
1099 3761 1302 3827 rebus
1327 3759 1442 3846 qui
1471 3760 1917 3825 constantiam
1938 3760 2287 3847 postulant
2304 3807 2319 3835 ,
2347 3758 2446 3822 in-

206 3870 376 3950 epte
405 3861 654 3926 curiosi
683 3868 843 3925 sunt
871 3909 887 3937 ,
932 3860 1121 3925 obliti
1149 3859 1263 3925 vix
1293 3879 1692 3945 quemquam
1722 3878 1872 3923 esse
1904 3859 2019 3945 qui
2049 3879 2134 3923 ex
2163 3856 2447 3923 diversis

202 3962 611 4027 alterutrum
641 3966 828 4024 certo
860 3958 1138 4024 consilio
1169 3964 1492 4043 sequatur
1524 3977 1606 4020 ac
1633 3977 1774 4020 non
1800 3957 2029 4042 potius
2058 3978 2137 4020 eo
2171 3954 2358 4042 quod
2389 3955 2447 4018 ei

201 4059 320 4124 vel
346 4059 422 4123 in
453 4080 533 4122 os
561 4057 673 4121 vel
698 4057 825 4122 sub
856 4057 1180 4122 calamum
1209 4055 1437 4121 veniat
1463 4062 1693 4120 utatur
1722 4105 1736 4119 .
1776 4076 1865 4119 an
1895 4054 2282 4119 Ciceronem
2309 4074 2446 4117 uno

205 4165 406 4223 certo
443 4156 767 4243 temporis
805 4162 1142 4220 momento
1172 4155 1426 4241 pzdcros
1463 4155 1700 4240 Ceteyos
1735 4156 2029 4239 triumpos
2065 4154 2451 4237 Cartaqinem

204 4255 441 4320 dicere
484 4253 766 4319 desiisse
807 4254 1325 4320 existimabimus
1355 4252 1388 4316 Ρ
1425 4252 1654 4338 itaque
1680 4251 2033 4318 Lucretius
2073 4252 2143 4314 in
2170 4250 2304 4313 hoc
2330 4271 2449 4313 vo-

205 4354 458 4420 cabulo
489 4375 686 4418 usum
714 4353 877 4419 alias
913 4401 930 4428 ‚
971 4352 1135 4418 alias
1163 4352 1489 4417 rationem
1519 4349 1713 4436 sequi
1742 4350 1965 4438 potuit
1991 4398 2007 4413 .
2047 4369 2199 4413 nam
2226 4368 2452 4410 scaena

205 4476 332 4518 cur
354 4460 721 4540 argenteae
740 4452 1164 4542 potissimum
1192 4450 1394 4517 aetati
1423 4448 1848 4516 adscribatur
1875 4471 2015 4515 non
2039 4445 2238 4512 video
2258 4493 2274 4520 ‚
2304 4465 2452 4508 cum
