3042 5192
1244 476 1370 544 1111

174 659 247 722 fit
275 656 471 742 quasi
500 662 584 717 ut
613 651 707 717 ad
736 658 1006 717 tornum
1034 669 1347 714 saxorum
1377 656 1639 713 structa
1665 657 1961 716 tuamur:

176 794 310 837 non
341 779 575 835 tamen
604 776 683 831 ut
712 786 938 830 eoram
970 781 1144 848 quae
1174 770 1333 828 sunt
1358 783 1655 847 vereque
1683 764 1980 829 rutunda
1997 816 2013 840 ‚

176 885 300 950 sed
331 884 530 971 quasi
559 879 1003 947 adumbratim
1032 877 1301 964 paulum
1329 877 1637 943 simulata
1664 877 1980 944 videntur
1997 930 2011 944 .

177 1001 415 1065 umbra
443 995 717 1062 videtur
745 995 903 1058 item
928 993 1127 1058 nobis
1153 993 1225 1056 in
1254 990 1395 1056 sole
1424 993 1680 1056 moveri

59 1133 131 1177 πώ
178 1123 249 1178 et
276 1112 564 1197 vestigia
590 1116 835 1174 nostra
860 1107 1051 1192 sequi
1077 1113 1473 1193 gestumque
1500 1106 1777 1184 imitari3

179 1234 339 1291 aera
368 1227 429 1290 si
458 1223 682 1289 credis
708 1223 1041 1309 privatum
1070 1220 1310 1285 lumine
1338 1241 1545 1306 posse

179 1337 577 1427 indugredi,
598 1345 821 1402 motus
850 1336 1191 1400 hominum
1217 1342 1619 1421 gestumque
1650 1345 2070 1422 sequentem:

182 1478 339 1520 nam
366 1455 464 1519 nil
494 1473 643 1519 esse
670 1458 902 1537 potest
928 1451 1092 1515 aliut
1116 1450 1244 1514 nisi
1271 1448 1515 1514 lumine
1546 1471 1779 1515 cassus

183 1578 299 1635 aer
326 1568 400 1633 id
431 1565 617 1653 quod
644 1587 772 1629 nos
800 1565 1101 1630 umbram
1125 1563 1482 1650 perhibere
1513 1570 1780 1629 suemus
1800 1615 1813 1629 .

59 1703 137 1748 370
182 1686 253 1748 ni
280 1684 519 1748 mirum
540 1730 556 1756 ‚
581 1681 736 1765 quia
768 1687 948 1744 terra
973 1679 1140 1744 locis
1171 1699 1257 1776 eir
1285 1677 1521 1743 ordine
1553 1680 1758 1743 certis

188 1799 432 1862 lumine
460 1796 763 1881 privatur
791 1793 951 1859 solis
983 1813 1118 1877 qua
1145 1813 1429 1877 cumque
1455 1801 1757 1859 meantes

195 1912 516 1977 officimus
534 1959 550 1987 ,
568 1910 868 1995 repletur
893 1908 1052 1972 item
1083 1906 1269 1992 quod
1295 1907 1605 1992 liquimus
1635 1908 1776 1972 eius
1795 1957 1810 1982 ‚

196 2033 555 2112 propterea
579 2023 658 2087 fit
684 2022 787 2086 uti
812 2021 1123 2086 videatur
1139 2071 1156 2099 ‚
1180 2043 1353 2107 quae
1379 2021 1509 2087 fuit
1535 2022 1774 2087 umbra

192 2139 495 2225 corporis
515 2188 531 2214 ‚
555 2158 593 2201 e
618 2137 892 2223 regione
922 2134 1155 2200 eadem
1182 2158 1309 2201 nos
1337 2158 1556 2222 usque
1586 2145 1820 2202 secuta
1837 2187 1851 2200 .

63 2273 145 2317 375
195 2274 456 2339 semper
487 2252 660 2316 enim
687 2271 867 2316 nova
894 2272 968 2314 se
996 2249 1337 2315 radiorum
1365 2250 1613 2315 lumina
1639 2250 1932 2316 fundunt

195 2370 537 2457 primaque
565 2364 987 2450 dispereunt,
1018 2365 1210 2450 quasi
1235 2365 1306 2428 in
1333 2365 1554 2450 ignem
1581 2365 1735 2429 lana
1765 2367 2071 2431 trahatur
2088 2418 2103 2430 .

199 2491 560 2569 propterea
585 2478 779 2544 facile
810 2487 883 2543 et
910 2470 1236 2565 spoliatur
1262 2478 1506 2542 lumine
1536 2487 1720 2543 terra
1736 2528 1752 2554 ‚

198 2605 260 2661 et
285 2597 588 2682 repletur
613 2594 773 2659 item
800 2594 1162 2679 nigrasque
1193 2593 1318 2657 sibi
1347 2592 1559 2658 abluit
1585 2593 1856 2658 umbras
1874 2644 1888 2658 .

270 2710 421 2774 Nec
452 2718 674 2773 tamen
700 2708 812 2771 hic
840 2707 1073 2772 oculos
1098 2706 1239 2772 falli
1269 2706 1696 2773 concedimus
1723 2707 1929 2773 hilum
1948 2759 1962 2772 .

66 2841 151 2888 380
196 2847 344 2889 nam
374 2845 511 2909 quo
541 2842 824 2907 cumque
852 2821 1003 2887 loco
1034 2822 1122 2887 sit
1147 2822 1265 2887 lux
1294 2829 1497 2907 atque
1526 2823 1764 2888 umbra
1789 2825 1962 2888 tueri

197 2940 449 3004 illorum
482 2945 620 3002 est:
645 2936 880 3001 eadem
905 2958 1070 3002 vero
1099 2937 1235 3002 sint
1260 2936 1507 3002 lumina
1534 2958 1744 3001 necne
1763 2986 1779 3014 ‚

198 3055 558 3139 umbraque
590 3074 760 3138 quae
788 3050 916 3117 fuit
942 3052 1052 3116 hic
1083 3050 1317 3116 eadem
1343 3073 1524 3115 nunc
1552 3059 1859 3117 transeat
1882 3051 2037 3116 illuc
2056 3101 2070 3126 ‚

202 3190 283 3232 au
304 3168 535 3255 potius
560 3166 678 3231 fiat
703 3166 905 3252 paulo
937 3164 1123 3251 quod
1151 3164 1436 3230 diximus
1465 3173 1624 3231 ante
1642 3215 1659 3242 ,

204 3282 329 3348 hoc
355 3281 552 3347 animi
581 3279 844 3345 demum
873 3280 1047 3345 ratio
1079 3279 1461 3346 discernere
1493 3280 1699 3346 debet
1715 3330 1730 3357 ‚

68 3413 155 3457 με»
203 3418 317 3460 nec
344 3402 632 3482 possunt
659 3394 834 3459 oculi
860 3402 1166 3460 naturam
1193 3416 1475 3460 noscere
1501 3417 1724 3461 rerum
1742 3445 1756 3459 .

207 3509 477 3594 proinde
506 3510 705 3574 animi
739 3509 969 3574 vitium
996 3509 1131 3574 hoc
1159 3508 1373 3574 oculis
1402 3509 1741 3597 adfingere
1770 3511 1909 3575 noli
1928 3560 1941 3574 .

208 3646 331 3709 qua
354 3625 661 3690 vehimur
688 3625 844 3690 navi
861 3674 877 3700 ‚
896 3624 1113 3689 fertur
1130 3673 1146 3701 ,
1169 3643 1318 3689 cum
1347 3632 1528 3690 stare
1556 3625 1853 3690 videtur:

208 3760 366 3823 quae
392 3746 622 3804 manet
652 3738 722 3803 in
749 3740 1039 3805 statione
1056 3786 1073 3815 ‚
1094 3760 1174 3804 ea
1199 3747 1470 3825 praeter
1499 3740 1801 3805 creditur
1828 3741 1925 3805 ire
1944 3792 1957 3804 .

212 3861 273 3916 et
293 3853 516 3941 fugere
546 3853 637 3918 ad
662 3855 941 3941 puppim
969 3855 1173 3920 colles
1203 3857 1551 3942 campique
1578 3855 1894 3921 videntur
1911 3906 1926 3930 ‚

66 3981 159 4024 390
212 3987 364 4051 quos
391 3970 647 4055 agimus
676 3976 945 4055 praeter
971 3991 1208 4035 navem
1236 3970 1537 4056 velisque
1566 3972 1866 4036 volamus
1887 4020 1901 4034 .

214 4081 415 4148 sidera
442 4104 712 4148 cessare
741 4084 1057 4150 aetheriis
1086 4084 1309 4151 adfixa
1336 4087 1641 4151 cavernis

216 4205 431 4263 cuncta
456 4197 774 4263 videntur
792 4248 807 4275 ‚
832 4207 902 4264 et
930 4198 1216 4265 adsiduo
1248 4209 1406 4266 sunt
1434 4201 1656 4265 omnia
1682 4209 1867 4265 motu
1888 4249 1903 4276 ,

214 4443 295 4491 361
332 4449 541 4496 turnum
574 4445 596 4512 ΙΙ
635 4450 877 4499 tuantur.
917 4446 941 4514 u
976 4450 1077 4498 368
1113 4445 1237 4499 aliui
1271 4445 1294 4513 ΙΙ
1331 4451 1430 4497 378
1468 4443 1632 4497 adluit

2279 482 2414 550 127
