3042 5192
118 1103 206 1149 no

1344 450 1444 519 VI

254 624 639 714 conspicias
667 623 955 689 hominis
973 672 991 701 ‚
1012 623 1088 689 fit
1116 632 1192 689 ut
1222 625 1435 689 omnis
1467 624 1691 690 dicere
1722 647 1960 691 causas

254 741 619 806 conveniat
645 739 762 804 leti
780 788 796 815 ,
819 737 1080 804 dicatur
1107 747 1184 804 ut
1210 739 1385 804 illius
1413 761 1581 804 una:

252 878 407 920 nam
433 877 661 942 neque
693 876 842 918 eum
869 852 1050 918 ferro
1080 875 1207 917 nec
1233 853 1486 940 frigore
1514 855 1785 919 vincere
1813 856 2041 943 possis

252 970 589 1035 interiisse
618 991 841 1056 neque
871 990 912 1032 a
938 969 1175 1034 morbo
1206 990 1427 1054 neque
1458 968 1638 1035 forte
1666 992 1929 1037 veneno
1948 1019 1966 1048 ‚

253 1106 487 1150 verum
517 1083 769 1170 aliquid
797 1095 1043 1170 'genere
1072 1104 1225 1148 esse
1256 1105 1342 1148 ex
1367 1083 1502 1149 hoc
1534 1084 1720 1171 quod
1750 1086 2031 1171 contigit
2060 1087 2117 1149 ei

256 1201 506 1265 scimus
523 1249 538 1264 .
560 1200 718 1264 item
745 1199 816 1264 in
842 1198 1066 1263 multis
1095 1197 1230 1264 hoc
1258 1199 1464 1264 rebus
1495 1198 1721 1264 dicere
1749 1199 2108 1265 habemus.

330 1314 532 1378 Nilus
559 1315 631 1378 in
658 1321 980 1379 aestatem
1009 1315 1252 1380 crescit
1280 1315 1669 1401 campisque
1696 1312 2036 1380 redundat
2054 1364 2068 1390 ‚

250 1430 490 1493 unicus
520 1430 591 1492 in
620 1429 817 1493 terris
845 1429 1141 1517 Aegypti
1168 1429 1379 1494 totius
1408 1429 1622 1493 amnis
1642 1478 1656 1492 .

151 1557 157 1562 ’
248 1546 309 1608 is
336 1545 517 1630 rigat
545 1543 928 1630 Aegyptum
956 1543 1242 1608 medium
1272 1565 1397 1630 per
1427 1565 1631 1630 saepe
1663 1544 1949 1609 calorem
1969 1594 1984 1620 ‚

117 1676 195 1721 715

114 2249 199 2294 720

109 2820 195 2866 725

107 3394 197 3442 730

101 3968 191 4014 735

248 1666 366 1723 aut
396 1659 556 1744 quia
583 1666 742 1723 sunt
770 1665 1031 1723 aestate
1060 1658 1409 1745 aquilones
1440 1659 1617 1724 ostia
1645 1667 1882 1724 contra
1899 1708 1914 1734 ‚

252 1773 409 1837 anni
438 1779 740 1858 tempore
771 1794 852 1837 eo
884 1774 999 1859 qui
1029 1773 1276 1838 etesiae
1307 1795 1457 1839 esse
1486 1772 1794 1838 feruntur
1812 1823 1827 1850 ‚

252 1895 321 1952 et
349 1896 589 1952 contra
616 1886 887 1952 fluvium
915 1887 1157 1953 ssantes
1186 1897 1612 1953 remorantur
1643 1896 1710 1953 et
1738 1888 1957 1955 undas

249 2011 575 2088 cogentes
606 2024 841 2067 sursus
869 2003 1137 2089 replent
1166 2011 1552 2097 coguntque
1582 2025 1849 2069 manere
1868 2054 1883 2068 .

247 2138 402 2181 nam
434 2115 640 2183 dubio
668 2118 909 2203 procul
934 2118 1106 2183 haec
1136 2117 1427 2184 adverso
1456 2118 1671 2184 flabra
1697 2117 2003 2184 feruntur

250 2231 517 2296 flumine
536 2281 553 2308 ‚
576 2253 747 2318 quae
777 2231 1013 2319 gelidis
1044 2234 1130 2299 ab
1160 2234 1370 2299 stellis
1402 2236 1548 2298 axis
1578 2241 1898 2320 aguntur:

246 2347 352 2412 ille
383 2368 469 2410 ex
498 2347 814 2412 aestifera
840 2348 1018 2436 parti
1045 2348 1230 2412 venit
1257 2348 1468 2412 amnis
1497 2349 1584 2412 ab
1616 2356 1847 2414 austro
1867 2397 1884 2424 ‚

247 2462 420 2527 inter
447 2463 643 2549 nigra
669 2464 883 2528 virum
911 2471 1234 2551 percocto
1267 2464 1491 2528 saecla
1519 2464 1745 2528 colore

249 2579 559 2642 exoriens
586 2578 854 2664 penitus
882 2577 1102 2643 media
1131 2579 1217 2644 ab
1246 2579 1519 2665 regione
1551 2578 1715 2643 diei.

251 2699 353 2756 est
381 2713 655 2778 quoque
682 2692 782 2756 uti
809 2694 1032 2779 possit
1058 2713 1339 2780 magnus
1370 2702 1735 2781 congestus
1765 2694 2054 2760 harenae

248 2805 559 2871 fluctibus
588 2805 894 2873 adversis
924 2808 1227 2894 oppilare
1256 2810 1432 2874 ostia
1461 2817 1700 2874 contra
1718 2858 1735 2884 ,
1763 2841 1766 2844 *

251 2942 395 2985 cum
422 2942 608 2986 mare
636 2930 1011 3009 permotum
1039 2924 1258 2989 ventis
1287 2924 1423 2989 ruit
1451 2924 1633 2989 intus
1662 2925 2016 3000 harenam3

253 3057 383 3121 quo
412 3036 493 3101 fit
516 3038 617 3102 uti
645 3045 848 3124 pacto
878 3037 1048 3102 liber
1075 3039 1294 3102 minus
1326 3039 1545 3104 exitus
1575 3041 1750 3104 amni

250 3159 317 3215 et
342 3152 663 3237 proclivis
693 3153 853 3217 item
879 3151 998 3217 fiat
1023 3152 1240 3218 minus
1267 3153 1556 3239 impetus
1586 3154 1786 3219 undis
1804 3205 1818 3218 .

250 3264 325 3329 fit
350 3287 623 3352 quoque
649 3268 750 3330 uti
779 3266 1042 3354 pluviae
1060 3316 1076 3343 ,
1097 3266 1332 3332 forsan
1350 3317 1367 3345 ,
1388 3270 1599 3356 magis
1630 3268 1718 3335 ad
1747 3278 1952 3356 caput
1984 3271 2041 3333 ei

252 3387 551 3467 tempore
581 3402 663 3446 eo
691 3381 858 3446 fiant
874 3430 891 3459 ,
913 3380 1101 3467 quod
1130 3384 1341 3448 etesia
1365 3382 1581 3449 flabra
1608 3385 1992 3471 aquilonum

249 3495 471 3562 nubila
500 3496 837 3562 coniciunt
862 3497 933 3559 in
964 3517 1078 3561 eas
1107 3504 1270 3561 tunc
1300 3500 1521 3563 omnia
1548 3500 1794 3585 partis:

252 3610 505 3676 scilicet
521 3660 538 3686 ,
561 3610 652 3674 ad
677 3609 961 3676 mediam
989 3612 1330 3698 regionem
1362 3615 1574 3679 eiecta
1603 3614 1733 3678 diei

251 3747 395 3790 cum
429 3733 891 3791 convenerunt
908 3775 924 3802 ‚
946 3726 1037 3792 ibi
1066 3725 1157 3791 ad
1186 3727 1362 3793 altos
1392 3728 1683 3814 denique
1711 3730 1957 3793 montis

249 3849 605 3906 contrusae
634 3842 849 3906 nubes
879 3849 1214 3928 coguntur
1241 3842 1441 3928 vique
1471 3850 1866 3930 premuntur
1884 3892 1897 3906 .

246 3952 529 4022 forsitan
559 3955 966 4042 Aethiopum
994 3957 1266 4044 penitus
1297 3954 1383 4021 de
1412 3958 1752 4024 montibus
1783 3958 1935 4023 altis

2357 457 2496 526 229

256 4235 359 4280 708
394 4229 635 4301 Namque
666 4223 704 4302 fl
755 4237 854 4285 710
891 4232 1090 4286 Utrum
1124 4249 1318 4304 genere
1352 4232 1550 4305 aliquid
1596 4232 1616 4304 ΙΙ
1666 4232 1966 4286 contioitel.
2018 4233 2039 4306 ΙΙ
2089 4239 2189 4286 716
2229 4234 2420 4286 ctesirc
2460 4235 2479 4302 ΙΙ

255 4317 359 4363 719
393 4312 557 4366 flabro
601 4313 623 4384 ΙΙ
663 4319 762 4366 723
801 4313 1035 4370 Exorins
1072 4311 1094 4386 ΙΙ
1131 4322 1231 4369 726
1268 4318 1349 4371 rui
1385 4315 1406 4387 ΙΙ
1445 4323 1544 4369 727
1583 4318 1780 4371 amnis.
1821 4317 1841 4386 ΙΙ
1879 4322 1978 4370 730
2014 4334 2118 4387 quo
