<?xml version="1.0" encoding="UTF-8"?>
<!DOCTYPE html PUBLIC "-//W3C//DTD XHTML 1.0 Transitional//EN"
    "http://www.w3.org/TR/xhtml1/DTD/xhtml1-transitional.dtd">
<html xmlns="http://www.w3.org/1999/xhtml" xml:lang="en" lang="en">
 <head>
  <title>
</title>
<meta http-equiv="Content-Type" content="text/html;charset=utf-8" />
  <meta name='ocr-system' content='tesseract 3.04.00' />
  <meta name='ocr-capabilities' content='ocr_page ocr_carea ocr_par ocr_line ocrx_word'/>
</head>
<body>
  <div class='ocr_page' id='page_1' title='image "./tlucreticarider04unkngoog_0225.png"; bbox 0 0 3042 5192; ppageno 0'>
   <div class='ocr_carea' id='block_1_1' title="bbox 118 999 192 1044">
    <p class='ocr_par' dir='ltr' id='par_1_1' title="bbox 118 999 192 1044">
     <span class='ocr_line' id='line_1_1' title="bbox 118 999 192 1044; baseline 0.014 -1"><span class='ocrx_word' id='word_1_1' title='bbox 118 999 192 1044; x_wconf 77' lang='lat'>230</span> 
     </span>
    </p>
   </div>
   <div class='ocr_carea' id='block_1_2' title="bbox 112 1573 188 1616">
    <p class='ocr_par' dir='ltr' id='par_1_2' title="bbox 112 1573 188 1616">
     <span class='ocr_line' id='line_1_2' title="bbox 112 1573 188 1616; baseline 0 0"><span class='ocrx_word' id='word_1_2' title='bbox 112 1573 188 1616; x_wconf 78' lang='lat'>235</span> 
     </span>
    </p>
   </div>
   <div class='ocr_carea' id='block_1_3' title="bbox 108 2146 191 2191">
    <p class='ocr_par' dir='ltr' id='par_1_3' title="bbox 108 2146 191 2191">
     <span class='ocr_line' id='line_1_3' title="bbox 108 2146 191 2191; baseline 0.024 -2"><span class='ocrx_word' id='word_1_3' title='bbox 108 2146 191 2191; x_wconf 67' lang='lat'>2⁴0</span> 
     </span>
    </p>
   </div>
   <div class='ocr_carea' id='block_1_4' title="bbox 106 2721 188 2766">
    <p class='ocr_par' dir='ltr' id='par_1_4' title="bbox 106 2721 188 2766">
     <span class='ocr_line' id='line_1_4' title="bbox 106 2721 188 2766; baseline 0.037 -3"><span class='ocrx_word' id='word_1_4' title='bbox 106 2721 188 2766; x_wconf 67' lang='lat'>245</span> 
     </span>
    </p>
   </div>
   <div class='ocr_carea' id='block_1_5' title="bbox 103 3297 189 3342">
    <p class='ocr_par' dir='ltr' id='par_1_5' title="bbox 103 3297 189 3342">
     <span class='ocr_line' id='line_1_5' title="bbox 103 3297 189 3342; baseline 0.035 -3"><span class='ocrx_word' id='word_1_5' title='bbox 103 3297 189 3342; x_wconf 76' lang='lat'>250</span> 
     </span>
    </p>
   </div>
   <div class='ocr_carea' id='block_1_6' title="bbox 1316 463 1416 531">
    <p class='ocr_par' dir='ltr' id='par_1_6' title="bbox 1316 463 1416 531">
     <span class='ocr_line' id='line_1_6' title="bbox 1316 463 1416 531; baseline 0.02 -2"><span class='ocrx_word' id='word_1_6' title='bbox 1316 463 1416 531; x_wconf 90' lang='lat' dir='ltr'>VI</span> 
     </span>
    </p>
   </div>
   <div class='ocr_carea' id='block_1_7' title="bbox 239 635 1861 838">
    <p class='ocr_par' dir='ltr' id='par_1_7' title="bbox 239 635 1861 838">
     <span class='ocr_line' id='line_1_7' title="bbox 240 635 1674 722; baseline -0.001 -21"><span class='ocrx_word' id='word_1_7' title='bbox 240 636 590 701; x_wconf 88' lang='lat' dir='ltr'>constituit</span> <span class='ocrx_word' id='word_1_8' title='bbox 618 642 863 700; x_wconf 87' lang='lat' dir='ltr'>natura</span> <span class='ocrx_word' id='word_1_9' title='bbox 888 635 1158 699; x_wconf 87' lang='lat' dir='ltr'>minutis</span> <span class='ocrx_word' id='word_1_10' title='bbox 1188 637 1674 722; x_wconf 80' lang='lat' dir='ltr'>mobilibusque</span> 
     </span>
     <span class='ocr_line' id='line_1_8' title="bbox 239 750 1861 838; baseline -0.001 -22"><span class='ocrx_word' id='word_1_11' title='bbox 239 752 642 838; x_wconf 79' lang='lat' dir='ltr'>corporibus</span> <span class='ocrx_word' id='word_1_12' title='bbox 659 800 675 826; x_wconf 94' lang='lat'>‚</span> <span class='ocrx_word' id='word_1_13' title='bbox 699 751 803 815; x_wconf 92' lang='lat' dir='ltr'>cui</span> <span class='ocrx_word' id='word_1_14' title='bbox 832 750 925 814; x_wconf 91' lang='lat' dir='ltr'>nil</span> <span class='ocrx_word' id='word_1_15' title='bbox 955 751 1223 815; x_wconf 90' lang='lat' dir='ltr'>omnino</span> <span class='ocrx_word' id='word_1_16' title='bbox 1255 752 1584 816; x_wconf 88' lang='lat' dir='ltr'>obsistere</span> <span class='ocrx_word' id='word_1_17' title='bbox 1610 752 1831 836; x_wconf 79' lang='lat' dir='ltr'>possit</span> <span class='ocrx_word' id='word_1_18' title='bbox 1848 802 1861 815; x_wconf 94' lang='lat'>.</span> 
     </span>
    </p>
   </div>
   <div class='ocr_carea' id='block_1_8' title="bbox 119 864 2103 1068">
    <p class='ocr_par' dir='ltr' id='par_1_8' title="bbox 119 864 2103 1068">
     <span class='ocr_line' id='line_1_9' title="bbox 119 864 2019 952; baseline 0.001 -23"><span class='ocrx_word' id='word_1_19' title='bbox 119 887 165 929; x_wconf 60' lang='grc' dir='ltr'>ιν.»</span> <span class='ocrx_word' id='word_1_20' title='bbox 240 867 479 930; x_wconf 81' lang='lat' dir='ltr'>transit</span> <span class='ocrx_word' id='word_1_21' title='bbox 510 866 685 929; x_wconf 92' lang='lat' dir='ltr'>enim</span> <span class='ocrx_word' id='word_1_22' title='bbox 712 864 1005 930; x_wconf 84' lang='lat' dir='ltr'>validum</span> <span class='ocrx_word' id='word_1_23' title='bbox 1030 865 1281 929; x_wconf 89' lang='lat' dir='ltr'>fulmen</span> <span class='ocrx_word' id='word_1_24' title='bbox 1308 886 1432 951; x_wconf 90' lang='lat' dir='ltr'>per</span> <span class='ocrx_word' id='word_1_25' title='bbox 1459 886 1625 930; x_wconf 84' lang='lat' dir='ltr'>saxa</span> <span class='ocrx_word' id='word_1_26' title='bbox 1641 914 1656 940; x_wconf 92' lang='lat'>‚</span> <span class='ocrx_word' id='word_1_27' title='bbox 1678 887 1802 952; x_wconf 88' lang='lat' dir='ltr'>per</span> <span class='ocrx_word' id='word_1_28' title='bbox 1831 887 1986 930; x_wconf 85' lang='lat' dir='ltr'>aera</span> <span class='ocrx_word' id='word_1_29' title='bbox 2005 916 2019 941; x_wconf 85' lang='lat'>‚</span> 
     </span>
     <span class='ocr_line' id='line_1_10' title="bbox 241 979 2103 1068; baseline 0.001 -25"><span class='ocrx_word' id='word_1_30' title='bbox 241 990 307 1044; x_wconf 89' lang='lat' dir='ltr'>et</span> <span class='ocrx_word' id='word_1_31' title='bbox 336 979 663 1066; x_wconf 90' lang='lat' dir='ltr'>liquidum</span> <span class='ocrx_word' id='word_1_32' title='bbox 691 988 944 1065; x_wconf 89' lang='lat' dir='ltr'>puncto</span> <span class='ocrx_word' id='word_1_33' title='bbox 974 979 1138 1043; x_wconf 88' lang='lat' dir='ltr'>facit</span> <span class='ocrx_word' id='word_1_34' title='bbox 1165 1001 1280 1044; x_wconf 86' lang='lat' dir='ltr'>aes</span> <span class='ocrx_word' id='word_1_35' title='bbox 1308 981 1377 1044; x_wconf 91' lang='lat' dir='ltr'>in</span> <span class='ocrx_word' id='word_1_36' title='bbox 1405 989 1711 1068; x_wconf 88' lang='lat' dir='ltr'>tempore</span> <span class='ocrx_word' id='word_1_37' title='bbox 1741 989 1810 1045; x_wconf 90' lang='lat' dir='ltr'>et</span> <span class='ocrx_word' id='word_1_38' title='bbox 1837 1001 2070 1046; x_wconf 88' lang='lat' dir='ltr'>aurum</span> <span class='ocrx_word' id='word_1_39' title='bbox 2089 1032 2103 1058; x_wconf 94' lang='lat'>,</span> 
     </span>
    </p>
   </div>
   <div class='ocr_carea' id='block_1_9' title="bbox 236 1094 2000 2444">
    <p class='ocr_par' dir='ltr' id='par_1_9' title="bbox 236 1094 2000 2444">
     <span class='ocr_line' id='line_1_11' title="bbox 239 1094 1606 1181; baseline -0.001 -22"><span class='ocrx_word' id='word_1_40' title='bbox 239 1104 432 1160; x_wconf 85' lang='lat' dir='ltr'>curat</span> <span class='ocrx_word' id='word_1_41' title='bbox 460 1098 602 1161; x_wconf 90' lang='lat' dir='ltr'>utei</span> <span class='ocrx_word' id='word_1_42' title='bbox 629 1096 811 1159; x_wconf 82' lang='lat' dir='ltr'>vasis</span> <span class='ocrx_word' id='word_1_43' title='bbox 838 1094 1116 1180; x_wconf 77' lang='lat' dir='ltr'>integris</span> <span class='ocrx_word' id='word_1_44' title='bbox 1143 1095 1299 1158; x_wconf 84' lang='lat' dir='ltr'>vina</span> <span class='ocrx_word' id='word_1_45' title='bbox 1325 1102 1606 1181; x_wconf 89' lang='lat' dir='ltr'>repente</span> 
     </span>
     <span class='ocr_line' id='line_1_12' title="bbox 239 1208 1961 1297; baseline 0.001 -24"><span class='ocrx_word' id='word_1_46' title='bbox 239 1211 626 1297; x_wconf 73' lang='lat' dir='ltr'>‹liffngiant;</span> <span class='ocrx_word' id='word_1_47' title='bbox 648 1211 804 1296; x_wconf 90' lang='lat' dir='ltr'>quia</span> <span class='ocrx_word' id='word_1_48' title='bbox 820 1258 837 1284; x_wconf 89' lang='lat'>‚</span> <span class='ocrx_word' id='word_1_49' title='bbox 860 1210 930 1273; x_wconf 88' lang='lat' dir='ltr'>ni</span> <span class='ocrx_word' id='word_1_50' title='bbox 956 1209 1191 1273; x_wconf 87' lang='lat' dir='ltr'>mirum</span> <span class='ocrx_word' id='word_1_51' title='bbox 1207 1258 1223 1284; x_wconf 94' lang='lat'>‚</span> <span class='ocrx_word' id='word_1_52' title='bbox 1243 1208 1438 1274; x_wconf 86' lang='lat' dir='ltr'>facile</span> <span class='ocrx_word' id='word_1_53' title='bbox 1466 1210 1688 1274; x_wconf 81' lang='lat' dir='ltr'>omnia</span> <span class='ocrx_word' id='word_1_54' title='bbox 1715 1210 1961 1275; x_wconf 91' lang='lat' dir='ltr'>circum</span> 
     </span>
     <span class='ocr_line' id='line_1_13' title="bbox 237 1324 1682 1410; baseline -0.001 -21"><span class='ocrx_word' id='word_1_55' title='bbox 237 1326 556 1390; x_wconf 76' lang='lat' dir='ltr'><strong>conlaxat</strong></span> <span class='ocrx_word' id='word_1_56' title='bbox 583 1345 867 1410; x_wconf 87' lang='lat' dir='ltr'>rareque</span> <span class='ocrx_word' id='word_1_57' title='bbox 894 1324 1055 1388; x_wconf 81' lang='lat' dir='ltr'>facit</span> <span class='ocrx_word' id='word_1_58' title='bbox 1080 1324 1473 1388; x_wconf 79' lang='lat' dir='ltr'>lateramina</span> <span class='ocrx_word' id='word_1_59' title='bbox 1498 1325 1682 1389; x_wconf 83' lang='lat' dir='ltr'>vasis</span> 
     </span>
     <span class='ocr_line' id='line_1_14' title="bbox 238 1439 1869 1526; baseline -0.001 -21"><span class='ocrx_word' id='word_1_60' title='bbox 238 1440 608 1505; x_wconf 84' lang='lat' dir='ltr'>adveniens</span> <span class='ocrx_word' id='word_1_61' title='bbox 638 1440 822 1503; x_wconf 85' lang='lat' dir='ltr'>calor</span> <span class='ocrx_word' id='word_1_62' title='bbox 852 1439 994 1502; x_wconf 90' lang='lat' dir='ltr'>eius</span> <span class='ocrx_word' id='word_1_63' title='bbox 1012 1488 1028 1515; x_wconf 90' lang='lat'>‚</span> <span class='ocrx_word' id='word_1_64' title='bbox 1052 1447 1122 1503; x_wconf 87' lang='lat' dir='ltr'>et</span> <span class='ocrx_word' id='word_1_65' title='bbox 1147 1439 1524 1503; x_wconf 86' lang='lat' dir='ltr'>insinuatus</span> <span class='ocrx_word' id='word_1_66' title='bbox 1552 1440 1622 1503; x_wconf 90' lang='lat' dir='ltr'>in</span> <span class='ocrx_word' id='word_1_67' title='bbox 1649 1440 1869 1526; x_wconf 86' lang='lat' dir='ltr'>ipsum</span> 
     </span>
     <span class='ocr_line' id='line_1_15' title="bbox 236 1552 1710 1639; baseline -0.001 -21"><span class='ocrx_word' id='word_1_68' title='bbox 236 1556 570 1619; x_wconf 78' lang='lat' dir='ltr'>mobiliter</span> <span class='ocrx_word' id='word_1_69' title='bbox 597 1555 868 1619; x_wconf 89' lang='lat' dir='ltr'>soluens</span> <span class='ocrx_word' id='word_1_70' title='bbox 899 1553 1123 1618; x_wconf 88' lang='lat' dir='ltr'>differt</span> <span class='ocrx_word' id='word_1_71' title='bbox 1149 1552 1512 1639; x_wconf 85' lang='lat' dir='ltr'>primordia</span> <span class='ocrx_word' id='word_1_72' title='bbox 1540 1554 1675 1619; x_wconf 86' lang='lat' dir='ltr'>vini</span> <span class='ocrx_word' id='word_1_73' title='bbox 1697 1603 1710 1617; x_wconf 91' lang='lat'>.</span> 
     </span>
     <span class='ocr_line' id='line_1_16' title="bbox 238 1667 1872 1755; baseline -0.002 -21"><span class='ocrx_word' id='word_1_74' title='bbox 238 1669 424 1755; x_wconf 88' lang='lat' dir='ltr'>quod</span> <span class='ocrx_word' id='word_1_75' title='bbox 454 1670 615 1733; x_wconf 91' lang='lat' dir='ltr'>solis</span> <span class='ocrx_word' id='word_1_76' title='bbox 642 1690 858 1754; x_wconf 84' lang='lat' dir='ltr'>vapor</span> <span class='ocrx_word' id='word_1_77' title='bbox 886 1676 1173 1733; x_wconf 83' lang='lat' dir='ltr'>aetatem</span> <span class='ocrx_word' id='word_1_78' title='bbox 1202 1667 1339 1732; x_wconf 88' lang='lat' dir='ltr'>non</span> <span class='ocrx_word' id='word_1_79' title='bbox 1368 1690 1576 1754; x_wconf 91' lang='lat' dir='ltr'>posse</span> <span class='ocrx_word' id='word_1_80' title='bbox 1603 1667 1872 1732; x_wconf 87' lang='lat' dir='ltr'>videtur</span> 
     </span>
     <span class='ocr_line' id='line_1_17' title="bbox 236 1781 1881 1871; baseline -0.001 -23"><span class='ocrx_word' id='word_1_81' title='bbox 236 1783 499 1848; x_wconf 86' lang='lat' dir='ltr'>efficere</span> <span class='ocrx_word' id='word_1_82' title='bbox 528 1806 743 1871; x_wconf 88' lang='lat' dir='ltr'>usque</span> <span class='ocrx_word' id='word_1_83' title='bbox 774 1783 946 1847; x_wconf 88' lang='lat' dir='ltr'>adeo</span> <span class='ocrx_word' id='word_1_84' title='bbox 975 1783 1236 1870; x_wconf 91' lang='lat' dir='ltr'>pollens</span> <span class='ocrx_word' id='word_1_85' title='bbox 1264 1781 1534 1848; x_wconf 86' lang='lat' dir='ltr'>fervore</span> <span class='ocrx_word' id='word_1_86' title='bbox 1564 1805 1846 1847; x_wconf 89' lang='lat' dir='ltr'>corusco</span> <span class='ocrx_word' id='word_1_87' title='bbox 1868 1834 1881 1847; x_wconf 94' lang='lat'>.</span> 
     </span>
     <span class='ocr_line' id='line_1_18' title="bbox 240 1897 1845 1994; baseline -0.001 -31"><span class='ocrx_word' id='word_1_88' title='bbox 240 1907 432 1963; x_wconf 89' lang='lat' dir='ltr'>tanto</span> <span class='ocrx_word' id='word_1_89' title='bbox 463 1899 766 1964; x_wconf 88' lang='lat' dir='ltr'>mobilior</span> <span class='ocrx_word' id='word_1_90' title='bbox 792 1900 895 1964; x_wconf 87' lang='lat' dir='ltr'>vis</span> <span class='ocrx_word' id='word_1_91' title='bbox 925 1906 994 1962; x_wconf 87' lang='lat' dir='ltr'>et</span> <span class='ocrx_word' id='word_1_92' title='bbox 1021 1897 1471 1994; x_wconf 64' lang='lat' dir='ltr'>dominantior</span> <span class='ocrx_word' id='word_1_93' title='bbox 1498 1898 1670 1962; x_wconf 88' lang='lat' dir='ltr'>haec</span> <span class='ocrx_word' id='word_1_94' title='bbox 1700 1905 1806 1962; x_wconf 92' lang='lat' dir='ltr'>est</span> <span class='ocrx_word' id='word_1_95' title='bbox 1823 1910 1845 1961; x_wconf 85' lang='grc'>.’</span> 
     </span>
     <span class='ocr_line' id='line_1_19' title="bbox 320 2013 2000 2100; baseline -0.001 -23"><span class='ocrx_word' id='word_1_96' title='bbox 320 2014 519 2079; x_wconf 90' lang='lat' dir='ltr'>Nunc</span> <span class='ocrx_word' id='word_1_97' title='bbox 549 2037 629 2079; x_wconf 88' lang='lat' dir='ltr'>ea</span> <span class='ocrx_word' id='word_1_98' title='bbox 658 2036 792 2100; x_wconf 92' lang='lat' dir='ltr'>quo</span> <span class='ocrx_word' id='word_1_99' title='bbox 822 2022 1026 2100; x_wconf 88' lang='lat' dir='ltr'>pacto</span> <span class='ocrx_word' id='word_1_100' title='bbox 1054 2013 1412 2099; x_wconf 81' lang='lat' dir='ltr'>gignantur</span> <span class='ocrx_word' id='word_1_101' title='bbox 1442 2020 1510 2077; x_wconf 90' lang='lat' dir='ltr'>et</span> <span class='ocrx_word' id='word_1_102' title='bbox 1536 2013 1782 2098; x_wconf 91' lang='lat' dir='ltr'>impete</span> <span class='ocrx_word' id='word_1_103' title='bbox 1810 2021 2000 2078; x_wconf 86' lang='lat' dir='ltr'>tanto</span> 
     </span>
     <span class='ocr_line' id='line_1_20' title="bbox 239 2126 1641 2215; baseline 0 -23"><span class='ocrx_word' id='word_1_104' title='bbox 239 2129 401 2193; x_wconf 80' lang='lat' dir='ltr'>fiant</span> <span class='ocrx_word' id='word_1_105' title='bbox 430 2136 510 2193; x_wconf 91' lang='lat' dir='ltr'>ut</span> <span class='ocrx_word' id='word_1_106' title='bbox 536 2130 800 2215; x_wconf 87' lang='lat' dir='ltr'>possint</span> <span class='ocrx_word' id='word_1_107' title='bbox 828 2129 965 2194; x_wconf 89' lang='lat' dir='ltr'>ictu</span> <span class='ocrx_word' id='word_1_108' title='bbox 996 2126 1373 2193; x_wconf 79' lang='lat' dir='ltr'>discludere</span> <span class='ocrx_word' id='word_1_109' title='bbox 1400 2128 1607 2192; x_wconf 86' lang='lat' dir='ltr'>turris</span> <span class='ocrx_word' id='word_1_110' title='bbox 1625 2177 1641 2204; x_wconf 88' lang='lat'>‚</span> 
     </span>
     <span class='ocr_line' id='line_1_21' title="bbox 238 2242 1869 2329; baseline -0.001 -21"><span class='ocrx_word' id='word_1_111' title='bbox 238 2242 618 2308; x_wconf 84' lang='lat' dir='ltr'>disturbare</span> <span class='ocrx_word' id='word_1_112' title='bbox 649 2243 885 2308; x_wconf 90' lang='lat' dir='ltr'>domos</span> <span class='ocrx_word' id='word_1_113' title='bbox 904 2292 920 2319; x_wconf 90' lang='lat'>‚</span> <span class='ocrx_word' id='word_1_114' title='bbox 942 2243 1227 2308; x_wconf 84' lang='lat' dir='ltr'>avellere</span> <span class='ocrx_word' id='word_1_115' title='bbox 1256 2243 1443 2329; x_wconf 88' lang='lat' dir='ltr'>tigna</span> <span class='ocrx_word' id='word_1_116' title='bbox 1469 2243 1836 2329; x_wconf 86' lang='lat' dir='ltr'>trabesque</span> <span class='ocrx_word' id='word_1_117' title='bbox 1854 2291 1869 2318; x_wconf 86' lang='lat'>,</span> 
     </span>
     <span class='ocr_line' id='line_1_22' title="bbox 238 2358 1734 2444; baseline -0.001 -21"><span class='ocrx_word' id='word_1_118' title='bbox 238 2368 305 2424; x_wconf 90' lang='lat' dir='ltr'>et</span> <span class='ocrx_word' id='word_1_119' title='bbox 330 2359 627 2423; x_wconf 87' lang='lat' dir='ltr'>lamenta</span> <span class='ocrx_word' id='word_1_120' title='bbox 651 2360 867 2423; x_wconf 86' lang='lat' dir='ltr'>virum</span> <span class='ocrx_word' id='word_1_121' title='bbox 896 2358 1260 2423; x_wconf 91' lang='lat' dir='ltr'>commoliri</span> <span class='ocrx_word' id='word_1_122' title='bbox 1291 2366 1495 2444; x_wconf 92' lang='lat' dir='ltr'>atque</span> <span class='ocrx_word' id='word_1_123' title='bbox 1526 2358 1701 2422; x_wconf 88' lang='lat' dir='ltr'>ciere</span> <span class='ocrx_word' id='word_1_124' title='bbox 1718 2407 1734 2434; x_wconf 89' lang='lat'>‚</span> 
     </span>
    </p>
   </div>
   <div class='ocr_carea' id='block_1_10' title="bbox 237 2473 2096 2675">
    <p class='ocr_par' dir='ltr' id='par_1_10' title="bbox 237 2473 2096 2675">
     <span class='ocr_line' id='line_1_23' title="bbox 241 2473 2073 2560; baseline -0.001 -22"><span class='ocrx_word' id='word_1_125' title='bbox 241 2475 617 2540; x_wconf 85' lang='lat' dir='ltr'>exanimare</span> <span class='ocrx_word' id='word_1_126' title='bbox 646 2474 952 2539; x_wconf 90' lang='lat' dir='ltr'>homines</span> <span class='ocrx_word' id='word_1_127' title='bbox 969 2522 983 2549; x_wconf 89' lang='lat'>,</span> <span class='ocrx_word' id='word_1_128' title='bbox 1005 2473 1303 2560; x_wconf 91' lang='lat' dir='ltr'>pecudes</span> <span class='ocrx_word' id='word_1_129' title='bbox 1333 2480 1764 2559; x_wconf 88' lang='lat' dir='ltr'>prosternere</span> <span class='ocrx_word' id='word_1_130' title='bbox 1792 2474 2038 2560; x_wconf 87' lang='lat' dir='ltr'>passim</span> <span class='ocrx_word' id='word_1_131' title='bbox 2058 2523 2073 2549; x_wconf 91' lang='lat'>,</span> 
     </span>
     <span class='ocr_line' id='line_1_24' title="bbox 237 2588 2096 2675; baseline 0 -22"><span class='ocrx_word' id='word_1_132' title='bbox 237 2599 465 2654; x_wconf 87' lang='lat' dir='ltr'>cetera</span> <span class='ocrx_word' id='word_1_133' title='bbox 495 2589 581 2654; x_wconf 89' lang='lat' dir='ltr'>de</span> <span class='ocrx_word' id='word_1_134' title='bbox 610 2610 853 2675; x_wconf 86' lang='lat' dir='ltr'>genere</span> <span class='ocrx_word' id='word_1_135' title='bbox 879 2589 1014 2653; x_wconf 89' lang='lat' dir='ltr'>hoc</span> <span class='ocrx_word' id='word_1_136' title='bbox 1044 2609 1179 2674; x_wconf 86' lang='lat' dir='ltr'>qua</span> <span class='ocrx_word' id='word_1_137' title='bbox 1204 2588 1272 2652; x_wconf 85' lang='lat' dir='ltr'>vi</span> <span class='ocrx_word' id='word_1_138' title='bbox 1298 2588 1521 2652; x_wconf 84' lang='lat' dir='ltr'>facere</span> <span class='ocrx_word' id='word_1_139' title='bbox 1551 2589 1772 2653; x_wconf 89' lang='lat' dir='ltr'>omnia</span> <span class='ocrx_word' id='word_1_140' title='bbox 1797 2589 2064 2675; x_wconf 90' lang='lat' dir='ltr'>possint</span> <span class='ocrx_word' id='word_1_141' title='bbox 2082 2638 2096 2661; x_wconf 88' lang='lat'>‚</span> 
     </span>
    </p>
   </div>
   <div class='ocr_carea' id='block_1_11' title="bbox 236 2703 2027 3827">
    <p class='ocr_par' dir='ltr' id='par_1_11' title="bbox 236 2703 2027 3827">
     <span class='ocr_line' id='line_1_25' title="bbox 239 2703 2027 2792; baseline -0.001 -23"><span class='ocrx_word' id='word_1_142' title='bbox 239 2703 590 2792; x_wconf 85' lang='lat' dir='ltr'>expediam</span> <span class='ocrx_word' id='word_1_143' title='bbox 606 2754 623 2780; x_wconf 94' lang='lat'>‚</span> <span class='ocrx_word' id='word_1_144' title='bbox 644 2726 863 2790; x_wconf 85' lang='lat' dir='ltr'>neque</span> <span class='ocrx_word' id='word_1_145' title='bbox 889 2712 961 2769; x_wconf 90' lang='lat' dir='ltr'>te</span> <span class='ocrx_word' id='word_1_146' title='bbox 987 2704 1057 2768; x_wconf 88' lang='lat' dir='ltr'>in</span> <span class='ocrx_word' id='word_1_147' title='bbox 1084 2704 1433 2790; x_wconf 86' lang='lat' dir='ltr'>promissis</span> <span class='ocrx_word' id='word_1_148' title='bbox 1458 2703 1656 2791; x_wconf 90' lang='lat' dir='ltr'>plura</span> <span class='ocrx_word' id='word_1_149' title='bbox 1681 2705 2027 2769; x_wconf 89' lang='lat' dir='ltr'>morabor.</span> 
     </span>
     <span class='ocr_line' id='line_1_26' title="bbox 322 2818 2008 2906; baseline -0.001 -22"><span class='ocrx_word' id='word_1_150' title='bbox 322 2819 621 2884; x_wconf 85' lang='lat' dir='ltr'>Fulmina</span> <span class='ocrx_word' id='word_1_151' title='bbox 648 2819 902 2906; x_wconf 85' lang='lat' dir='ltr'>gignier</span> <span class='ocrx_word' id='word_1_152' title='bbox 932 2841 968 2882; x_wconf 93' lang='lat' dir='ltr'>e</span> <span class='ocrx_word' id='word_1_153' title='bbox 998 2819 1242 2883; x_wconf 89' lang='lat' dir='ltr'>crassis</span> <span class='ocrx_word' id='word_1_154' title='bbox 1271 2820 1539 2904; x_wconf 89' lang='lat' dir='ltr'>alteque</span> <span class='ocrx_word' id='word_1_155' title='bbox 1568 2818 2008 2905; x_wconf 88' lang='lat' dir='ltr'>putandumst</span> 
     </span>
     <span class='ocr_line' id='line_1_27' title="bbox 236 2935 1794 2999; baseline -0.001 0"><span class='ocrx_word' id='word_1_156' title='bbox 236 2936 527 2999; x_wconf 88' lang='lat' dir='ltr'>nubibus</span> <span class='ocrx_word' id='word_1_157' title='bbox 558 2935 916 2999; x_wconf 87' lang='lat' dir='ltr'>extructis:</span> <span class='ocrx_word' id='word_1_158' title='bbox 943 2955 1098 2998; x_wconf 86' lang='lat' dir='ltr'>nam</span> <span class='ocrx_word' id='word_1_159' title='bbox 1128 2935 1313 2998; x_wconf 89' lang='lat' dir='ltr'>caelo</span> <span class='ocrx_word' id='word_1_160' title='bbox 1341 2935 1524 2998; x_wconf 87' lang='lat' dir='ltr'>nulla</span> <span class='ocrx_word' id='word_1_161' title='bbox 1553 2956 1794 2999; x_wconf 88' lang='lat' dir='ltr'>sereno</span> 
     </span>
     <span class='ocr_line' id='line_1_28' title="bbox 240 3049 1954 3134; baseline -0.001 -20"><span class='ocrx_word' id='word_1_162' title='bbox 240 3073 361 3114; x_wconf 89' lang='lat' dir='ltr'>nec</span> <span class='ocrx_word' id='word_1_163' title='bbox 388 3051 627 3116; x_wconf 88' lang='lat' dir='ltr'>leviter</span> <span class='ocrx_word' id='word_1_164' title='bbox 657 3049 884 3114; x_wconf 89' lang='lat' dir='ltr'>densis</span> <span class='ocrx_word' id='word_1_165' title='bbox 911 3049 1265 3114; x_wconf 87' lang='lat' dir='ltr'>mittuntur</span> <span class='ocrx_word' id='word_1_166' title='bbox 1291 3051 1583 3114; x_wconf 91' lang='lat' dir='ltr'>nubibus</span> <span class='ocrx_word' id='word_1_167' title='bbox 1611 3069 1923 3134; x_wconf 87' lang='lat' dir='ltr'>umquam</span> <span class='ocrx_word' id='word_1_168' title='bbox 1941 3099 1954 3112; x_wconf 94' lang='lat'>.</span> 
     </span>
     <span class='ocr_line' id='line_1_29' title="bbox 238 3163 1992 3253; baseline -0.001 -23"><span class='ocrx_word' id='word_1_169' title='bbox 238 3187 389 3230; x_wconf 87' lang='lat' dir='ltr'>nam</span> <span class='ocrx_word' id='word_1_170' title='bbox 420 3164 628 3230; x_wconf 88' lang='lat' dir='ltr'>dubio</span> <span class='ocrx_word' id='word_1_171' title='bbox 655 3165 892 3253; x_wconf 90' lang='lat' dir='ltr'>procul</span> <span class='ocrx_word' id='word_1_172' title='bbox 917 3164 1050 3229; x_wconf 89' lang='lat' dir='ltr'>hoc</span> <span class='ocrx_word' id='word_1_173' title='bbox 1075 3164 1219 3230; x_wconf 87' lang='lat' dir='ltr'>fieri</span> <span class='ocrx_word' id='word_1_174' title='bbox 1244 3163 1599 3229; x_wconf 85' lang='lat' dir='ltr'>manifesta</span> <span class='ocrx_word' id='word_1_175' title='bbox 1627 3163 1830 3228; x_wconf 83' lang='lat' dir='ltr'>docet</span> <span class='ocrx_word' id='word_1_176' title='bbox 1856 3185 1992 3240; x_wconf 85' lang='lat' dir='ltr'>res;</span> 
     </span>
     <span class='ocr_line' id='line_1_30' title="bbox 240 3279 1926 3366; baseline -0.002 -22"><span class='ocrx_word' id='word_1_177' title='bbox 240 3279 425 3366; x_wconf 87' lang='lat' dir='ltr'>quod</span> <span class='ocrx_word' id='word_1_178' title='bbox 454 3289 596 3345; x_wconf 90' lang='lat' dir='ltr'>tum</span> <span class='ocrx_word' id='word_1_179' title='bbox 625 3301 749 3366; x_wconf 89' lang='lat' dir='ltr'>per</span> <span class='ocrx_word' id='word_1_180' title='bbox 775 3287 990 3344; x_wconf 88' lang='lat' dir='ltr'>totum</span> <span class='ocrx_word' id='word_1_181' title='bbox 1020 3287 1465 3344; x_wconf 88' lang='lat' dir='ltr'>concrescunt</span> <span class='ocrx_word' id='word_1_182' title='bbox 1492 3286 1652 3343; x_wconf 68' lang='lat' dir='ltr'>aera</span> <span class='ocrx_word' id='word_1_183' title='bbox 1676 3279 1891 3342; x_wconf 87' lang='lat' dir='ltr'>nubes</span> <span class='ocrx_word' id='word_1_184' title='bbox 1910 3327 1926 3353; x_wconf 85' lang='lat'>‚</span> 
     </span>
     <span class='ocr_line' id='line_1_31' title="bbox 238 3394 1953 3481; baseline -0.002 -21"><span class='ocrx_word' id='word_1_185' title='bbox 238 3394 537 3481; x_wconf 88' lang='lat' dir='ltr'>undique</span> <span class='ocrx_word' id='word_1_186' title='bbox 564 3396 664 3460; x_wconf 70' lang='lat' dir='ltr'>uta·</span> <span class='ocrx_word' id='word_1_187' title='bbox 691 3396 1006 3460; x_wconf 87' lang='lat' dir='ltr'>tenebras</span> <span class='ocrx_word' id='word_1_188' title='bbox 1036 3396 1249 3459; x_wconf 92' lang='lat' dir='ltr'>omnis</span> <span class='ocrx_word' id='word_1_189' title='bbox 1273 3396 1663 3460; x_wconf 78' lang='lat' dir='ltr'>Acherunta</span> <span class='ocrx_word' id='word_1_190' title='bbox 1689 3415 1953 3458; x_wconf 83' lang='lat' dir='ltr'>reamur</span> 
     </span>
     <span class='ocr_line' id='line_1_32' title="bbox 238 3510 1887 3597; baseline -0.002 -22"><span class='ocrx_word' id='word_1_191' title='bbox 238 3511 511 3597; x_wconf 86' lang='lat' dir='ltr'>liquisse</span> <span class='ocrx_word' id='word_1_192' title='bbox 542 3519 612 3575; x_wconf 90' lang='lat' dir='ltr'>et</span> <span class='ocrx_word' id='word_1_193' title='bbox 635 3531 910 3596; x_wconf 87' lang='lat' dir='ltr'>magnas</span> <span class='ocrx_word' id='word_1_194' title='bbox 940 3511 1104 3575; x_wconf 89' lang='lat' dir='ltr'>caeli</span> <span class='ocrx_word' id='word_1_195' title='bbox 1133 3510 1505 3596; x_wconf 82' lang='lat' dir='ltr'>complesse</span> <span class='ocrx_word' id='word_1_196' title='bbox 1535 3529 1887 3573; x_wconf 82' lang='lat' dir='ltr'>cavernas.</span> 
     </span>
     <span class='ocr_line' id='line_1_33' title="bbox 240 3624 1756 3712; baseline -0.001 -23"><span class='ocrx_word' id='word_1_197' title='bbox 240 3648 452 3712; x_wconf 87' lang='lat' dir='ltr'>usque</span> <span class='ocrx_word' id='word_1_198' title='bbox 483 3624 657 3690; x_wconf 87' lang='lat' dir='ltr'>adeo</span> <span class='ocrx_word' id='word_1_199' title='bbox 685 3633 864 3690; x_wconf 87' lang='lat' dir='ltr'>tetra</span> <span class='ocrx_word' id='word_1_200' title='bbox 888 3626 1259 3689; x_wconf 89' lang='lat' dir='ltr'>nimborum</span> <span class='ocrx_word' id='word_1_201' title='bbox 1288 3632 1488 3689; x_wconf 91' lang='lat' dir='ltr'>nocte</span> <span class='ocrx_word' id='word_1_202' title='bbox 1518 3631 1756 3688; x_wconf 85' lang='lat' dir='ltr'>coorta</span> 
     </span>
     <span class='ocr_line' id='line_1_34' title="bbox 240 3738 1729 3827; baseline -0.003 -21"><span class='ocrx_word' id='word_1_203' title='bbox 240 3739 612 3827; x_wconf 89' lang='lat' dir='ltr'>inpendent</span> <span class='ocrx_word' id='word_1_204' title='bbox 639 3748 827 3804; x_wconf 88' lang='lat' dir='ltr'>atrae</span> <span class='ocrx_word' id='word_1_205' title='bbox 853 3738 1224 3804; x_wconf 90' lang='lat' dir='ltr'>formidinis</span> <span class='ocrx_word' id='word_1_206' title='bbox 1254 3760 1375 3804; x_wconf 89' lang='lat' dir='ltr'>ora</span> <span class='ocrx_word' id='word_1_207' title='bbox 1403 3760 1695 3825; x_wconf 86' lang='lat' dir='ltr'>superne</span> <span class='ocrx_word' id='word_1_208' title='bbox 1713 3788 1729 3815; x_wconf 88' lang='lat'>‚</span> 
     </span>
    </p>
   </div>
   <div class='ocr_carea' id='block_1_12' title="bbox 100 3854 1811 3941">
    <p class='ocr_par' dir='ltr' id='par_1_12' title="bbox 100 3854 1811 3941">
     <span class='ocr_line' id='line_1_35' title="bbox 100 3854 1811 3941; baseline 0.003 -29"><span class='ocrx_word' id='word_1_209' title='bbox 100 3871 187 3914; x_wconf 70' lang='lat'>255</span> <span class='ocrx_word' id='word_1_210' title='bbox 237 3877 385 3919; x_wconf 91' lang='lat' dir='ltr'>cum</span> <span class='ocrx_word' id='word_1_211' title='bbox 415 3855 779 3920; x_wconf 85' lang='lat' dir='ltr'>commoliri</span> <span class='ocrx_word' id='word_1_212' title='bbox 808 3861 1176 3941; x_wconf 86' lang='lat' dir='ltr'>tempestas</span> <span class='ocrx_word' id='word_1_213' title='bbox 1206 3854 1478 3919; x_wconf 85' lang='lat' dir='ltr'>fulmina</span> <span class='ocrx_word' id='word_1_214' title='bbox 1506 3862 1811 3939; x_wconf 88' lang='lat' dir='ltr'>coeptat.</span> 
     </span>
    </p>
   </div>
   <div class='ocr_carea' id='block_1_13' title="bbox 264 4086 649 4094">
    <p class='ocr_par' dir='ltr' id='par_1_13' title="bbox 264 4086 649 4094">
     <span class='ocr_line' id='line_1_36' title="bbox 264 4086 649 4094; baseline 0 1098"><span class='ocrx_word' id='word_1_215' title='bbox 264 4086 649 4094; x_wconf 95' lang='lat' dir='ltr'> </span> 
     </span>
    </p>
   </div>
   <div class='ocr_carea' id='block_1_14' title="bbox 249 4194 2578 4266">
    <p class='ocr_par' dir='ltr' id='par_1_14' title="bbox 249 4194 2578 4266">
     <span class='ocr_line' id='line_1_37' title="bbox 249 4194 2578 4266; baseline 0.003 -22"><span class='ocrx_word' id='word_1_216' title='bbox 249 4199 347 4245; x_wconf 75' lang='lat'>226</span> <span class='ocrx_word' id='word_1_217' title='bbox 384 4195 786 4264; x_wconf 85' lang='lat' dir='ltr'>montibusque.</span> <span class='ocrx_word' id='word_1_218' title='bbox 826 4195 847 4263; x_wconf 83' lang='grc' dir='ltr'>ΙΙ</span> <span class='ocrx_word' id='word_1_219' title='bbox 883 4201 982 4248; x_wconf 84' lang='grc'>228</span> <span class='ocrx_word' id='word_1_220' title='bbox 1018 4213 1116 4266; x_wconf 82' lang='lat' dir='ltr'>per</span> <span class='ocrx_word' id='word_1_221' title='bbox 1139 4203 1293 4266; x_wconf 86' lang='lat' dir='ltr'>septa</span> <span class='ocrx_word' id='word_1_222' title='bbox 1316 4195 1621 4249; x_wconf 88' lang='lat' dir='ltr'>domorum.</span> <span class='ocrx_word' id='word_1_223' title='bbox 1673 4195 1694 4264; x_wconf 83' lang='grc' dir='ltr'>ΙΙ</span> <span class='ocrx_word' id='word_1_224' title='bbox 1746 4201 1844 4248; x_wconf 84' lang='grc'>229</span> <span class='ocrx_word' id='word_1_225' title='bbox 1881 4194 2095 4250; x_wconf 82' lang='lat' dir='ltr'>Clamor</span> <span class='ocrx_word' id='word_1_226' title='bbox 2120 4203 2180 4250; x_wconf 81' lang='lat' dir='ltr'>ut</span> <span class='ocrx_word' id='word_1_227' title='bbox 2214 4213 2273 4248; x_wconf 86' lang='lat' dir='ltr'>ac</span> <span class='ocrx_word' id='word_1_228' title='bbox 2313 4214 2472 4250; x_wconf 80' lang='lat' dir='ltr'>voces</span> <span class='ocrx_word' id='word_1_229' title='bbox 2569 4237 2578 4243; x_wconf 85' lang='lat'>.</span> 
     </span>
    </p>
   </div>
   <div class='ocr_carea' id='block_1_15' title="bbox 2339 467 2478 534">
    <p class='ocr_par' dir='ltr' id='par_1_15' title="bbox 2339 467 2478 534">
     <span class='ocr_line' id='line_1_38' title="bbox 2339 467 2478 534; baseline 0.007 -1"><span class='ocrx_word' id='word_1_230' title='bbox 2339 467 2478 534; x_wconf 86' lang='lat'>213</span> 
     </span>
    </p>
   </div>
   <div class='ocr_carea' id='block_1_16' title="bbox 249 4278 2476 4435">
    <p class='ocr_par' dir='ltr' id='par_1_16' title="bbox 249 4278 2476 4435">
     <span class='ocr_line' id='line_1_39' title="bbox 249 4278 2473 4351; baseline 0 -18"><span class='ocrx_word' id='word_1_231' title='bbox 249 4281 441 4333; x_wconf 77' lang='lat' dir='ltr'>transit</span> <span class='ocrx_word' id='word_1_232' title='bbox 477 4295 574 4349; x_wconf 85' lang='lat' dir='ltr'>per</span> <span class='ocrx_word' id='word_1_233' title='bbox 610 4296 765 4333; x_wconf 70' lang='lat' dir='ltr'>saaca</span> <span class='ocrx_word' id='word_1_234' title='bbox 798 4296 895 4351; x_wconf 89' lang='lat' dir='ltr'>per</span> <span class='ocrx_word' id='word_1_235' title='bbox 931 4297 1080 4334; x_wconf 79' lang='lat' dir='ltr'>aera.</span> <span class='ocrx_word' id='word_1_236' title='bbox 1128 4282 1149 4351; x_wconf 88' lang='grc' dir='ltr'>ΙΙ</span> <span class='ocrx_word' id='word_1_237' title='bbox 1196 4286 1291 4334; x_wconf 80' lang='grc'>231</span> <span class='ocrx_word' id='word_1_238' title='bbox 1333 4282 1457 4334; x_wconf 87' lang='lat' dir='ltr'>item</span> <span class='ocrx_word' id='word_1_239' title='bbox 1494 4281 1515 4349; x_wconf 85' lang='grc' dir='ltr'>ΙΙ</span> <span class='ocrx_word' id='word_1_240' title='bbox 1553 4286 1651 4332; x_wconf 79' lang='grc'>234</span> <span class='ocrx_word' id='word_1_241' title='bbox 1688 4288 1748 4334; x_wconf 89' lang='lat' dir='ltr'>ut</span> <span class='ocrx_word' id='word_1_242' title='bbox 1784 4279 1804 4347; x_wconf 93' lang='grc' dir='ltr'>ΙΙ</span> <span class='ocrx_word' id='word_1_243' title='bbox 1842 4285 1940 4333; x_wconf 83' lang='grc'>237</span> <span class='ocrx_word' id='word_1_244' title='bbox 1978 4280 2171 4336; x_wconf 72' lang='lat' dir='ltr'>tollens</span> <span class='ocrx_word' id='word_1_245' title='bbox 2209 4278 2416 4333; x_wconf 83' lang='lat' dir='ltr'>fervere</span> <span class='ocrx_word' id='word_1_246' title='bbox 2452 4282 2473 4347; x_wconf 89' lang='grc' dir='ltr'>ΙΙ</span> 
     </span>
     <span class='ocr_line' id='line_1_40' title="bbox 250 4362 2476 4435; baseline 0 -22"><span class='ocrx_word' id='word_1_247' title='bbox 250 4367 343 4413; x_wconf 72' lang='grc'>241</span> <span class='ocrx_word' id='word_1_248' title='bbox 382 4363 509 4432; x_wconf 84' lang='lat' dir='ltr'>igna</span> <span class='ocrx_word' id='word_1_249' title='bbox 545 4363 567 4432; x_wconf 74' lang='lat' dir='ltr'>u</span> <span class='ocrx_word' id='word_1_250' title='bbox 604 4368 702 4415; x_wconf 80' lang='lat'>242</span> <span class='ocrx_word' id='word_1_251' title='bbox 735 4363 1059 4417; x_wconf 78' lang='lat' dir='ltr'>monimenta</span> <span class='ocrx_word' id='word_1_252' title='bbox 1095 4366 1116 4432; x_wconf 83' lang='grc' dir='ltr'>ΙΙ</span> <span class='ocrx_word' id='word_1_253' title='bbox 1155 4369 1251 4418; x_wconf 82' lang='grc'>245</span> <span class='ocrx_word' id='word_1_254' title='bbox 1288 4373 1344 4418; x_wconf 78' lang='lat' dir='ltr'>te</span> <span class='ocrx_word' id='word_1_255' title='bbox 1367 4374 1633 4420; x_wconf 64' lang='lat' dir='ltr'>mnis-sum.</span> <span class='ocrx_word' id='word_1_256' title='bbox 1674 4364 1696 4433; x_wconf 87' lang='grc' dir='ltr'>ΙΙ</span> <span class='ocrx_word' id='word_1_257' title='bbox 1731 4370 1829 4416; x_wconf 79' lang='grc'>246</span> <span class='ocrx_word' id='word_1_258' title='bbox 1866 4366 2012 4435; x_wconf 83' lang='lat' dir='ltr'>gigni</span> <span class='ocrx_word' id='word_1_259' title='bbox 2041 4382 2070 4416; x_wconf 89' lang='lat' dir='ltr'>c</span> <span class='ocrx_word' id='word_1_260' title='bbox 2092 4362 2280 4415; x_wconf 80' lang='lat' dir='ltr'>classis</span> <span class='ocrx_word' id='word_1_261' title='bbox 2318 4363 2340 4428; x_wconf 88' lang='grc' dir='ltr'>ΙΙ</span> <span class='ocrx_word' id='word_1_262' title='bbox 2377 4368 2476 4414; x_wconf 84' lang='grc'>250</span> 
     </span>
    </p>
   </div>
   <div class='ocr_carea' id='block_1_17' title="bbox 251 4453 373 4496">
    <p class='ocr_par' dir='ltr' id='par_1_17' title="bbox 251 4453 373 4496">
     <span class='ocr_line' id='line_1_41' title="bbox 251 4453 373 4496; baseline 0 0"><span class='ocrx_word' id='word_1_263' title='bbox 251 4453 373 4496; x_wconf 83' lang='lat' dir='ltr'>tunc</span> 
     </span>
    </p>
   </div>
   <div class='ocr_carea' id='block_1_18' title="bbox 3002 75 3005 718">
    <p class='ocr_par' dir='ltr' id='par_1_18' title="bbox 3002 75 3005 718">
     <span class='ocr_line' id='line_1_42' title="bbox 3002 75 3005 718; baseline 0 0"><span class='ocrx_word' id='word_1_264' title='bbox 3002 75 3005 718; x_wconf 95' lang='lat' dir='ltr'> </span> 
     </span>
    </p>
   </div>
   <div class='ocr_carea' id='block_1_19' title="bbox 3002 75 3005 1037">
    <p class='ocr_par' dir='ltr' id='par_1_19' title="bbox 3002 75 3005 1037">
     <span class='ocr_line' id='line_1_43' title="bbox 3002 75 3005 1037; baseline 0 0"><span class='ocrx_word' id='word_1_265' title='bbox 3002 75 3005 1037; x_wconf 95' lang='lat' dir='ltr'> </span> 
     </span>
    </p>
   </div>
  </div>
 </body>
</html>
