3042 5192
1269 486 1371 554 VI

174 671 241 726 et
272 661 642 727 condensa
671 668 923 746 queant
951 680 1281 745 apparere
1311 667 1379 725 et
1407 661 1598 725 simul
1627 662 1775 746 ipso

170 779 435 842 vertice
468 774 559 839 de
588 777 836 840 montis
865 773 1223 840 videantur
1252 795 1528 862 surgere
1554 776 1623 839 in
1653 777 1986 843 aethram:

172 915 329 957 nam
358 891 519 955 loca
549 890 850 955 declarat
877 911 1143 954 sursum
1170 898 1455 955 ventosa
1482 899 1716 976 patere

172 1030 287 1071 res
315 1007 476 1093 ipsa
507 1013 578 1069 et
608 1027 881 1080 sensus,
903 1005 1149 1069 montis
1180 1026 1328 1068 cum
1359 1004 1783 1071 ascendimus
1813 1008 2020 1073 altos,

58 1139 128 1183 470
173 1129 541 1207 praeterea
567 1120 900 1205 permulta
926 1119 1092 1183 mari
1120 1141 1395 1205 quoque
1426 1120 1663 1184 tollere
1693 1129 1841 1186 toto

175 1257 482 1324 corpora
509 1242 820 1300 naturam
849 1232 1196 1298 declarant
1222 1235 1421 1299 litore
1448 1243 1679 1300 vestes

173 1371 557 1439 suspensae
575 1398 591 1425 ,
616 1371 765 1414 cum
796 1349 1180 1435 concipiunt
1205 1350 1457 1414 umoris
1487 1348 1855 1416 adhaesum
1874 1403 1887 1416 .

176 1488 317 1552 quo
347 1465 566 1552 magis
597 1463 687 1528 ad
714 1465 912 1528 nubis
942 1463 1287 1551 augendas
1314 1465 1526 1529 multa
1552 1465 1866 1531 videntur

176 1602 387 1668 posse
421 1600 698 1665 quoque
728 1600 765 1641 e
795 1580 974 1644 salso
1007 1601 1413 1666 consurgere
1442 1582 1731 1644 momine
1758 1582 1985 1666 ponti:
2021 1583 2026 1586 ’

52 1714 128 1757 475
174 1718 330 1760 nam
361 1696 542 1759 ratio
575 1697 1137 1781 consanguineast
1162 1695 1505 1758 umoribus
1537 1694 1685 1758 ollis
1706 1743 1720 1757 .

174 1821 537 1898 praeterea
563 1809 780 1873 fluviis
813 1830 897 1873 ex
926 1809 1232 1874 omnibus
1265 1817 1335 1873 et
1363 1809 1559 1873 simul
1584 1809 1734 1895 ipsa

179 1946 466 2011 surgere
497 1924 583 1988 de
610 1932 793 1988 terra
820 1924 1098 1988 nebulas
1128 1931 1518 2008 aestumque
1547 1922 1852 1988 videmus
1869 1974 1885 1999 ‚

180 2061 356 2125 quae
386 2041 499 2103 vel
525 2047 602 2104 ut
630 2039 827 2104 alitus
856 2039 1013 2102 hinc
1041 2040 1137 2104 ita
1168 2060 1432 2103 sursum
1463 2060 1783 2125 expressa
1812 2038 2117 2104 feruntur

176 2153 711 2239 suffunduntque
742 2175 863 2218 sua
893 2154 1147 2217 caelum
1176 2154 1455 2239 caligine
1486 2161 1555 2217 et
1583 2155 1753 2219 altas

46 2286 125 2330 4³0
174 2269 524 2334 sufficiunt
552 2269 747 2333 nubis
775 2269 1093 2353 paulatim
1123 2266 1630 2333 conveniundo:

174 2392 373 2470 urget
405 2386 581 2448 enim
611 2404 881 2468 quoque
910 2383 1205 2470 signiferi
1234 2404 1439 2469 super
1470 2382 1761 2447 aetheris
1792 2392 2021 2450 aestus

178 2508 245 2564 et
276 2501 475 2585 quasi
507 2497 855 2562 densendo
886 2487 1184 2561 Subtexit
1212 2497 1479 2562 caerula
1506 2498 1745 2562 nimbis
1765 2547 1778 2561 .

180 2615 255 2679 fit
284 2635 563 2701 quoque
591 2622 670 2677 ut
695 2613 828 2677 huc
857 2613 1131 2676 veniant
1156 2613 1226 2676 in
1256 2612 1509 2677 caelum
1542 2613 1958 2678 extrinsecus
1985 2613 2097 2677 illa

175 2749 470 2814 corpora
499 2748 673 2813 quae
701 2726 956 2791 faciunt
983 2728 1179 2791 nubis
1208 2728 1608 2812 nimbosque
1635 2729 1958 2791 volantis:

39 2857 118 2903 ⁴85
166 2842 711 2907 innumerabilem
743 2843 911 2906 enim
940 2863 1283 2906 numerum
1313 2863 1768 2927 summamque
1797 2842 2116 2927 profundi

174 2979 328 3022 esse
357 2958 681 3021 infinitam
711 2955 945 3033 docui,
972 2965 1359 3042 quantaque
1387 2958 1699 3021 volarent

173 3094 468 3157 corpora
496 3072 865 3136 mobilitate
895 3072 1166 3136 ostendi
1197 3092 1529 3158 quamque
1559 3079 1836 3157 repente

168 3187 668 3250 inmemorabile
695 3207 821 3274 per
849 3188 1135 3273 spatium
1162 3187 1446 3252 transire
1476 3187 1803 3250 solerent.

169 3301 342 3366 haut
370 3303 570 3387 igitur
596 3300 900 3366 mirumst
917 3351 933 3377 ‚
956 3304 1011 3366 si
1038 3323 1251 3388 parvo
1281 3309 1585 3386 tempore
1617 3321 1820 3386 saepe

31 3431 119 3477 490
172 3426 312 3480 tam
341 3395 597 3502 magnis
625 3415 866 3480 nimbis
897 3423 1265 3503 tempestas
1295 3424 1500 3502 atque
1533 3416 1850 3481 tenebrae

171 3531 529 3619 coperiunt
556 3531 764 3594 maria
792 3551 872 3594 ac
902 3538 1117 3595 terras
1144 3532 1429 3616 inpensa
1458 3552 1748 3617 superne
1766 3579 1782 3605 ‚

175 3644 476 3731 undique
510 3644 1055 3730 quandoquidem
1083 3667 1206 3732 per
1239 3646 1464 3710 caulas
1496 3644 1788 3710 aetheris
1819 3645 2031 3709 omnis

169 3769 241 3824 et
272 3760 466 3845 quasi
493 3781 617 3848 per
647 3760 868 3846 magni
897 3759 1143 3824 circum
1174 3760 1509 3845 spiracula
1536 3759 1765 3823 mundi

170 3875 395 3940 exitus
421 3876 876 3959 introitusque
906 3874 1247 3939 elementis
1274 3873 1587 3940 redditus
1620 3881 1809 3939 extat
1827 3925 1840 3938 .

166 4105 457 4113 ——------.,...
480 4108 533 4112 ,β
559 4107 573 4112 ..

2285 494 2418 561 221

168 4215 275 4262 466
314 4209 711 4284 condensatque
745 4220 861 4266 arta
894 4231 1086 4285 parere
1132 4215 1153 4284 ΙΙ
1199 4219 1297 4267 467
1336 4212 1577 4266 videatur
1623 4214 1643 4283 ΙΙ
1689 4219 1788 4267 468
1823 4215 1878 4268 lo
1922 4215 1942 4286 ΙΙ
1991 4220 2092 4268 469
2128 4232 2342 4268 sensum
2382 4218 2402 4284 ΙΙ

172 4299 277 4346 473
322 4293 476 4357 Quod
512 4295 533 4365 ΙΙ
571 4302 671 4349 474
708 4297 976 4352 mhomine
1012 4301 1032 4370 ΙΙ
1068 4306 1167 4351 475
1194 4297 1590 4367 consanguinea
1613 4314 1675 4351 se
1708 4298 1729 4369 ss
1768 4300 1967 4353 omnis.
2006 4299 2026 4367 ΙΙ
2064 4304 2164 4352 476
2199 4298 2354 4349 fluvis
2384 4300 2403 4364 Η

168 4382 268 4429 481
315 4375 473 4449 Urgit
526 4378 547 4448 ΙΙ
602 4397 737 4451 supe
774 4382 795 4450 ΙΙ
831 4386 931 4434 483
969 4383 1109 4436 hunc
1146 4381 1165 4454 11
1210 4381 1312 4434 illi.
1351 4382 1372 4448 Η
1410 4386 1509 4433 488
1546 4398 1643 4450 per
1678 4390 1945 4438 omissum.
1984 4384 2005 4452 ΙΙ
2059 4387 2157 4434 490
2205 4381 2402 4431 montis

164 4469 431 4530 tempesta
466 4464 487 4532 ΙΙ
524 4469 621 4515 491
664 4463 960 4536 Coperiant
995 4467 1015 4534 ΙΙ
1055 4471 1154 4517 492
1193 4466 1367 4517 cavias
