3042 5192
619 497 751 566 196
1668 489 1761 558 111

606 693 827 758 neque
875 671 1046 733 enim
1087 665 1432 732 credibilia
1473 672 1634 728 sunt
1675 684 1848 748 quae
1890 662 2147 727 habent
2174 659 2265 726 ad
2293 661 2557 728 Horatii
2585 683 2815 727 sermo·

608 792 766 835 num
796 793 837 844 1,
854 768 964 844 2‚2
994 766 1176 830 Acro
1208 772 1276 829 et
1313 769 1798 827 commentator
1831 761 2255 846 Cruquianus
2296 782 2360 846 p.
2374 761 2515 836 317,
2543 761 2751 846 leqimr
2775 773 2820 825 et

608 868 1004 934 barathroms
1019 914 1036 944 ,
1059 865 1168 951 qui
1195 864 1354 927 bona
1379 885 1496 925 sua
1523 861 1868 925 devorando
1890 861 2068 945 quasi
2094 860 2161 921 in
2191 859 2552 924 barathrum
2576 861 2818 923 mittunt

609 964 733 1031 sed
773 962 949 1028 idem
992 961 1307 1025 Heinsius
1334 959 1584 1048 Aufer,
1630 958 1778 1038 abi,
1827 958 1968 1021 hinc
2010 958 2351 1039 lacrimas,-
2395 955 2587 1041 quod
2622 978 2706 1021 ne
2732 958 2819 1020 cui

605 1061 1020 1136 blandiatur,
1040 1060 1354 1123 vitiosum
1380 1078 1529 1121 esse
1558 1055 1761 1142 paulo
1791 1064 1949 1142 post
1971 1056 2298 1119 curiosius
2320 1054 2706 1118 ostendam.
2732 1056 2820 1119 ab·

607 1162 749 1225 hinc
788 1168 1012 1223 utrum
1040 1159 1106 1221 in
1134 1168 1450 1243 posterum
1490 1154 1864 1240 significare
1902 1160 2140 1241 posset
2169 1152 2353 1218 docti
2384 1151 2822 1239 disputarunt,

609 1258 972 1323 Pacuvium
1013 1256 1084 1318 in
1112 1254 1463 1318 Armorum
1501 1250 1747 1316 iudicio
1793 1253 1889 1318 ita
1925 1251 2236 1338 posuisse
2273 1272 2524 1338 negare
2557 1274 2695 1316 non
2720 1272 2821 1337 po-

611 1362 887 1420 tuerunt
899 1402 916 1433 ,
954 1375 1134 1438 seque
1163 1352 1249 1415 ad
1275 1351 1447 1415 ludos
1475 1352 1605 1414 iam
1630 1351 1772 1414 inde
1799 1350 2018 1415 abhinc
2044 1362 2368 1414 exerceant
2381 1400 2399 1430 ,
2432 1371 2613 1434 quae
2642 1352 2821 1414 verba

611 1460 771 1518 sunt
798 1450 981 1539 apud
1011 1448 1386 1513 Chai-isium
1413 1472 1479 1535 p.
1504 1447 1623 1511 175
1653 1495 1667 1509 .
1713 1468 1875 1534 ergo
1919 1447 2155 1511 eodem
2196 1447 2401 1513 modo
2430 1447 2546 1511 hic
2578 1469 2822 1534 quoque

611 1548 1070 1638 accipiendum
1101 1555 1206 1611 est
1234 1571 1249 1624 3
1295 1545 1482 1631 quod
1512 1567 1632 1609 cur
1661 1544 1972 1610 Handius
2000 1546 2336 1632 improbet
2360 1546 2432 1610 in
2461 1545 2822 1611 Tursellino

611 1675 634 1714 1
666 1649 830 1736 p.66
857 1668 997 1711 non
1037 1646 1352 1731 intellego
1374 1691 1388 1706 .
1433 1645 1536 1709 abi
1579 1644 1721 1709 1ιίηο
1761 1644 1928 1709 alius
1971 1643 2267 1709 fortasse
2302 1650 2511 1730 poeta
2558 1646 2824 1709 scribere

611 1746 835 1834 potuit
852 1794 867 1819 ‚
909 1743 1262 1809 Lucretius
1307 1750 1489 1806 certe
1534 1764 1672 1805 non
1700 1744 1921 1830 potuit
1938 1791 1954 1819 ‚
1999 1744 2113 1829 qui
2141 1743 2477 1808 vocabula
2500 1744 2707 1808 ‘iambi
2732 1764 2823 1831 pe-

613 1844 718 1909 dis
762 1865 1077 1908 mensura
1121 1841 1606 1930 comprehensa
1635 1890 1651 1917 ‚
1703 1842 1900 1926 quale
1943 1850 2049 1907 est
2088 1843 2192 1906 abi
2221 1890 2242 1922 ‚
2289 1863 2429 1906 non
2465 1841 2677 1906 modo
2705 1863 2823 1906 cum

611 1943 845 2018 brevi,
888 1950 966 2006 ut
1006 1941 1144 2005 dixi
1185 1941 1389 2028 paulo
1433 1948 1624 2014 ante,
1667 1940 1823 2017 941,
1871 1939 1994 2005 sed
2038 1962 2125 2005 ne
2155 1961 2305 2005 cum
2346 1941 2559 2027 longa
2588 1939 2824 2026 quidem

613 2042 875 2129 syllaba
903 2039 1190 2105 collidit.
1219 2037 1526 2104 facillime
1557 2040 1729 2102 enim
1760 2040 1995 2104 evitari
2022 2047 2256 2128 potest
2286 2037 2474 2125 quod
2497 2061 2705 2103 unum
2729 2039 2824 2102 ha-

610 2141 730 2205 bet
756 2140 955 2204 huius
986 2137 1348 2204 collisionis
1379 2137 1754 2224 exemplum
1774 2186 1790 2214 ‚
1833 2139 1975 2225 equi
2001 2150 2181 2226 atque
2206 2138 2469 2202 homini-3
2494 2136 2570 2201 in
2601 2159 2686 2212 iv,
2698 2137 2825 2200 741:

617 2260 773 2304 nam
798 2261 909 2303 suo
936 2239 1003 2301 in
1029 2237 1202 2301 libro
1233 2259 1320 2310 iv,
1331 2235 1454 2298 472
1484 2243 1719 2323 aperte
1747 2236 2063 2300 vitiosum
2094 2244 2198 2301 est
2221 2285 2236 2312 ,
2265 2256 2487 2322 neque
2517 2237 2825 2300 mentione

616 2337 821 2424 digna
850 2343 1008 2400 sunt
1035 2337 1133 2399 vel
1156 2336 1246 2399 uti
1272 2335 1339 2397 in
1367 2335 1554 2397 viridi
1585 2341 1654 2397 et
1679 2335 1770 2397 uti
1795 2335 1863 2397 in
1891 2334 2194 2420 quadrato
2224 2355 2397 2419 quae
2440 2335 2751 2421 leg-unun-
2770 2333 2826 2396 in

617 2435 821 2511 11‚322
854 2442 923 2498 et
951 2435 988 2496 7
992 2434 1074 2499 80
1103 2482 1117 2496 .
1163 2432 1527 2496 communis
1569 2437 1920 2519 poetarum
1960 2438 2218 2496 tantum
2258 2454 2398 2497 non
2428 2434 2719 2497 omnium
2744 2452 2827 2495 re-

615 2533 772 2619 gula
802 2541 940 2608 est,
985 2552 1072 2594 ne
1101 2537 1261 2616 post
1287 2529 1689 2594 vocabulum
1732 2529 2082 2594 'iambicum
2109 2530 2179 2593 in
2205 2529 2511 2595 vocalem
2542 2530 2828 2595 desinens

614 2630 876 2717 syllaba
917 2636 1115 2693 acuta
1155 2636 1449 2713 ponatur
1467 2676 1482 2704 ‚
1526 2626 1656 2691 nisi
1685 2650 1834 2692 cum
1873 2628 2063 2693 hiatu
2081 2678 2097 2706 ‚
2141 2630 2330 2695 velut
2358 2628 2535 2717 Hyla
2562 2632 2730 2694 dume
2751 2651 2826 2692 so-

612 2739 831 2810 naret‚·
869 2727 1006 2790 vale
1031 2726 1230 2813 inquit
1257 2725 1455 2808 Iolla‚·
1496 2749 1650 2791 novo
1688 2732 1903 2792 ductu-s·
1933 2727 2290 2815 Hymenaeo
2304 2753 2330 2810 ,-
2374 2727 2726 2792 Posthabito
2749 2749 2827 2791 co-

614 2828 794 2891 luisse
823 2825 1052 2889 Samo:
1089 2823 1189 2887 hic
1215 2824 1383 2887 illius
1409 2847 1594 2889 arma
1624 2872 1637 2887 .
1669 2825 1764 2888 ita
1791 2825 2023 2913 liquere
2034 2827 2224 2914 serae
2237 2876 2256 2908 ‚
2288 2830 2325 2891 ό
2361 2838 2631 2914 qtmtus
2655 2829 2719 2891 in
2742 2848 2826 2890 ar-

612 2926 730 2989 mis
771 2922 1045 2987 Gratius
1089 2920 1254 2985 528.
1296 2920 1393 2984 ita
1436 2921 1736 2987 Catullus
1787 2924 1922 3001 114,
1937 2925 1979 2988 6
2023 2925 2266 2991 Saltum
2305 2926 2663 3005 laudemus,
2708 2926 2828 2989 dum

615 3024 794 3088 domo
834 3021 963 3108 ipse
1006 3030 1214 3105 eqeat5
1258 3018 1372 3083 ubi
1413 3019 1584 3083 male
1630 3020 1780 3085 libri
1821 3023 1969 3087 dum
1993 3025 2205 3088 modo.
2252 3022 2515 3087 Seneca
2546 3033 2617 3088 et
2640 3023 2825 3088 Phae-

620 3121 786 3186 drus
819 3119 946 3185 soli
973 3124 1204 3183 vetere
1233 3118 1644 3182 iambeorum
1673 3119 1940 3185 licentia
1970 3142 2199 3187 carere
2225 3121 2626 3186 noluerunt.
2654 3120 2826 3206 tragi-

625 3242 745 3284 cus
788 3219 858 3282 in
903 3216 1211 3302 Thyeste
1257 3216 1416 3281 1065
1459 3228 1517 3281 et
1561 3220 1796 3304 aqqessi
1832 3242 2023 3283 manu
2067 3220 2279 3285 Mea'
2254 3244 2384 3306 ipse
2405 3219 2703 3310 flmnmas
2722 3270 2740 3300 ‚
2771 3219 2826 3281 in

620 3316 914 3381 Troasin
942 3315 1067 3378 973
1107 3338 1282 3379 meae
1318 3315 1528 3402 ἅρπυιαι
1572 3327 1688 3395 est,
1732 3316 1801 3379 in
1843 3316 2092 3382 Medea
2124 3317 2243 3384 150
2288 3318 2418 3383 Sile
2457 3319 2736 3397 ὀόεεονο,
2770 3318 2827 3380 in

618 3414 911 3478 Hercule
951 3411 1072 3475 262
1115 3412 1227 3477 hoc
1266 3414 1404 3477 eima
1443 3414 1734 3478 immenso
1776 3427 1950 3480 exeat
1973 3465 1992 3497 ‚
2039 3416 2286 3481 ibidem
2315 3416 2438 3482 813
2477 3417 2600 3483 hac
2635 3435 2827 3494 manu,

620 3513 767 3577 Ιιάσ.
809 3508 1165 3574 Phaedrus
1195 3534 1294 3585 111,
1309 3511 1367 3587 7,
1388 3511 1463 3574 15
1509 3512 1658 3576 Veni
1687 3535 1862 3598 er90,
1905 3515 2140 3591 v‚10‚4
2181 3517 2339 3579 Tace
2365 3517 2596 3603 inqm't,
2635 3517 2699 3580 in
2724 3514 2826 3578 Pe·

621 3608 892 3674 rottinis
934 3607 1033 3685 22,
1057 3609 1133 3672 10
1171 3611 1303 3673 Ave
1342 3632 1533 3696 usque
1561 3635 1582 3672 .·
1628 3631 1851 3695 neque
1894 3612 1964 3675 in
2009 3612 2262 3688 1v‚22‚8
2300 3613 2740 3700 improbarem
2774 3614 2827 3674 in

629 3708 744 3774 Ceo
785 3708 1021 3787 ἰηειιῖα,
1063 3707 1193 3772 nisi
1237 3707 1557 3771 librorum
1605 3708 1979 3794 scripturae
2022 3711 2305 3798 propius
2351 3719 2537 3776 esset
2574 3715 2682 3778 Cia
2708 3761 2723 3788 ,
2755 3708 2825 3772 de

622 3828 757 3892 quo
789 3805 928 3869 dixi
974 3824 1180 3890 supra
1209 3803 1299 3871 ad
1327 3826 1597 3870 versum
1626 3805 1780 3870 374.
1821 3807 2064 3874 horum
2093 3809 2327 3875 similia
2370 3809 2580 3876 habet
2605 3812 2671 3875 in
2699 3807 2825 3874 sati·

619 3905 713 3969 ris
761 3904 1018 3968 comico
1059 3910 1275 3968 metro
1322 3904 1594 3990 scriptis
1621 3903 1916 3970 Lucilius
1948 3955 1964 3982 ‚
2004 3907 2164 3971 item
2201 3908 2270 3972 in
2311 3930 2515 3973 versu
2559 3905 2824 3973 Sotaden

619 4001 843 4066 Varro
885 4003 1024 4089 equi
1064 4001 1345 4066 hirmiwnt
1371 4001 1555 4085 apud
1582 4001 1873 4068 Nonium
1914 4028 1979 4091 p.
2000 4005 2135 4082 156,
2148 4005 2228 4072 25
2247 4055 2262 4070 .
2303 4005 2430 4070 sed
2458 4006 2745 4094 Vergilio
2766 4003 2823 4067 in

618 4099 961 4165 Aeneidos
1001 4122 1118 4175 vn,
1131 4099 1256 4163 464
1297 4099 1602 4186 imperite
1659 4099 1928 4186 quidam
1976 4103 2162 4190 apud
2204 4104 2511 4169 Servium
2554 4104 2820 4190 adscrip-

619 4205 856 4263 serunt
895 4221 1098 4286 aquae
1138 4199 1339 4263 amni-s
1362 4246 1381 4279 ,
1426 4209 1495 4263 et
1536 4199 1824 4288 imperiti
1864 4199 2051 4265 fuere
2083 4202 2197 4288 qui
2237 4205 2653 4289 geminarunt
2677 4206 2743 4267 ite
2763 4200 2821 4262 in

618 4320 821 4366 versu
844 4297 985 4361 Silii
1011 4319 1075 4370 x,
1091 4296 1214 4362 599
1243 4296 1376 4361 hoc
1391 4346 1407 4374 ,
1433 4298 1522 4363 Et
1540 4299 1803 4384 qli-scunt
1821 4301 2076 4365 adversa
2094 4313 2255 4367 metu
2273 4351 2286 4365 .
2308 4303 2389 4367 ite
2404 4351 2424 4382 ,
2448 4305 2615 4368 ocius
2633 4322 2784 4366 arma
2800 4344 2816 4358 .

617 4396 796 4463 idem
824 4395 1164 4481 Vergilius
1209 4420 1326 4483 ayo
1371 4404 1441 4460 et
1477 4395 1814 4482 producta
1841 4420 1877 4463 ο
1906 4405 1977 4462 et
2005 4407 2161 4463 ante
2190 4412 2246 4464 et
2267 4400 2380 4465 vel
2407 4413 2516 4466 aut
2541 4401 2691 4465 elisa
2712 4417 2817 4481 po·

620 4496 795 4559 suit:
835 4515 1073 4559 versus
1120 4493 1390 4579 eelogae
1434 4516 1477 4568 1,
1503 4493 1577 4558 13
1618 4516 1755 4559 non
1793 4503 1977 4560 recte
2022 4497 2353 4583 procedet
2383 4548 2399 4576 ,
2455 4498 2578 4563 nisi
2622 4489 2816 4562 vocali
