3042 5192
1319 476 1420 545 VI
2342 486 2482 553 225

245 649 613 715 diffindens
642 656 893 715 terram
922 669 1234 736 magnum
1266 653 1625 716 concinnat
1651 652 1939 718 hiatum.

112 783 191 828 535
241 767 307 831 in
337 767 543 853 Syria
573 764 830 831 Sidone
863 763 1049 851 quod
1079 765 1324 830 accidit
1354 773 1423 830 et
1447 765 1577 831 fuit
1602 768 1771 854 Aegi

244 882 311 944 in
339 881 822 967 Peloponneso
842 930 858 958 ‚
884 901 1052 966 quas
1084 881 1303 945 exitus
1331 879 1442 944 hic
1474 883 1715 946 animai

249 994 591 1060 disturbat
618 996 824 1060 urbes
854 1005 922 1060 et
949 1003 1170 1059 terrae
1199 1007 1422 1060 motus
1452 996 1739 1062 obortus
1758 1009 1780 1061 :‘

247 1111 593 1197 multaque
624 1118 977 1197 praeterea
1006 1109 1396 1176 ceciderunt
1419 1113 1683 1176 moenia
1709 1116 1965 1200 magnis

244 1227 543 1291 motibus
570 1226 641 1289 in
675 1226 875 1291 terris
893 1275 909 1302 ‚
934 1234 1003 1290 et
1030 1226 1277 1290 multae
1304 1248 1429 1313 per
1456 1248 1638 1291 mare
1667 1249 1938 1315 pessum

114 1358 191 1405 5⁹0
242 1339 620 1406 subsedere
651 1341 790 1406 suis
819 1341 1071 1427 pariter
1100 1362 1249 1405 cum
1280 1341 1538 1406 civibus
1566 1343 1769 1408 urbes
1789 1393 1802 1407 .

246 1455 439 1542 quod
465 1456 597 1519 nisi
624 1456 1001 1542 prorumpit
1018 1505 1032 1533 ‚
1055 1463 1278 1521 tamen
1304 1457 1599 1541 impetus
1629 1458 1775 1542 ipse
1806 1459 2043 1524 animai

247 1579 317 1636 et
342 1571 491 1635 fera
518 1573 625 1634 vis
653 1571 835 1635 venti
864 1592 987 1656 per
1018 1571 1259 1636 crebra
1285 1570 1613 1635 foramina
1638 1578 1863 1636 terrae

246 1686 650 1773 dispertitur
678 1693 757 1749 ut
782 1685 1032 1750 horror
1061 1693 1130 1750 et
1156 1686 1394 1751 incutit
1420 1684 1578 1750 inde
1607 1694 1999 1767 tremorem3

244 1799 461 1887 frigus
489 1801 589 1865 uti
617 1808 892 1866 nostros
922 1801 1190 1887 penitus
1221 1822 1371 1864 cum
1397 1801 1585 1865 venit
1610 1801 1682 1865 in
1710 1810 1899 1868 artus
1918 1852 1934 1880 ‚

38 1953 41 1996 4
112 1931 196 1978 595
248 1916 557 1980 concutit
583 1916 831 1980 invitos
864 1936 1115 2002 cogens
1145 1923 1429 1979 tremere
1460 1923 1665 2001 atque
1692 1938 1964 1981 movere
1982 1970 1996 1982 .

245 2031 523 2118 ancipiti
550 2029 894 2117 trepidant
919 2031 1120 2116 igitur
1147 2038 1408 2114 terrore
1435 2052 1561 2116 per
1588 2032 1773 2096 urbis
1792 2080 1807 2108 ,

250 2154 435 2210 tecta
464 2167 753 2231 superne
782 2145 1049 2221 timent,
1071 2152 1377 2209 metuunt
1401 2144 1660 2209 inferne
1691 2167 2012 2212 cavernas

244 2261 449 2325 terrai
476 2281 565 2323 ne
595 2259 923 2324 dissoluat
950 2244 1194 2324 natu‘ra
1220 2267 1498 2345 repente
1516 2309 1532 2336 ‚

245 2397 379 2439 neu
410 2374 740 2439 distracta
768 2396 960 2439 suum
989 2374 1126 2439 late
1159 2373 1526 2462 dispandat
1553 2374 1807 2440 hiatum

104 2505 192 2553 600
246 2491 471 2578 adque
500 2491 641 2554 suis
672 2489 955 2554 confusa
981 2490 1144 2554 velit
1173 2490 1508 2575 complere
1537 2491 1745 2555 ruinis
1763 2541 1777 2554 .

247 2603 533 2694 proinde
563 2605 719 2669 licet
748 2606 1049 2691 quamvis
1081 2607 1336 2670 caelum
1364 2612 1748 2691 terramque
1777 2616 2052 2675 reantur

248 2723 647 2807 incorrupta
672 2720 819 2783 fore
850 2728 1162 2785 aeternae
1189 2719 1509 2784 mandata
1540 2720 1772 2784 saluti:

249 2844 318 2900 et
344 2844 569 2900 tamen
594 2836 770 2900 inter
800 2834 958 2898 dum
987 2856 1310 2922 praesens
1338 2836 1440 2900 vis
1470 2836 1621 2922 ipsa
1647 2836 1877 2922 pericli

250 2950 482 3016 subdit
511 2950 717 3016 athuc
748 2950 1083 3015 stimulum
1116 2949 1405 3037 quadam
1435 2949 1521 3014 de
1550 2958 1744 3037 parte
1774 2952 2030 3017 timoris
2050 3003 2064 3029 ,

98 3080 192 3126 6⁰5
250 3086 339 3128 ne
365 3064 656 3151 pedibus
686 3066 928 3151 raptim
956 3065 1157 3130 tellus
1188 3066 1537 3131 subtracta
1566 3064 1822 3130 feratur

244 3181 319 3243 in
342 3180 736 3245 barathrum
755 3229 770 3257 ,
796 3201 1152 3267 rerumque
1181 3187 1503 3266 sequatur
1533 3179 1806 3266 prodita
1833 3203 2086 3246 summa

248 3293 551 3359 funditus
567 3344 584 3371 ‚
616 3306 685 3359 et
710 3294 829 3359 fiat
854 3295 1085 3361 mundi
1115 3295 1397 3361 confusa
1421 3295 1617 3359 ruina
1635 3345 1649 3358 .

335 3409 697 3495 [Principio
726 3432 908 3475 mare
936 3411 1261 3475 mirantur
1288 3432 1427 3476 non
1454 3408 1741 3473 reddere
1770 3412 1980 3475 maius

241 3531 553 3588 naturam
570 3574 587 3601 ‚
609 3547 747 3611 quo
781 3526 871 3590 sit
896 3533 1128 3590 tantus
1159 3524 1487 3590 decursus
1518 3546 1842 3610 aquarum
1862 3576 1877 3602 ‚

91 3652 189 3700 610
248 3640 470 3704 omnia
498 3662 638 3726 quo
667 3641 940 3706 veniant
971 3662 1056 3705 ex
1086 3641 1266 3705 omni
1294 3639 1565 3703 flumina
1591 3647 1786 3726 parte
1806 3690 1819 3703 .

243 3752 428 3818 adde
455 3776 673 3842 vagos
700 3757 929 3821 imbris
959 3762 1534 3841 tempestatesque
1564 3754 1872 3820 volantes
1891 3805 1906 3830 ‚

244 3870 469 3934 omnia
495 3891 673 3956 quae
701 3876 907 3935 maria
935 3892 1015 3935 ac
1043 3879 1262 3936 terras
1294 3878 1756 3958 sparguntque
1785 3873 2174 3956 rigantque:

241 3981 425 4048 adde
456 4007 621 4050 suos
651 3984 893 4050 fontis:
918 3993 1142 4050 tamen
1172 3985 1261 4049 ad
1288 3986 1491 4050 maris
1523 3986 1743 4050 omnia
1771 4006 2090 4049 summam

248 4295 363 4340 584
397 4288 658 4345 Diffidens
707 4289 728 4360 n
779 4296 879 4345 586
916 4311 1020 4364 qua
1063 4292 1084 4363 ΙΙ
1135 4301 1234 4347 588
1270 4293 1534 4349 occideret
1582 4295 1602 4366 ΙΙ
1652 4300 1751 4349 589
1787 4313 2035 4366 possum.
2075 4295 2096 4368 ΙΙ
2146 4302 2242 4348 594
2281 4301 2340 4347 ut
2374 4296 2426 4347 in
2466 4294 2484 4361 ΙΙ

245 4377 364 4424 600
396 4370 559 4507 Ιὲίᾳιιο
606 4373 627 4443 ΙΙ
675 4375 885 4446 comple
932 4375 952 4447 ΙΙ
1001 4382 1099 4431 604
1139 4378 1423 4432 Subditaet
1455 4379 1595 4432 hunc
1651 4377 1670 4449 ΙΙ
1724 4380 1862 4450 parti
1912 4380 1933 4451 ΙΙ
1992 4385 2088 4431 605
2128 4378 2426 4432 substructa
2467 4380 2487 4449 ss

248 4458 366 4506 609
455 4465 599 4510 atura

2011 4561 2083 4623 15
