3042 5192
1335 471 1367 539 1
2371 479 2460 548 25

222 642 391 705 scire
418 641 578 706 licet
606 665 750 707 non
782 664 930 707 esse
959 642 1130 707 haec
1156 644 1354 729 ignea
1382 667 1672 732 corpora
1704 669 1957 714 rerum.
2007 701 2012 705 .

91 772 172 817 530
223 755 315 819 nil
344 755 638 823 referret
668 759 842 822 enim
875 757 1204 843 quaedam
1235 758 1564 826 decedere
1582 810 1597 839 ,
1619 762 1802 826 abire
1822 813 1838 838 ‚

222 878 428 957 atque
459 872 593 937 alio
626 872 917 937 adtribui
936 922 953 949 ‚
980 876 1354 959 mutarique
1384 875 1622 941 ordine
1653 877 1981 962 quaedam
1999 929 2015 955 ‚

220 989 275 1052 si
302 996 533 1052 tamen
564 986 830 1053 ardoris
858 997 1164 1054 naturam
1194 998 1438 1055 cuncta
1464 999 1806 1057 tenerent:

222 1103 392 1188 ignis
423 1104 601 1167 enim
627 1103 807 1168 foret
834 1102 1233 1168 omnimodis
1260 1103 1445 1189 quod
1476 1127 1761 1192 cumque
1791 1118 2102 1173 crearent
2118 1162 2131 1175 .

222 1240 455 1282 verum
473 1267 493 1295 ‚
512 1227 595 1282 ut
622 1219 864 1305 opinor
881 1267 896 1294 ‚
916 1219 1111 1283 itast:
1134 1227 1294 1284 sunt
1325 1219 1656 1305 quaedam
1687 1243 1974 1308 corpora
1991 1273 2007 1299 ‚
2029 1246 2312 1309 quorum

89 1351 173 1396 5⁸5
222 1356 597 1398 concursus
625 1341 849 1398 motus
879 1333 1050 1398 ordo
1080 1335 1388 1420 positura
1413 1334 1667 1420 figurae

226 1447 525 1512 efficiunt
550 1449 723 1533 ignis
741 1497 757 1523 ‚
778 1456 1171 1535 mutatoque
1199 1449 1438 1514 ordine
1464 1458 1730 1515 mutant

225 1551 535 1627 naturam
559 1613 576 1639 ‚
599 1584 820 1649 neque
851 1572 1009 1629 sunt
1030 1565 1171 1651 igni
1201 1564 1507 1629 simulata
1534 1586 1755 1652 neque
1781 1567 1897 1631 ulli

226 1692 585 1765 praeterea
612 1680 708 1743 rei
741 1700 913 1764 quae
944 1700 1234 1765 corpora
1260 1680 1524 1744 mittere
1555 1682 1774 1767 possit

229 1794 537 1859 sensibus
566 1802 635 1857 et
662 1802 935 1859 nostros
966 1793 1231 1859 adiectu
1261 1802 1536 1881 tangere
1557 1803 1781 1865 tactus
1798 1846 1812 1859 .

93 1924 179 1969 590
307 1908 555 1974 Dicere
584 1931 791 1996 porro
820 1911 1040 1996 ignem
1068 1932 1179 1975 res
1209 1911 1424 1975 omnis
1455 1932 1605 1993 esse
1624 1959 1639 1987 ,
1661 1932 1882 1996 neque
1909 1913 2110 1976 ullam

230 2046 366 2089 rem
393 2046 627 2089 veram
654 2025 724 2088 in
751 2046 1026 2090 numero
1055 2046 1277 2090 rerum
1308 2034 1621 2091 constare
1651 2026 1779 2090 nisi
1805 2027 2025 2111 ignem
2043 2076 2058 2102 ,

231 2138 416 2225 quod
444 2139 611 2205 facit
635 2140 745 2204 hic
773 2138 949 2204 idem
969 2190 985 2216 ‚
1006 2140 1413 2227 perdelirum
1442 2163 1592 2206 esse
1622 2139 1891 2205 videtur
1910 2191 1923 2204 .

230 2277 379 2319 nam
408 2263 653 2320 contra
681 2276 919 2319 sensus
949 2256 1033 2319 ab
1065 2256 1372 2320 sensibus
1400 2258 1548 2342 ipse
1577 2264 1943 2342 repugnat,

232 2380 300 2435 et
324 2369 694 2436 labefactat
722 2392 838 2435 eos
858 2420 874 2445 ‚
895 2369 1076 2435 unde
1108 2372 1328 2435 omnia
1357 2368 1617 2435 credita
1642 2369 1974 2456 pendent,

12 2542 13 2545 ,
94 2500 181 2546 595
230 2484 405 2549 unde
434 2484 547 2548 hic
579 2486 886 2570 cognitus
917 2494 1021 2550 est
1047 2486 1177 2573 ipsi
1207 2508 1404 2571 quem
1433 2486 1733 2551 nominat
1758 2486 2010 2572 ignem:

233 2599 443 2665 credit
473 2602 643 2664 enim
676 2622 912 2664 sensus
940 2602 1159 2686 ignem
1190 2621 1600 2687 cognoscere
1629 2621 1821 2677 vere,

236 2725 454 2780 cetera
482 2737 624 2779 non
653 2714 867 2780 credit
884 2766 900 2792 ‚
924 2737 1096 2802 quae
1123 2717 1259 2781 nilo
1291 2717 1473 2781 clara
1499 2717 1714 2780 minus
1743 2724 1900 2781 sunt
1917 2766 1932 2779 .

238 2829 415 2916 quod
443 2830 606 2894 mihi
634 2853 783 2894 cum
805 2852 1050 2895 vanum
1077 2839 1220 2896 tum
1249 2830 1531 2896 delirum
1559 2851 1710 2896 esse
1737 2831 2036 2897 videtur:

235 2968 371 3031 quo
400 2945 762 3011 referemus
793 2947 965 3010 enim
981 2946 1014 3008 Ρ
1038 2945 1203 3032 quid
1229 2947 1425 3011 nobis
1455 2948 1702 3011 certius
1730 2947 1897 3032 ipsis

96 3077 183 3124 τοο
237 3060 544 3126 sensibus
573 3082 720 3127 esse
750 3069 981 3148 potest
998 3111 1014 3137 ‚
1037 3061 1153 3147 qui
1180 3082 1341 3125 vera
1370 3082 1450 3125 ac
1478 3060 1650 3125 falsa
1675 3069 1986 3126 notemus
2002 3062 2036 3123 P

234 3186 585 3262 praeterea
613 3198 822 3262 quare
853 3177 1202 3263 quisquam
1230 3177 1440 3263 magis
1471 3176 1693 3240 omnia
1719 3176 1916 3240 tollat

240 3300 303 3355 et
324 3292 489 3356 velit
517 3291 784 3357 ardoris
812 3299 1119 3357 naturam
1146 3293 1450 3377 linquere
1480 3291 1692 3356 solam
1712 3340 1727 3367 ‚

239 3428 429 3492 quam
459 3416 667 3495 neget
694 3429 843 3472 esse
869 3408 1043 3495 ignis
1059 3456 1076 3483 ‚
1102 3407 1366 3493 quidvis
1395 3413 1618 3470 tamen
1648 3428 1797 3471 esse
1826 3406 2160 3493 relinquat
2180 3406 2211 3469 Ρ

237 3544 451 3609 aequa
476 3521 747 3588 videtur
777 3523 947 3587 enim
976 3521 1311 3587 dementia
1340 3521 1565 3586 dicere
1595 3530 1986 3608 utrumque.

98 3650 184 3698 705
318 3639 471 3719 Qua
500 3646 783 3724 propter
814 3639 928 3723 qui
956 3639 1297 3702 materiem
1323 3659 1547 3701 rerum
1577 3658 1726 3702 esse
1754 3644 2078 3724 putarunt

240 3753 455 3838 ignem
483 3760 688 3840 atque
721 3776 807 3818 ex
836 3754 971 3840 igni
1000 3774 1320 3818 summam
1351 3754 1720 3818 consistere
1749 3772 1954 3840 posse
1973 3802 1987 3829 ‚

240 3876 305 3931 et
332 3870 445 3954 qui
472 3870 872 3956 principium
896 3867 1252 3955 gignundis
1281 3875 1438 3933 aera
1467 3869 1671 3933 rebus

239 3985 645 4049 constituere
665 4033 681 4059 ‚
704 3992 822 4049 aut
848 4005 1144 4049 umorem
1176 3985 1290 4071 qui
1321 3976 1604 4069 cumque
1633 3990 1956 4070 putarunt

240 4097 483 4185 fingere
511 4120 625 4163 res
653 4100 872 4185 ipsum
899 4121 1022 4185 per
1052 4122 1125 4164 se
1143 4149 1159 4177 ‚
1179 4108 1512 4163 terramve
1543 4119 1773 4163 creare

249 4366 343 4413 680
378 4360 784 4430 descendere-n
832 4370 930 4417 683
969 4372 1201 4418 crearet.
1249 4364 1268 4432 ΙΙ
1315 4370 1414 4417 690
1452 4365 1693 4435 iquenem
1740 4362 1762 4429 ΙΙ
1810 4368 1910 4415 694
1947 4360 2258 4417 lacbesactat
2296 4363 2316 4429 ΙΙ
2367 4368 2463 4416 703

251 4443 454 4513 quidvis
488 4453 756 4502 omia-sum.
794 4446 815 4515 ΙΙ
856 4453 956 4501 we
992 4454 1272 4519 putantur.
