3042 5192
614 478 756 547 208
1675 474 1769 542 III

613 653 746 717 hoc
792 657 902 715 est
941 651 1054 736 qui
1094 647 1297 714 modo
1338 655 1521 713 stare
1550 645 1907 713 videbatur
1949 644 2156 731 (Stat.
2188 645 2318 711 Th.
2348 645 2510 724 v‚86
2541 695 2557 722 ‚
2599 648 2839 713 Horat.

613 773 668 814 c.
687 773 785 825 111,
802 750 901 822 28,
920 749 996 833 5)
1024 748 1299 812 inclinat
1326 769 1406 811 ac
1437 745 1664 810 deficit
1690 793 1707 820 ‚
1751 755 1819 809 et
1858 752 2111 809 remeat
2141 792 2157 821 ,
2204 767 2354 809 cum
2381 754 2545 831 post
2573 754 2843 811 noctem

611 848 790 912 redit
821 850 834 912 Ξ
876 868 954 911 ac
994 866 1078 910 ne
1119 846 1187 908 in
1232 845 1564 932 Sulpiciae
1604 842 1871 929 quidem
1915 844 2125 908 satira
2161 842 2242 907 23
2282 844 2500 908 virtus
2540 844 2847 910 Romana

612 948 778 1013 satis
820 954 977 1031 apte
1014 945 1227 1009 exiisse
1269 942 1512 1008 dicitur
1551 943 1620 1005 in
1660 962 1844 1005 mare
1887 941 2181 1006 Siculum
2225 949 2294 1005 et
2335 941 2845 1027 Carthaginem,

614 1045 740 1112 sed
783 1046 1050 1109 Romam
1089 1044 1306 1129 ipsam
1351 1044 1545 1107 virtu-s·
1584 1042 1817 1127 aqitata
1857 1041 2023 1105 domi
2064 1052 2123 1105 et
2158 1040 2485 1105 socialibus
2535 1043 2735 1105 arnu’s
2773 1042 2847 1106 In

598 1144 774 1232 freta
804 1143 1097 1208 Sicaniae
1138 1153 1195 1206 et
1229 1141 1614 1227 Carthayinis
1642 1139 1825 1203 exciit
1862 1162 2038 1203 arces
2062 1186 2081 1219 ,
2131 1139 2458 1225 Ceoeraque
2494 1141 2769 1224 imperia
2795 1152 2849 1203 et

610 1255 796 1308 tot-um
834 1242 1022 1306 simul
1058 1240 1300 1305 abstulit
1338 1240 1544 1305 orbem
1572 1287 1587 1302 .
1629 1236 1764 1301 hoc
1806 1245 2030 1302 tamen
2069 1235 2264 1301 facile
2307 1235 2615 1302 concedo
2650 1285 2668 1311 ‚
2712 1246 2847 1302 tam

611 1342 842 1405 miram
882 1337 1270 1426 prosodiam
1305 1386 1320 1414 ,
1361 1338 1550 1402 cuius
1591 1335 1920 1400 rationem
1961 1356 2099 1399 non
2142 1334 2612 1420 intellegerent
2642 1384 2659 1412 ,
2706 1337 2847 1421 qui-

611 1439 900 1506 busdam
936 1459 1076 1502 non
1102 1436 1303 1502 valde
1332 1435 1668 1523 placuisse
1697 1484 1711 1498 .
1751 1456 1906 1499 nam
1937 1455 2111 1519 quae
2143 1444 2423 1521 quartae
2452 1434 2847 1501 declinatio-

612 1539 717 1603 nis
761 1543 921 1602 sunt
961 1535 1350 1600 breviantur
1377 1582 1394 1608 ‚
1451 1542 1530 1598 ut
1568 1534 1780 1598 ambiit
1818 1534 2019 1598 audiit
2071 1534 2244 1598 leniit
2281 1535 2539 1599 emwziit
2589 1536 2851 1621 quaesiit

615 1638 801 1702 acciit
824 1684 843 1716 ,
883 1635 1011 1698 nisi
1050 1634 1164 1698 ubi
1202 1632 1563 1720 productio
1607 1632 2107 1696 excusationem
2147 1631 2357 1697 habet
2387 1680 2402 1706 ‚
2444 1633 2641 1698 velut
2694 1643 2847 1697 ante

612 1734 1012 1801 vocabulum
1043 1732 1370 1797 Graecum
1410 1739 1529 1797 aut
1565 1732 1634 1795 in
1663 1730 2167 1816 penthemimeri
2197 1738 2525 1816 sequente
2554 1744 2615 1797 et
2644 1754 2846 1819 copu-

614 1834 825 1898 lativo
854 1881 870 1908 ,
910 1840 989 1896 ut
1026 1831 1095 1895 in
1123 1830 1376 1895 Valerii
1413 1829 1638 1895 Flacci
1675 1852 1820 1904 vm,
1850 1828 1973 1892 259
2011 1830 2268 1915 inpediit
2292 1829 2691 1917 Hymenaeus·
2722 1880 2739 1909 ‚
2782 1832 2845 1894 in

616 1931 841 1998 Ovidii
880 1937 1140 1995 metam.
1170 1952 1288 2006 111,
1307 1928 1429 1993 392
1459 1928 1718 2014 imdiit
1741 1938 1799 1993 et
1822 1930 1999 1992 inani
2029 1952 2050 1991 .·
2086 1929 2189 1992 siit
2212 1928 2283 1992 in
2310 1927 2617 1993 Terentii
2644 1930 2848 1994 Adel-

618 2030 774 2119 phis
823 2052 867 2106 1,
899 2028 958 2106 2,
988 2028 1070 2092 24
1122 2048 1489 2114 agnoscere
1529 2026 1799 2092 videtur
1840 2025 2203 2090 Diomedes
2248 2049 2312 2112 p.
2338 2028 2457 2092 371
2494 2077 2512 2102 ‚
2552 2029 2737 2093 desiit
2784 2030 2847 2093 in

613 2151 814 2195 versu
841 2151 980 2194 non
1007 2127 1270 2202 inveni,
1301 2126 1426 2191 sed
1456 2125 1772 2190 dixerunt
1803 2125 1956 2189 desit
1972 2125 2284 2190 Manilius
2306 2148 2368 2202 v,
2385 2125 2509 2191 663
2528 2175 2545 2204 ,
2568 2127 2845 2192 Martia·

615 2230 698 2294 lis
734 2227 925 2303 v1,26
957 2225 1175 2302 v11‚39
1215 2248 1279 2300 x,
1298 2225 1479 2290 8690
1520 2222 1713 2301 x1,25
1746 2272 1760 2286 .
1803 2223 2035 2309 itaque
2077 2224 2265 2289 multi
2310 2231 2470 2289 sunt
2516 2227 2636 2311 qui
2676 2229 2848 2313 petiit

615 2347 972 2412 numquam
1004 2324 1294 2388 dixerint
1322 2371 1337 2399 ‚
1383 2345 1519 2387 non
1561 2322 1723 2386 nulli
1751 2329 1975 2387 autem
2002 2343 2089 2387 ne
2114 2323 2299 2388 subiit
2325 2323 2600 2409 quidem
2628 2350 2648 2403 3
2688 2347 2843 2412 pars

617 2435 736 2490 aut
760 2432 1117 2509 utrumque
1145 2443 1358 2507 genus
1387 2470 1402 2498 ‚
1436 2428 1555 2485 aut
1583 2442 1663 2485 ea
1688 2428 1951 2485 tantum
1982 2442 2155 2507 quae
2186 2420 2387 2486 eundi
2417 2423 2841 2509 significatio·

618 2545 770 2587 nem
797 2522 1054 2587 habent
1081 2569 1096 2596 ‚
1139 2541 1279 2585 non
1307 2520 1437 2584 nisi
1466 2527 1624 2584 ante
1655 2527 2109 2585 consonantes
2142 2569 2157 2597 ,
2195 2529 2275 2585 ut
2297 2520 2659 2586 Lucretius
2678 2572 2696 2600 ‚
2728 2522 2841 2587 Ca·

619 2622 842 2697 tullus,
854 2619 1188 2695 Tibullus,
1206 2617 1479 2683 Gratius
1495 2668 1511 2695 ,
1532 2619 1968 2685 Germanicus
1982 2669 1997 2697 ,
2018 2620 2241 2685 Silius.
2263 2620 2399 2697 alii,
2416 2622 2533 2706 qui
2558 2621 2671 2686 his
2694 2631 2843 2686 ante

615 2721 888 2785 vocales
903 2718 1008 2782 usi
1030 2725 1214 2793 sunt,
1230 2717 1325 2781 ita
1340 2738 1603 2803 semper
1625 2726 1999 2804 posuerunt
2019 2726 2095 2783 ut
2115 2717 2383 2805 possint
2402 2720 2737 2805 imperitis
2754 2721 2844 2784 vi-

617 2820 762 2884 deri
784 2824 1065 2904 propter
1085 2837 1427 2881 caesuram
1446 2814 1783 2903 producta
1809 2838 1991 2882 esse:
2016 2818 2114 2882 sie
2132 2819 2310 2904 petiit
2320 2816 2666 2904 Vergilius
2682 2821 2843 2884 Aen.

616 2917 779 2994 x‚67
798 2966 814 2993 ,
844 2915 1241 3002 Propertius
1272 2936 1316 2989 1,
1339 2913 1431 2988 10,
1449 2912 1531 2978 23
1559 2964 1575 2988 ‚
1609 2915 1936 2980 Martialis
1964 2915 2129 2992 x‚60
2159 2965 2175 2992 ,
2215 2916 2312 2980 sic
2343 2925 2575 2981 cetera
2604 2917 2843 3002 Vergi-

615 3018 743 3082 lius
774 3064 788 3092 ‚
827 3014 1152 3078 Horatius
1171 3061 1186 3088 ‚
1214 3012 1487 3076 Persius
1506 3062 1520 3088 ‚
1550 3011 1862 3078 Valerius
1892 3013 2175 3079 Flaccus
2193 3062 2208 3090 ‚
2238 3014 2500 3079 Statius
2519 3063 2536 3090 ‚
2566 3016 2843 3080 Martia-

614 3114 696 3179 lis
727 3163 743 3191 ,
784 3111 1118 3177 Iuvenalis
1147 3160 1160 3174 .
1203 3131 1423 3195 neque
1454 3110 1734 3176 Plautus
1776 3120 1893 3176 aut
1921 3111 2282 3176 Terentius
2309 3114 2407 3177 ita
2431 3113 2503 3177 in
2532 3115 2842 3179 versibus

616 3213 1032 3277 collocarunt
1058 3216 1136 3273 ut
1160 3209 1429 3274 ultimae
1459 3209 1760 3296 syllabae
1785 3211 2126 3296 quantitas
2149 3219 2336 3275 certo
2364 3212 2667 3299 intellegi
2688 3236 2844 3300 pos-

616 3312 737 3384 sit,
763 3308 887 3373 sed
914 3308 1049 3372 hoc
1077 3306 1281 3373 modo
1302 3357 1317 3383 ‚
1341 3308 1514 3372 Dwm
1541 3307 1692 3373 haec
1720 3310 2004 3396 loquitur,
2034 3310 2184 3374 abiit
2207 3310 2361 3374 hora
2375 3358 2395 3392 ,
2417 3310 2487 3373 in
2508 3310 2845 3376 Eunucho

615 3432 686 3484 11,
704 3407 761 3481 3,
781 3406 862 3471 50
879 3455 894 3482 ‚
924 3414 1042 3470 aut
1065 3406 1242 3471 Satin
1270 3407 1418 3471 abiit
1441 3403 1592 3470 ille?
1619 3408 1690 3470 111
1712 3407 1925 3471 Milite
1956 3431 2026 3482 11,
2043 3408 2101 3483 6,
2124 3408 2151 3471 l
2176 3433 2191 3484 3
2220 3408 2350 3472 nisi
2380 3408 2573 3494 quod
2600 3410 2675 3473 111
2704 3409 2849 3474 Cis-

616 3506 874 3571 tellaria
902 3526 989 3582 iv,
1006 3503 1064 3580 2,
1082 3504 1160 3568 35
1189 3526 1429 3568 versus
1457 3504 1872 3570 Bacchiacus
1912 3505 2161 3592 optime
2204 3506 2299 3571 sic
2340 3505 2599 3572 incedit
2626 3558 2644 3583 ‚
2693 3511 2847 3574 Con-

616 3605 947 3690 templabor
965 3652 979 3666 .
1009 3603 1149 3667 hinc
1174 3603 1293 3668 huc
1319 3605 1396 3668 iit
1409 3653 1422 3666 .
1452 3603 1595 3668 hinc
1621 3626 1923 3691 nusquam
1952 3605 2103 3669 abiit
2118 3653 2132 3668 .
2164 3611 2424 3669 tantum
2447 3604 2537 3669 de
2558 3606 2670 3670 his
2692 3628 2850 3693 per-

613 3704 941 3769 fectorum
981 3702 1213 3766 formis
1241 3750 1255 3776 ‚
1299 3703 1366 3766 in
1398 3703 1641 3788 quibus
1670 3705 1695 3766 i
1724 3702 1974 3788 duplex
2004 3710 2142 3778 est,
2172 3701 2311 3767 dixi
2329 3752 2345 3779 ,
2372 3713 2453 3768 ut
2481 3713 2853 3791 appareret

618 3825 754 3890 qua
795 3800 1188 3866 condicione
1230 3797 1336 3865 his
1377 3802 1619 3887 singuli
1660 3802 1766 3866 usi
1795 3808 2024 3865 essent
2057 3848 2072 3863 .
2111 3801 2181 3866 in
2208 3801 2442 3867 formis
2475 3805 2855 3869 contractis

617 3903 865 3989 triplex
910 3908 1016 3965 est
1053 3906 1404 3986 poetarum
1444 3898 1868 3964 consuetudo
1902 3922 1916 3963 ε
1961 3906 2122 3963 sunt
2166 3900 2339 3963 enim
2383 3901 2498 3986 qui
2537 3900 2669 3967 has
2695 3911 2853 3966 tan·

615 4010 758 4065 tum
797 3998 1001 4064 modo
1043 4007 1199 4063 ante
1238 4005 1692 4063 consonantes
1732 3998 1844 4064 vel
1879 3998 1949 4061 in
1992 3998 2173 4062 exitu
2202 4020 2520 4063 versuum
2548 4011 2857 4086 ponant,

614 4096 969 4164 Phaedrus
998 4145 1014 4172 ‚
1064 4097 1323 4163 Seneca
1350 4146 1367 4172 ‚
1409 4097 1611 4162 Silius
1642 4146 1658 4174 ‚
1700 4118 1848 4161 cum
1876 4095 2182 4182 plerique
2212 4118 2326 4162 eas
2353 4119 2495 4162 non
2524 4100 2657 4164 nisi
2684 4111 2855 4163 ante

613 4197 885 4263 vocales
929 4194 1287 4260 admittant
1315 4243 1335 4276 ,
1380 4196 1615 4261 comici
1658 4204 1879 4260 autem
1930 4203 2197 4260 veteres
2253 4204 2547 4283 utroque
2598 4197 2821 4262 modo
2842 4248 2857 4261 .

615 4294 969 4359 Phaedrus
1001 4295 1070 4358 in
1097 4294 1228 4358 fine
1255 4315 1568 4359 versuum
1583 4296 1944 4379 proximam
1970 4294 2181 4358 villam
2196 4294 2383 4379 petit,
2412 4318 2516 4360 vos
2543 4297 2721 4381 quod
2746 4320 2858 4360 ra·

605 4395 827 4478 puis-tis
841 4394 1040 4479 perit,
1068 4403 1359 4457 secretum
1375 4394 1536 4478 petit
1560 4441 1578 4472 ‚
1619 4392 1823 4468 11‚8‚3
1854 4414 1940 4468 ιν,
1958 4390 2057 4468 22,
2086 4391 2167 4456 27
2198 4392 2297 4469 25,
2316 4391 2356 4455 6
2388 4441 2403 4457 .
2446 4393 2543 4457 sie
2577 4393 2861 4459 Seneca.

620 4490 816 4555 Herc.
859 4489 903 4555 f.
926 4489 1051 4556 826
1088 4490 1344 4555 Phoen.
1368 4489 1490 4555 210
1533 4490 1730 4577 Hipp.
1752 4489 1876 4555 728
1916 4488 2084 4555 Oed.
2103 4489 2227 4555 803
2265 4489 2428 4555 Tro,
2450 4491 2533 4556 50
2558 4491 2693 4556 348
2724 4493 2861 4560 460
