3042 5192
1286 446 1357 512 V

196 645 387 709 quam
420 621 589 686 dare
623 620 813 707 quod
841 628 1189 708 gemerent
1215 620 1452 685 hostes
1472 669 1486 696 ‚
1507 621 1774 707 ipsique
1803 625 2021 709 perire
2040 675 2055 700 ‚

197 739 304 824 qui
330 759 618 802 numero
653 735 1055 801 diffidebant
1083 736 1417 821 armisque
1443 736 1780 801 vacabant
1798 788 1811 801 .

72 871 158 916 1350
270 852 532 917 Nexilis
562 860 723 916 ante
752 851 880 915 fuit
906 851 1120 915 vestis
1151 871 1352 935 quam
1382 851 1615 915 textile
1644 859 1943 937 tegmen.

198 968 425 1032 textile
456 975 622 1054 post
650 965 1001 1040 ferrumst,
1028 965 1183 1051 quia
1208 965 1391 1029 ferro
1420 965 1559 1030 tela
1585 975 1862 1052 paratur
1879 1017 1892 1038 ,

196 1103 317 1146 nec
344 1083 613 1146 ratione
645 1082 776 1145 alia
802 1088 1092 1167 possunt
1117 1088 1256 1145 tam
1283 1080 1455 1144 levia
1483 1081 1665 1166 gigni

196 1198 409 1262 insilia
438 1219 521 1261 ac
548 1197 682 1260 fusi
699 1245 715 1272 ‚
738 1196 942 1273 radii,
965 1196 1284 1281 scapique
1314 1203 1638 1259 sonantes
1656 1246 1670 1259 .

207 1321 271 1376 et
296 1313 527 1377 facere
557 1319 715 1376 ante
744 1313 927 1376 viros
956 1311 1172 1375 lanam
1200 1317 1446 1375 natura
1475 1312 1697 1396 coegit

68 1447 158 1490 1355
197 1449 395 1514 quam
422 1428 747 1491 muliebre
777 1447 1022 1513 genus:
1044 1447 1201 1490 nam
1228 1425 1429 1511 longe
1458 1433 1764 1512 praestat
1789 1427 1858 1489 in
1889 1436 2030 1492 arte

202 1553 265 1607 et
293 1543 636 1607 sollertius
667 1548 774 1605 est
799 1541 1008 1605 multo
1038 1561 1250 1626 genus
1282 1562 1476 1604 omne
1504 1541 1732 1619 virile3

200 1658 530 1744 agricolae
562 1655 783 1719 donec
810 1656 972 1719 vitio
1002 1662 1269 1720 vertere
1300 1658 1516 1721 severi
1536 1707 1551 1733 ,

198 1782 275 1836 ut
300 1772 736 1836 muliebribus
763 1769 837 1833 id
862 1771 1168 1835 manibus
1199 1770 1570 1836 concedere
1597 1771 1848 1837 vellent

202 1897 407 1972 atque
434 1887 561 1971 ipsi
592 1887 847 1971 pariter
876 1884 1116 1949 durum
1146 1885 1423 1950 sufferre
1451 1886 1750 1951 laborem
1768 1936 1783 1962 ‚

58 2020 162 2066 1360
200 2013 401 2089 atque
430 2023 637 2089 opere
665 2001 735 2064 in
766 1999 936 2064 duro
967 2000 1289 2065 durarent
1315 2002 1613 2065 membra
1637 2022 2039 2088 manusque.

280 2119 373 2181 At
401 2117 743 2204 specimen
773 2116 1051 2180 sationis
1081 2123 1149 2179 et
1175 2116 1506 2180 insitionis
1541 2117 1728 2202 origo

202 2234 344 2320 ipsa
370 2231 500 2296 fuit
529 2253 752 2296 rerum
779 2231 1057 2316 primum
1088 2237 1331 2295 natura
1360 2231 1653 2294 creatrix
1671 2279 1686 2307 ‚

202 2348 553 2412 arboribus
584 2347 896 2432 quoniam
923 2346 1132 2410 bacae
1161 2343 1576 2432 glandesque
1606 2344 1898 2411 caducae

202 2463 597 2550 tempestiva
626 2461 880 2526 dabant
905 2461 1239 2546 pullorum
1269 2462 1573 2525 examina
1601 2469 1866 2548 supter3

56 2593 165 2639 1355
202 2577 371 2642 unde
402 2578 604 2641 etiam
632 2578 958 2641 libitumst
986 2576 1217 2662 stirpis
1248 2577 1660 2640 committere
1689 2578 1887 2641 ramis

208 2705 272 2757 et
295 2714 475 2757 nova
504 2690 831 2756 defodere
858 2691 927 2754 in
955 2698 1205 2755 terram
1233 2692 1523 2778 virgulta
1549 2712 1674 2777 per
1703 2713 1936 2778 agros.

206 2807 354 2871 inde
382 2808 577 2871 aliam
606 2815 811 2892 atque
841 2806 1032 2870 aliam
1063 2807 1387 2871 culturam
1419 2805 1634 2871 dulcis
1664 2808 1855 2893 agelli

206 2923 621 3008 temptabant
638 2971 653 2997 ,
675 2921 1070 3006 fructusque
1098 2920 1283 2986 feros
1312 2944 1778 2986 mansuescere
1807 2933 2052 2987 terram

209 3039 565 3102 cernebant
591 3035 1005 3122 indulgendo
1035 3037 1416 3124 blandeque
1447 3036 1733 3102 colendo
1754 3087 1767 3099 .

52 3167 164 3212 1350
204 3153 392 3237 inque
423 3152 568 3216 dies
594 3152 805 3237 magis
833 3153 902 3215 in
930 3161 1224 3217 montem
1253 3153 1618 3217 succedere
1649 3153 1849 3216 silvas

212 3269 534 3353 cogebant
560 3266 869 3352 infraque
897 3267 1119 3331 locum
1148 3267 1528 3332 concedere
1560 3268 1755 3332 cultis
1773 3317 1789 3342 ‚

214 3391 393 3466 prata
420 3383 608 3447 lacus
637 3383 823 3447 rivos
854 3390 1117 3468 segetes
1144 3384 1504 3469 vinetaque
1533 3384 1713 3447 laeta

215 3497 477 3562 collibus
509 3507 579 3561 et
609 3497 859 3582 campis
888 3505 966 3562 ut
992 3497 1324 3562 haberent
1341 3547 1356 3574 ‚
1379 3505 1583 3584 atque
1612 3499 1910 3563 olearum

216 3613 467 3678 caerula
494 3612 918 3698 distinguens
945 3614 1122 3678 inter
1149 3614 1351 3700 plaga
1380 3635 1650 3678 currere
1677 3600 1914 3700 posset

44 3739 165 3785 1:575
212 3747 323 3810 per
350 3727 641 3792 tumulos
672 3734 740 3792 et
769 3729 1094 3793 convallis
1125 3750 1535 3815 camposque
1564 3729 1875 3816 profusa:

216 3851 284 3904 ut
307 3865 479 3907 nunc
511 3864 660 3907 esse
689 3840 880 3907 vides
910 3845 1095 3908 vario
1130 3843 1448 3909 distincta
1475 3844 1704 3931 lepore

219 3958 417 4022 omnia
434 4008 449 4034 ‚
473 3979 646 4044 quae
675 3959 892 4045 pomis
920 3959 1225 4024 intersita
1255 3958 1562 4024 dulcibus
1592 3969 1838 4024 ornant

222 4072 627 4158 arbustisque
658 4081 895 4137 tenent
921 4072 1226 4138 felicibus
1256 4075 1479 4162 opsita
1508 4074 1787 4138 circum.

298 4187 407 4269 [At
432 4188 717 4285 liquidas
750 4190 969 4252 avium
998 4212 1202 4253 voces
1230 4191 1545 4253 imitarier
1577 4213 1693 4252 ore

242 4432 349 4480 1354
382 4432 545 4484 ianam
583 4431 604 4503 ΙΙ
646 4439 769 4487 1361
814 4436 866 4487 Α
906 4436 926 4505 ΙΙ
970 4441 1098 4489 1366
1136 4435 1376 4490 defodire
1413 4434 1434 4507 ΙΙ
1477 4443 1608 4490 1368
1647 4445 1815 4492 terra.

2292 454 2420 521 201
