3042 5192
557 480 649 547 38
1661 476 1692 543 I

549 675 674 716 nec
705 651 1056 737 quisquam
1083 651 1273 714 locus
1304 656 1410 714 est
1429 699 1443 725 ‚
1472 672 1607 735 quo
1640 669 1929 735 corpora
1959 670 2106 711 com
2137 662 2466 713 venerunt
2484 698 2499 717 .

552 765 875 853 ponderis
905 766 1148 829 amissa
1176 767 1243 829 vi
1270 765 1540 852 possint
1570 772 1748 828 stare
1776 763 1844 827 in
1873 764 2085 828 inani:

553 903 679 944 nec
709 879 897 966 quod
924 881 1121 944 inane
1150 887 1373 944 autem
1404 887 1509 943 est
1537 879 1652 943 ulli
1682 879 2047 943 subsistere
2078 877 2283 942 debet
2303 928 2317 953 ‚

362 1014 489 1060 1080
554 996 714 1081 quin
733 1045 749 1070 ‚
773 1016 895 1058 sua
925 994 1112 1079 quod
1139 1002 1383 1059 natura
1410 995 1581 1081 petit
1598 1042 1613 1067 ‚
1638 992 2011 1057 concedere
2041 1002 2282 1080 pergat
2302 1044 2315 1056 .

553 1109 740 1174 haud
766 1110 967 1195 igitur
994 1118 1285 1196 possunt
1314 1109 1430 1173 tali
1458 1109 1722 1173 ratione
1752 1110 1968 1173 teneri
2025 1093 2040 1113 x

554 1246 665 1289 res
693 1225 761 1288 in
791 1225 1137 1288 concilium
1164 1222 1363 1287 medii
1395 1223 1771 1310 cuppedine
1799 1232 2034 1287 vectae
2055 1273 2069 1287 .

640 1339 1002 1405 Praeterea
1031 1338 1343 1424 quoniam
1370 1361 1509 1401 non
1541 1340 1761 1402 omnia
1789 1359 2080 1425 corpora
2108 1339 2368 1424 fingunt

559 1454 627 1516 in
655 1451 942 1517 medium
969 1454 1093 1516 niti
1111 1502 1127 1529 ‚
1152 1452 1277 1517 sed
1303 1461 1633 1518 terrarum
1663 1461 1867 1538 atque
1895 1453 2177 1537 liquoris
2195 1503 2210 1527 ‚

366 1585 494 1631 1085
559 1576 629 1632 ct
658 1567 849 1652 quasi
878 1575 1148 1633 terreno
1181 1588 1353 1653 quac
1385 1589 1671 1655 corpore
1702 1568 2203 1641 contineantur,

561 1704 862 1746 umorem
887 1683 1084 1770 ponti
1108 1704 1523 1769 magnasque
1554 1704 1590 1747 e
1618 1683 1958 1746 montibus
1985 1680 2205 1746 undas
2226 1731 2241 1756 ‚

563 1804 633 1861 at
662 1806 899 1861 contra
927 1798 1145 1862 tenuis
1176 1805 1527 1885 exponunt
1556 1799 1728 1867 aeris
1759 1818 1956 1861 auras

562 1920 634 1976 et
662 1911 916 1977 calidos
946 1914 1137 1977 simul
1166 1934 1207 1976 a
1232 1912 1453 1977 medio
1487 1911 1812 1977 differrier
1839 1913 2012 1998 ignis
2030 1960 2045 1987 ‚

561 2035 766 2112 atque
795 2026 949 2091 ideo
980 2036 1195 2093 totum
1224 2028 1471 2092 circum
1498 2036 1788 2092 tremere
1819 2027 2096 2092 aethera
2125 2028 2329 2114 signis

374 2158 499 2204 1090
563 2150 631 2206 et
660 2143 820 2206 solis
849 2142 1175 2208 flammam
1203 2166 1327 2231 per
1357 2143 1521 2208 caeli
1552 2144 1820 2207 caerula
1845 2143 2067 2230 pasci,

568 2256 754 2343 quod
785 2259 970 2322 calor
999 2280 1039 2322 a
1066 2257 1286 2322 medio
1316 2259 1579 2345 fugiens
1610 2279 1684 2322 se
1709 2259 1804 2322 ibi
1834 2257 2128 2343 conligat
2156 2258 2369 2322 omnis
2388 2307 2403 2333 ‚

564 2394 691 2436 nec
721 2395 1031 2460 prorsum
1061 2374 1415 2438 arboribus
1446 2395 1738 2437 summos
1767 2370 2208 2436 frondescere
2235 2393 2458 2436 ramos

566 2509 771 2572 posse
791 2536 807 2563 ‚
829 2489 957 2551 nisi
987 2510 1025 2551 a
1054 2490 1252 2553 terris
1282 2488 1600 2574 paulatim
1631 2487 1871 2571 cuique
1903 2488 2192 2551 cibatum

376 2733 503 2778 1095
568 2764 2098 2782 ..........................

575 3222 2106 3240 00000000000000000000000000

380 3308 508 3354 1100
573 3335 2104 3355 ..........................

573 3542 657 3584 ne
687 3520 941 3584 volucri
971 3519 1103 3583 ritu
1132 3517 1538 3582 flammarum
1568 3516 1828 3580 moenia
1855 3513 2083 3578 mundi

577 3634 926 3721 diffugiant
954 3634 1175 3698 subito
1206 3653 1515 3718 magnum
1545 3653 1667 3718 per
1695 3630 1891 3693 inane
1922 3629 2179 3705 soluta,

577 3759 644 3815 et
671 3772 755 3814 nc
787 3759 1013 3814 cetera
1041 3747 1362 3813 consimili
1390 3746 1652 3811 ratione
1679 3753 2048 3832 sequantur
2065 3794 2081 3821 ‚

385 3881 511 3928 1105
573 3888 742 3929 neve
772 3874 973 3929 ruant
1002 3863 1166 3928 caeli
1195 3862 1566 3951 penetralia
1594 3861 1845 3949 templa
1875 3882 2164 3949 superne

579 3989 895 4067 terraque
926 4002 1000 4044 se
1030 3978 1317 4068 pedibus
1347 3979 1590 4066 raptim
1622 3976 1959 4042 subducat
1988 3985 2057 4041 et
2088 3976 2307 4041 omnia

581 4097 755 4162 inter
784 4095 1151 4185 permixtas
1180 4116 1402 4160 rerum
1433 4093 1732 4179 caelique
1761 4093 1987 4158 ruinas

592 4377 720 4425 1077
759 4388 951 4425 vener.
989 4375 1010 4441 ΙΙ
1050 4379 1179 4425 1078
1216 4374 1266 4425 in
1292 4378 1554 4425 omissum.
1597 4369 1618 4435 ΙΙ
1659 4373 1786 4420 1082
1827 4367 2023 4418 victae.
2063 4364 2084 4433 ΙΙ
2125 4372 2248 4418 1091
2292 4364 2392 4418 sibi
2428 4364 2450 4433 ΙΙ
2491 4368 2630 4419 1105
2660 4372 2814 4416 tone·

592 4455 745 4508 tralia
783 4455 805 4523 ΙΙ
844 4462 974 4508 1106
1013 4458 1211 4509 omnis.
