3042 5192
1330 431 1359 499 I
1919 505 1932 520 ‚
2375 440 2467 508 65

233 606 387 669 &aas
425 605 718 668 ulciscere
742 604 923 692 facto
965 604 1199 680 x1v‚36
1222 629 1238 681 ς
1275 605 1455 692 facto
1493 607 1877 671 damnandus
1917 610 1981 673 in
2023 634 2144 675 uno
2186 613 2468 692 v11‚402;

236 705 508 769 Alter-&as
527 701 697 790 faeti
738 703 920 788 culpa
960 704 1129 767 trist.
1146 726 1214 779 11,
1230 703 1355 768 208
1387 751 1401 767 .
1459 704 1528 766 in
1569 703 1863 769 Lucretii
1913 729 2112 773 versu
2163 720 2467 797 apertum

234 811 336 865 est
366 801 575 865 scribi
598 807 917 887 oportere
939 802 1049 865 tali
1068 824 1155 864 ΡΛ
1169 823 1204 865 c
1219 824 1260 864 r
1274 822 1315 866 o
1338 813 1613 866 reor-eata
1633 804 1921 870 valescat.
1949 807 2044 870 sic
2065 806 2243 872 idem
2266 831 2469 899 saepe

230 899 341 963 hoc
370 909 565 985 pacto
590 947 609 978 ,
653 900 777 963 alio
791 910 979 984 pacto
1002 946 1021 980 ,
1063 899 1271 963 eodem
1286 911 1473 986 pacto
1494 949 1513 981 ,
1555 901 1723 965 nullo
1751 902 1863 965 vel
1899 903 2069 969 haud
2101 908 2228 972 ullo
2247 921 2468 994 pacta,

229 998 388 1062 item
417 997 533 1060 tati
558 998 821 1077 ratione,
849 997 1245 1076 inlinatur-a,
1275 1008 1538 1083 tempore
1564 998 1708 1077 tali,
1736 1000 1804 1062 in
1832 1001 1941 1065 tali
1968 1012 2263 1088 tempore,
2293 1029 2471 1091 opere

230 1098 289 1158 in
319 1096 436 1159 tali
453 1144 468 1158 .

397 1181 541 1264 943.
566 1213 1050 1269 PLERUKQUR
1092 1214 1342 1256 vmar
1370 1241 1384 1255 .
1432 1193 1724 1279 Oblongi
1756 1204 2102 1261 corrector
2133 1198 2315 1263 Saxo
2344 1223 2469 1264 vl-

231 1312 533 1366 uit-run,
562 1298 639 1355 ut
664 1290 734 1354 in
762 1311 852 1365 w,
873 1289 982 1354 18.

400 1388 549 1452 954.
569 1386 728 1453 Nsc
757 1409 915 1464 arr,
943 1409 1438 1453 nvorvauus.
1457 1389 1821 1456 Lambinus
1838 1392 2088 1478 optime
2104 1395 2349 1459 Necur.⁸
2375 1399 2467 1462 sit.

400 1486 544 1550 957.
584 1506 687 1549 An
738 1508 1105 1550 nummum
1125 1534 1139 1548 .
1197 1486 1302 1550 Ita
1358 1487 1467 1551 hic
1527 1489 1732 1553 semel
1788 1489 2121 1577 oblongus
2183 1500 2253 1556 et
2308 1517 2468 1579 qua-

231 1584 473 1649 dratus
490 1634 505 1649 .

400 1682 543 1748 966.
570 1705 656 1746 ru
688 1703 994 1747 onnus.
1025 1683 1177 1748 Itali
1209 1691 1278 1749 et
1302 1684 1613 1770 impressi
1638 1689 1706 1751 in
1736 1708 2019 1752 onnus.

406 1781 548 1845 971.
570 1781 1003 1845 Invamnrs
1033 1804 1343 1847 unum.
1373 1782 1737 1849 Lambinus
1765 1785 1853 1849 In
1882 1786 2134 1850 validi-e.

402 1881 545 1945 981.
570 1901 901 1956 quanam
946 1902 1145 1955 Qum
1193 1903 1393 1945 raro
1436 1904 1801 1959 namque
1844 1906 2046 1948 ruer.
2077 1884 2228 1948 Itali
2259 1894 2327 1950 et
2353 1887 2469 1950 im-

232 1980 456 2067 pressi
484 2001 661 2043 rur
680 2027 696 2041 .
725 1999 928 2043 versu
955 1980 1263 2064 proximo
1297 1979 1669 2064 quadratus
1699 1980 1849 2046 Μαί
1867 1985 1957 2046 uti
1975 2031 1989 2045 .

400 2077 545 2143 984.
568 2076 1057 2141 Fruar-Enna
1100 2099 1444 2141 sca-rum
1486 2100 1757 2142 summ
1801 2100 2096 2145 rorms
2117 2130 2131 2144 .
2165 2080 2470 2160 Quadra-

232 2189 340 2243 tus
371 2178 630 2255 catium,
661 2183 1008 2239 corrector
1037 2175 1310 2260 oblongi
1341 2197 1555 2239 ern-1
1575 2198 1614 2239 u
1632 2198 1680 2238 m
1699 2225 1714 2238 .

401 2273 546 2340 985.
571 2296 642 2338 s1
673 2295 1067 2339 mcnusus
1088 2322 1102 2337 .
1133 2273 1283 2337 Itali
1314 2281 1382 2338 et
1406 2274 1718 2358 impressi
1747 2295 2197 2340 ructusuu.

401 2373 545 2438 987.
571 2394 1042 2438 οοΝΕισκιτ
1071 2394 1172 2435 An
1206 2394 1442 2435 rmum.
1473 2370 1800 2436 Marullus
1831 2393 2345 2439 conrnuxnr.

400 2471 547 2536 993.
572 2470 1099 2535 Conroanms
1141 2490 1491 2533 murras.
1529 2470 1864 2534 Antonius
1908 2470 2104 2536 Marii
2148 2480 2217 2537 et
2255 2472 2471 2538 Brixi-

230 2572 418 2636 ensis
464 2568 683 2634 editor
722 2569 897 2633 nulla
937 2579 1025 2634 est
1046 2616 1065 2648 ,
1109 2568 1359 2632 rectius
1386 2566 1805 2634 Veronensis
1851 2592 2224 2636 nonnas-r
2253 2621 2267 2635 .
2319 2594 2475 2638 nam

226 2689 457 2754 neque
486 2664 910 2731 Wakefieldo
955 2673 1025 2730 et
1050 2665 1445 2730 Eichstadio
1488 2666 1860 2751 parendum
1902 2676 2008 2733 est
2026 2719 2042 2745 ‚
2075 2671 2187 2755 qui
2230 2693 2377 2734 cum
2405 2672 2475 2734 in

225 2768 376 2833 aliis
422 2765 763 2851 antiquam
813 2763 1150 2828 scribendi
1194 2765 1519 2829 rationem
1566 2767 1759 2830 nimis
1812 2765 2054 2853 cupide
2097 2777 2442 2833 sectentur
2458 2819 2475 2845 ‚

228 2875 463 2931 tamen
518 2863 589 2927 in
631 2862 762 2926 hac
810 2884 885 2926 re
936 2871 1187 2926 temere
1237 2869 1469 2948 spreta
1515 2871 1818 2928 veterum
1870 2864 2174 2929 codicum
2217 2866 2350 2929 fide
2392 2879 2480 2931 est

227 2983 506 3049 semper
546 2961 852 3026 omnibus
894 2960 1135 3025 litteris
1174 2961 1592 3047 scripserunt
1624 3009 1640 3036 ‚
1690 2982 1911 3046 neque
1954 2963 2034 3026 iis
2090 2961 2500 3027 adsentien-·

227 3063 393 3128 dum
414 3112 433 3138 ‚
475 3061 592 3147 qui
629 3061 824 3126 nimis
869 3061 1131 3125 curiose
1183 3061 1613 3125 interstitium
1657 3059 1911 3124 faciunt
1937 3108 1955 3134 ‚
2007 3062 2130 3123 nisi
2167 3061 2476 3124 molestwn

221 3173 279 3227 a
306 3210 328 3242 ,
377 3182 516 3246 quo
558 3168 627 3224 et
671 3160 1002 3224 silentium
1042 3159 1375 3244 imperant
1416 3164 1485 3222 et
1530 3179 1873 3222 numerum
1917 3157 2320 3244 syllabarum
2361 3179 2475 3222 au-

224 3271 401 3347 gent
432 3307 447 3322 .
480 3266 776 3322 ceterum
803 3257 872 3321 in
899 3256 1030 3320 hac
1057 3277 1133 3320 re
1164 3255 1470 3320 codicum
1500 3258 1968 3321 auctoritatem
1997 3263 2268 3321 secutus
2298 3279 2442 3321 sum
2462 3307 2477 3333 ‚

224 3360 379 3423 sive
407 3357 762 3442 utriusque
807 3356 948 3420 sive
990 3354 1376 3419 alterutrius
1406 3403 1422 3426 .
1463 3356 1906 3420 constantiam
1939 3363 2007 3419 et
2036 3363 2285 3419 certam
2317 3356 2477 3421 scri-

222 3453 447 3521 bendi
472 3475 774 3519 normam
801 3474 940 3516 non
971 3452 1269 3539 quaesivi
1288 3501 1301 3515 .
1325 3452 1392 3514 in
1422 3452 1706 3537 publicis
1735 3452 2005 3538 quidem
2034 3454 2480 3518 monumentis

218 3575 458 3640 usque
501 3550 590 3616 ad
632 3551 921 3637 Augusti
960 3550 1377 3637 principatus
1418 3549 1617 3613 finem
1670 3561 1756 3615 est
1793 3572 2058 3639 semper
2097 3550 2367 3638 plenum
2411 3559 2481 3615 et

218 3655 565 3719 intactum
590 3650 859 3714 invenio
891 3697 907 3725 ‚
944 3650 1236 3735 scriptwm
1264 3658 1348 3712 est
1368 3696 1387 3727 ,
1429 3659 1674 3734 captum
1702 3661 1787 3713 est
1808 3698 1827 3731 ‚
1873 3660 2118 3714 cautum
2144 3660 2230 3713 est
2251 3698 2270 3729 ,
2317 3651 2477 3713 cavi·

219 3765 438 3818 moe
466 3760 553 3813 est
574 3797 593 3830 ‚
633 3751 699 3812 in
726 3747 954 3835 Africa
982 3757 1071 3811 est
1086 3796 1107 3826 ,
1158 3746 1227 3809 in
1255 3745 1502 3809 Pisano
1531 3749 1866 3812 instittmmz
1900 3758 1986 3812 est
2004 3795 2023 3828 ,
2066 3770 2258 3833 supra
2283 3749 2479 3833 scrip-

216 3862 366 3915 tum
394 3858 485 3912 est
501 3896 520 3927 ,
560 3847 631 3911 in
658 3847 1022 3932 Ancyrano
1063 3844 1471 3929 mapplicatmn
1498 3855 1585 3909 est
1601 3894 1619 3924 ,
1659 3846 1960 3910 inclusum
1986 3855 2074 3909 est
2089 3893 2108 3924 ,
2150 3868 2309 3931 quae
2325 3867 2477 3930 pro·

218 3952 413 4014 :eima
440 3957 577 4028 est,·
604 3965 1006 4031 quamquam
1033 3944 1181 4007 situs
1206 3963 1332 4028 pro
1360 3944 1566 4022 simst,
1598 3943 1662 4006 Is
1688 3942 1787 4007 hic
1812 3945 1961 4007 sitm
2001 3944 2142 4030 quei
2166 3966 2480 4030 nunquam

218 4051 431 4114 viatus
458 4057 549 4110 est
569 4046 808 4109 virtutei
835 4093 851 4119 ‚
898 4050 1003 4107 est
1028 4043 1099 4106 in
1141 4040 1482 4128 epitaphio
1512 4039 1590 4105 L.
1611 4039 1901 4105 Cornelii
1931 4040 2048 4105 Cn.
2063 4040 2105 4104 f.
2125 4040 2242 4105 Cn.
2258 4064 2321 4105 n.
2340 4041 2481 4105 Sci-

218 4144 465 4235 pionis
481 4144 583 4218 ‚in
613 4165 664 4207 s.
685 4163 741 4206 c.
756 4141 841 4206 de
867 4140 1284 4205 Genuatibus
1306 4140 1382 4203 17
1405 4140 1548 4226 quei
1566 4140 1880 4204 vocitatus-t
1896 4188 1909 4203 .
1937 4140 2339 4226 epigramma
2367 4159 2482 4201 an-

220 4247 447 4311 ticum
467 4291 484 4317 ‚
515 4240 703 4328 quod
727 4239 998 4328 Capuae
1030 4247 1262 4304 extare
1281 4287 1296 4314 ‚
1327 4237 1596 4303 saeculo
1619 4238 1804 4303 urbis
1827 4237 2166 4302 Romanae
2200 4235 2483 4320 septimo

218 4343 573 4430 scriptum
594 4390 609 4416 ‚
640 4361 679 4403 a
711 4337 1084 4404 Theodoro
1110 4336 1548 4401 Mommsenio
1581 4334 1784 4400 didici
1815 4337 1959 4420 (est
1983 4335 2054 4398 in
2078 4332 2308 4398 Orellii
2331 4330 2483 4418 Syl-

214 4444 392 4527 loge
422 4438 711 4522 n.2277)
731 4487 746 4512 ‚
791 4439 937 4503 Non
978 4460 1124 4500 aevo
1170 4446 1407 4498 omacio
1450 4437 1596 4498 m‘tai
1624 4458 1686 4497 es
1711 4434 1970 4497 traditam
1995 4432 2177 4496 morti
2198 4455 2221 4512 ,·
2249 4429 2317 4493 in
2349 4449 2484 4514 quo

2041 4529 2079 4591 5
