3042 5192
660 416 836 535 192'
1718 463 1813 531 111

652 641 816 705 satis
846 636 1215 703 ostendunt
1240 645 1509 702 veteres
1551 638 1676 701 sub
1712 659 1850 701 uno
1882 644 2165 710 accentu
2207 638 2570 722 protulisse
2612 640 2858 727 labefac-

650 750 777 803 twm
786 738 1195 826 sriqesdctum
1222 736 1590 823 calescictum
1605 735 1987 822 patesdctum
2006 785 2019 798 .

818 836 959 900 908.
991 855 1380 898 annonam
1421 856 1518 896 ΕΤ
1561 854 1927 897 Psoron:
1972 854 2236 896 nnus-r
2261 880 2275 894 .
2329 832 2691 898 Corrector
2718 856 2861 920 qua-

652 935 830 1001 drati
872 944 940 999 et
981 935 1186 999 ceteri
1222 957 1262 997 n
1296 945 1592 1019 pectore.
1635 954 1904 998 versum
1942 929 2497 1015 Aristophanium
2525 930 2864 1001 Varronis,

653 1056 852 1120 quem
880 1033 1226 1097 Mercerus
1254 1031 1625 1095 rectissime
1652 1031 1751 1094 ita
1778 1031 2103 1116 scriptum
2132 1027 2386 1101 edidit,
2433 1030 2700 1093 Demicis
2727 1034 2867 1095 acris

640 1145 888 1219 pectore
918 1155 1099 1195 curas
1128 1129 1261 1214 (vel
1289 1130 1504 1213 lucem)
1537 1140 1721 1193 cantu
1750 1139 2034 1214 castaque
2048 1128 2260 1212 poesi,
2288 1116 2360 1190 in
2380 1126 2589 1191 Nonii
2616 1151 2681 1214 p.
2697 1129 2824 1201 241,
2840 1130 2862 1191 1

655 1244 725 1294 et
762 1225 1545 1305 267,13‚Wakefieldus
1602 1225 1692 1290 ad
1746 1225 2131 1289 Lucretium
2183 1246 2283 1296 111,
2295 1222 2377 1287 65
2425 1228 2771 1338 corrupit,
2813 1236 2869 1290 et

651 1328 914 1415 turpius
945 1325 1253 1390 Olearius
1282 1374 1298 1401 ‚
1342 1325 1458 1410 qui
1484 1345 1572 1388 ne
1599 1345 1869 1389 versum
1898 1321 2167 1409 quidem
2197 1343 2349 1386 esse
2375 1321 2549 1387 vidit
2577 1372 2593 1401 ‚
2627 1325 2699 1388 in
2718 1324 2867 1389 Var-

653 1426 840 1489 ronis
870 1425 1114 1489 saturis
1145 1446 1208 1509 p.
1228 1423 1380 1488 185.

820 1523 961 1588 910.
1007 1545 1109 1586 An
1156 1543 1487 1586 sonuum
1535 1542 1619 1583 sn
1666 1542 1815 1584 ans
1860 1542 2149 1584 annm.
2211 1519 2580 1585 Corrector
2620 1521 2869 1606 oblongi

654 1645 727 1685 SI
755 1645 960 1784 millai.
990 1740 1381 1783 Pacorus·
1410 1718 1563 1782 Itali
1595 1725 1663 1782 et
1689 1716 2017 1782 Marullus
2049 1736 2444 1779 ranorum

821 1817 961 1882 917.
1011 1816 1242 1896 Quen
1291 1838 1511 1881 smus
1555 1838 1879 1880 Exusta-r
1932 1833 2276 1877 msnaos
2323 1833 2594 1890 Arous
2641 1838 2866 1880 anmi
2990 1844 2991 1915 ἔ

654 1938 972 1981 ‘ronaA‘r
999 1964 1013 1978 .
1062 1915 1167 1979 Ita
1196 1904 1344 1978 cum
1375 1915 1527 1978 olim
1556 1915 1901 2000 impressis
1933 1910 2306 1996 quadratus
2338 1920 2409 1975 et
2436 1934 2477 1976 a
2506 1924 2866 1979 correctore

655 2014 987 2100 oblongus
1016 2037 1032 2076 t
1076 2011 1187 2076 hic
1227 2012 1441 2100 prima
1467 2034 1667 2076 manu
1697 2023 1883 2076 torret
1904 2037 1929 2093 ,-
1969 2017 2049 2073 ut
2074 2010 2144 2072 in
2173 2008 2553 2098 archetypo
2584 2012 2868 2077 videatur
2990 2028 2991 2085 ᾖ

655 2112 861 2177 fuisse
891 2101 1204 2176 ronnstr
1224 2160 1237 2174 .
1280 2111 1517 2174 vellem
1547 2110 1721 2174 tueri
1749 2120 1974 2189 tom-at,
2018 2107 2074 2172 si
2104 2115 2173 2172 et
2199 2129 2476 2193 possem
2502 2132 2725 2196 neque
2752 2121 2865 2176 tam

656 2208 948 2274 absurde
972 2209 1371 2273 collocatum
1396 2216 1577 2272 esset
1600 2207 1951 2292 epitheton
1969 2254 1983 2269 .
2003 2206 2233 2291 itaque
2256 2226 2405 2268 cum
2426 2228 2677 2271 nomen
2698 2209 2864 2272 subs-
2990 2276 2991 2295 ξ

655 2310 983 2372 tantivum
1011 2307 1391 2392 requiratur
1408 2354 1423 2381 ‚
1467 2304 1894 2369 scribendum
1920 2312 2088 2389 puto
2120 2314 2298 2390 atque
2325 2306 2516 2369 arida
2546 2328 2863 2371 ronnas,
2990 2298 2991 2363 j

653 2406 726 2471 id
767 2404 1164 2469 vocabulum
1209 2411 1314 2467 est
1357 2404 1426 2467 in
1469 2403 1798 2488 glossario
1842 2402 2073 2490 Cyrilli
2097 2452 2114 2478 ‚
2159 2400 2490 2475 Ᾰπόκαγμα
2524 2452 2538 2477 ,
2578 2407 2864 2483 malacia,

655 2516 848 2569 torres
876 2552 891 2567 .
939 2502 1173 2566 similia
1201 2508 1362 2564 sunt
1401 2502 1565 2564 labes
1593 2502 1754 2565 tabes
1769 2503 1966 2587 pubes
1994 2514 2236 2589 torqtaes
2259 2524 2470 2587 saepes
2494 2504 2687 2568 moles
2708 2504 2867 2567 nubes
2990 2572 2991 2577 γ

656 2602 828 2666 sedes
854 2601 1137 2684 ambaqes
1166 2622 1482 2684 compages
1510 2611 1791 2685 comaqes
1816 2624 2000 2686 rupes
2017 2649 2031 2663 .
2080 2608 2336 2664 certum
2366 2607 2472 2663 est
2501 2608 2725 2665 autem
2748 2624 2863 2666 non

657 2720 807 2763 esse
833 2695 1191 2783 legendum
1234 2718 1382 2760 cum
1414 2695 1677 2761 Gifanio
1717 2710 1984 2764 torreat.
2026 2720 2180 2763 nam
2224 2696 2394 2764 duas
2423 2699 2699 2765 vocales
2736 2701 2863 2765 bre·

653 2818 775 2861 ves
805 2844 824 2877 ,
867 2795 1107 2881 quibus
1148 2815 1529 2859 consonans
1573 2794 1837 2861 adiecta
1879 2799 1968 2862 sit
1985 2847 2000 2873 ,
2038 2799 2107 2861 in
2136 2819 2336 2862 unam
2365 2798 2697 2885 syllabam
2735 2821 2863 2863 coa-

654 2894 908 2959 lescere
938 2914 1143 2980 posse
1172 2901 1441 2978 praeter
1472 2914 1671 2978 quam
1698 2895 1769 2957 in
1796 2896 2185 2982 compositis
2213 2944 2229 2972 ‚
2277 2896 2502 2981 qualia
2532 2896 2625 2960 ad
2652 2898 2860 2963 librum

656 3016 727 3070 11,
747 2992 902 3057 1061
938 2991 1368 3056 tractavimus
1400 3039 1415 3067 ‚
1452 3013 1592 3055 non
1622 2990 1857 3058 didici.
1900 3002 2060 3059 sunt
2088 3001 2312 3059 autem
2340 2993 2539 3058 huius
2569 2994 2749 3059 modi
2770 3017 2860 3058 res

656 3089 1079 3157 observando
1113 3088 1476 3154 discendae
1507 3139 1521 3167 ‚
1564 3112 1703 3155 non
1733 3113 1773 3155 a
1799 3093 2244 3178 grammaticis
2275 3142 2292 3169 ,
2347 3113 2637 3178 quorum
2664 3093 2859 3179 negle-

656 3191 883 3277 gentia
903 3189 980 3253 fit
1006 3195 1084 3252 ut
1113 3189 1334 3252 omnia
1353 3188 1534 3252 licita
1563 3209 1711 3253 esse
1733 3189 2119 3254 videantur.
2149 3192 2379 3276 itaque
2409 3192 2619 3255 eodem
2646 3192 2857 3255 eaodem

654 3288 827 3352 binis
863 3287 1140 3373 syllabis
1171 3286 1341 3350 dixit
1380 3285 1768 3364 Lucretius,
1810 3288 1935 3353 sed
1978 3290 2230 3353 eandem
2274 3290 2523 3354 tribus.
2566 3289 2638 3352 in
2669 3286 2857 3352 Ovidii

653 3384 1286 3469 metamorphoseon
1329 3406 1420 3460 Ἦ,
1439 3385 1556 3448 113
1597 3337 1916 3451 Heitisius
1959 3386 2330 3452 secundum
2386 3386 2562 3450 duos
2616 3386 2858 3450 codices

653 3503 886 3547 verum
916 3502 1066 3546 esse
1105 3481 1425 3546 iudicavit
1450 3481 1616 3559 hoc,
1657 3486 1906 3549 Aureus
1930 3497 2003 3549 ut
2025 3486 2327 3566 Danaen,
2372 3487 2657 3571 Asopida
2683 3485 2862 3549 luserit

652 3582 903 3665 dyneus·
877 3629 897 3663 ,
928 3581 1044 3644 ubi
1074 3582 1237 3646 satis
1269 3581 1608 3667 eleganter
1636 3583 1842 3646 ceteri
1868 3585 2062 3669 iyniS.
2090 3605 2313 3669 neque
2342 3581 2528 3669 apud
2560 3582 2859 3648 Catullum

653 3678 892 3754 64,178
931 3679 1132 3743 scribi
1177 3678 1382 3745 debet
1411 3681 1833 3747 Idomeneosne
1863 3692 2076 3766 petam
2111 3683 2331 3746 montis
2368 3683 2561 3765 (nam
2586 3681 2661 3745 hi
2685 3700 2858 3767 gene·

653 3777 774 3841 tivi
805 3800 841 3842 o
875 3777 1064 3843 brevi
1095 3777 1458 3843 efferuntur
1489 3801 1529 3842 a
1558 3780 1775 3865 poetis
1802 3779 2094 3863 Latinis)
2120 3829 2136 3856 ,
2181 3779 2306 3843 sed
2335 3779 2763 3844 Idomenea-me
2785 3775 2856 3840 ad

655 3875 1030 3961 exemplum
1068 3876 1406 3940 Homerici
1446 3876 1620 3940 illius
1649 3926 1664 3953 ‚
1708 3876 1892 3962 quod
1937 3876 2162 3943 multis
2200 3877 2513 3965 placebat
2539 3878 2610 3941 in
2634 3875 2855 3941 Iliados

655 3971 846 4047 n,424
878 4022 893 4049 ‚
917 3972 1285 4046 ἸΔομεΝεῨε
1318 3974 1367 4036 Δ’
1392 3974 1464 4047 o?
1495 3979 1648 4047 λὴΓε
1680 3975 1881 4038 Menoe
1923 3974 2086 4049 mera
2118 4025 2131 4038 .
2171 3975 2305 4040 hoc
2332 3983 2592 4040 tantum
2622 3975 2781 4047 sci0,
2808 3972 2853 4035 af

651 4070 912 4134 illarum
939 4071 1267 4135 vocalium
1295 4073 1480 4158 prior
1509 4075 1535 4136 i
1561 4074 1668 4139 vel
1695 4097 1739 4137 u
1769 4074 1892 4148 sit,
1923 4094 2067 4137 eam
2095 4095 2299 4162 posse
2329 4072 2684 4160 aliquando
2711 4092 2848 4135 con·

651 4170 956 4234 sonantis
988 4176 1393 4255 potestatem
1423 4169 1703 4259 adipisci
1735 4221 1749 4234 .
1799 4172 1896 4235 ita
1924 4173 2153 4236 tenvior
2182 4171 2445 4237 duabus
2476 4171 2735 4259 syllabis
2763 4166 2845 4229 di-

651 4267 751 4332 xit
789 4267 1044 4332 Statius
1088 4267 1158 4331 in
1202 4266 1597 4334 Thebaidos
1640 4269 1898 4346 1v‚697‚
1948 4270 2042 4334 ita
2080 4269 2356 4335 Persius
2398 4294 2468 4347 11,
2487 4271 2563 4335 10
2601 4267 2847 4335 afflat

638 4377 906 4450 patruus
919 4414 938 4447 ,
971 4374 1041 4430 et
1059 4365 1391 4432 Iuvenalis
1411 4417 1426 4444 ‚
1449 4376 1526 4431 ut
1545 4375 1714 4454 puto
1733 4417 1749 4444 ,
1772 4370 1880 4455 qui
1894 4370 2315 4454 pubnentavia
2336 4370 2577 4433 condiat
2598 4360 2838 4439 v11‚185.

648 4463 904 4530 Ennius
947 4464 1127 4551 apud
1160 4465 1545 4531 Ciceronem
1593 4467 1679 4531 de
1721 4466 2127 4533 divinatione
2158 4490 2200 4544 1,
2220 4466 2340 4532 108
2385 4475 2455 4532 et
2493 4462 2661 4552 apud
2685 4459 2833 4524 Cha-
