3042 5192
1328 486 1392 555 11
2380 494 2473 560 65

235 684 315 728 ne
341 684 454 727 res
484 660 575 726 ad
603 661 815 726 nilum
841 658 1234 746 redigantur
1261 659 1563 725 funditus
1593 682 1857 727 omnes:

234 799 381 843 nam
413 776 606 863 quod
636 797 925 861 cumque
952 776 1091 840 suis
1119 782 1445 841 mutatum
1473 775 1715 841 finibus
1747 778 1885 842 exit
1901 827 1917 853 ‚

234 893 553 958 continuo
582 892 720 957 hoc
746 913 934 957 mors
963 899 1070 957 est
1093 890 1268 956 illius
1298 889 1486 976 quod
1512 891 1640 956 fuit
1667 899 1824 957 ante
1843 942 1856 956 .

92 1026 184 1070 ‘755
232 1007 517 1094 proinde
549 1007 779 1073 colore
808 1028 971 1071 cave
1002 1006 1353 1092 contingas
1384 1007 1636 1071 semina
1664 1028 1886 1072 rerum
1905 1057 1921 1083 ,

233 1144 316 1187 ne
344 1124 471 1188 tibi
500 1144 612 1188 res
640 1122 925 1188 redeant
953 1121 1045 1186 ad
1069 1122 1275 1186 nilum
1302 1121 1607 1187 funditus
1637 1144 1868 1187 omnes
1887 1171 1901 1185 .

312 1238 677 1304 Praeterea
706 1238 764 1302 si
790 1237 973 1302 nulla
1003 1237 1248 1302 coloris
1277 1237 1624 1324 principiis
1654 1245 1760 1302 est

230 1352 504 1419 reddita
529 1362 774 1418 natura
804 1360 875 1417 et
900 1352 1104 1417 variis
1133 1361 1292 1417 sunt
1316 1351 1630 1439 praedita
1656 1351 1891 1417 formis
1911 1403 1926 1427 ,

235 1491 269 1533 e
300 1469 544 1556 quibus
574 1490 768 1534 omne
797 1488 1010 1553 genus
1036 1467 1319 1554 gignunt
1345 1468 1744 1553 variantque
1776 1467 2037 1533 colores

50 1662 65 1681 ⁹
90 1601 181 1648 760
230 1592 591 1671 propterea
609 1633 625 1659 ‚
647 1582 868 1669 magni
899 1581 1086 1668 quod
1112 1582 1323 1647 refert
1350 1583 1603 1647 semina
1633 1604 1940 1669 quaeque

233 1722 381 1764 cum
411 1698 654 1784 quibus
684 1706 754 1763 et
783 1697 963 1784 quali
990 1698 1297 1784 positura
1325 1697 1794 1762 contineantur
1825 1764 1834 1767 ,

236 1823 301 1879 et
329 1834 503 1899 quos
531 1814 706 1878 inter
736 1834 811 1878 se
842 1812 1007 1877 dent
1033 1821 1257 1879 motus
1287 1812 1752 1899 accipiantque
1772 1862 1788 1888 ‚

232 1927 547 2014 perfacile
578 1927 916 2013 extemplo
946 1928 1276 1992 rationem
1302 1926 1593 1993 reddere
1621 1928 1843 2013 possis
1862 1977 1879 2004 ‚
1973 1938 1980 1943 ’

235 2065 349 2108 cur
377 2064 458 2107 ea
486 2063 662 2129 quae
688 2043 885 2129 nigro
913 2041 1164 2107 fuerint
1190 2042 1393 2129 paulo
1423 2050 1583 2107 ante
1614 2042 1841 2108 colore
1858 2092 1875 2117 ‚

93 2174 184 2221 765
235 2179 603 2224 marmoreo
632 2157 775 2222 fieri
803 2158 1068 2243 possint
1097 2157 1394 2223 candore
1422 2165 1736 2244 repente3

228 2282 307 2338 ut
332 2294 515 2338 mare
534 2321 551 2347 ‚
583 2294 731 2337 cum
760 2273 981 2359 magni
1010 2282 1430 2338 commorunt
1457 2294 1756 2358 aequora
1783 2272 1968 2338 venti
1986 2321 2002 2347 ‚

227 2389 512 2454 vertitur
538 2389 607 2451 in
638 2409 846 2452 canos
877 2386 1191 2452 candenti
1218 2409 1547 2453 marmore
1575 2385 1853 2451 fluctus:

227 2503 450 2568 dicere
482 2503 655 2566 enim
683 2502 906 2589 possis
925 2550 942 2580 ‚
962 2503 1225 2589 nigrum
1256 2501 1442 2589 quod
1471 2524 1675 2588 saepe
1701 2501 2007 2567 videmus
2026 2552 2042 2579 ‚
2096 2516 2102 2521 '

224 2618 536 2684 materies
566 2618 682 2682 ubi
706 2618 1040 2704 permixta
1070 2627 1176 2683 est
1202 2618 1374 2683 illius
1406 2625 1475 2683 et
1504 2617 1676 2682 ordo

89 2749 177 2796 '170
224 2733 567 2820 principiis
593 2740 891 2798 mutatus
922 2741 991 2798 et
1017 2732 1255 2798 addita
1283 2732 1690 2819 demptaque
1721 2732 2050 2820 quaedam
2069 2784 2084 2810 ‚

229 2849 549 2914 continuo
579 2847 651 2912 id
677 2848 822 2913 fieri
851 2855 930 2913 ut
958 2847 1253 2913 candens
1280 2847 1590 2913 videatur
1620 2856 1688 2913 et
1716 2848 1939 2914 album
1957 2899 1971 2913 .

221 2962 413 3049 quod
441 2964 501 3027 si
529 2962 852 3028 caeruleis
882 2971 1273 3029 constarent
1301 2985 1601 3050 aequora
1628 2964 1820 3049 ponti

217 3078 584 3144 seminibus
602 3128 618 3155 ‚
640 3078 829 3144 nullo
856 3086 1142 3164 possent
1169 3078 1512 3144 albescere
1541 3085 1780 3164 pacto:

218 3215 374 3258 nam
405 3215 540 3279 quo
572 3215 856 3279 cumque
883 3192 1087 3259 modo
1116 3194 1475 3280 perturbes
1505 3192 1772 3258 caerula
1803 3204 1977 3278 quae
2006 3194 2175 3271 sint,

92 3321 178 3367 775
226 3329 587 3393 numquam
615 3308 685 3373 in
712 3329 1153 3373 marmoreum
1178 3317 1469 3395 possunt
1496 3309 1782 3395 migrare
1812 3309 2103 3374 colorem
2121 3360 2134 3374 .

218 3422 319 3486 sin
346 3423 480 3489 alio
511 3432 720 3509 atque
748 3423 879 3488 alio
912 3431 1072 3489 sunt
1099 3423 1351 3488 semina
1378 3424 1595 3488 tincta
1624 3423 1850 3488 colore
1867 3474 1884 3501 ‚

217 3558 391 3623 quae
420 3537 626 3602 maris
657 3536 950 3604 efficiunt
978 3560 1181 3603 unum
1207 3560 1585 3625 purumque
1612 3539 1897 3604 nitorem
1916 3588 1932 3616 ‚

215 3659 291 3718 ut
319 3673 529 3737 saepe
561 3673 647 3716 ex
674 3652 819 3717 aliis
847 3652 1080 3719 formis
1108 3653 1445 3740 variisque
1472 3653 1704 3739 figuris

220 3765 502 3832 efficitur
534 3766 856 3853 quiddam
886 3767 1291 3854 quadratum
1319 3790 1590 3853 unaque
1616 3768 1862 3854 figura,

89 3893 170 3941 780
217 3883 661 3947 conveniebat
678 3932 693 3959 ‚
714 3891 793 3948 ut
819 3884 889 3948 in
918 3882 1250 3970 quadrato
1282 3883 1613 3949 cernimus
1645 3906 1792 3949 esse

219 3995 571 4063 dissimiles
598 3996 849 4063 formas
869 4048 884 4075 ‚
906 3999 1002 4064 ita
1031 4018 1305 4063 cernere
1333 3998 1403 4062 in
1431 4019 1726 4083 aequore
1754 3999 1947 4086 ponti

218 4120 329 4177 aut
357 4112 493 4177 alio
522 4112 592 4177 in
623 4114 866 4198 quovis
895 4135 1031 4178 uno
1060 4135 1369 4199 puroque
1398 4113 1618 4177 nitore

224 4392 315 4439 759
350 4387 673 4458 omnigenus
726 4386 748 4457 ΙΙ
806 4394 905 4442 760
942 4388 1228 4443 Praeterea
1280 4390 1301 4461 ΙΙ
1358 4396 1454 4443 763
1493 4388 1735 4461 exemplo
1791 4386 1814 4460 ΙΙ
1869 4394 1964 4440 765
2004 4393 2233 4457 possunt
2282 4387 2303 4457 ΙΙ
2354 4390 2452 4437 779

226 4469 439 4539 figuras.
480 4472 501 4541 ΙΙ
540 4476 641 4525 780
677 4471 755 4524 uti
795 4471 817 4542 ss
854 4478 949 4526 781
991 4490 1221 4543 aequora

2011 4568 2049 4628 5
