3042 5192
1304 469 1401 537 vl
2327 469 2465 537 399

240 663 410 727 quae
442 652 547 706 est
562 666 760 729 pom-o
788 691 807 723 ,
849 643 1197 707 interiecta
1225 642 1495 706 transiri
1532 643 1754 729 potuit
1786 690 1799 704 .
1843 642 2007 727 quid
2038 641 2224 728 quod
2256 650 2466 707 testes

239 762 373 804 non
405 739 682 815 desunt,
715 742 829 826 qui
859 742 1055 805 nobis
1088 763 1313 805 eorum
1346 763 1517 827 quae
1547 741 1658 804 hic
1687 741 2019 804 amisimus
2041 749 2300 825 partem
2331 752 2464 806 ret-

238 838 539 902 tulerint.
572 838 736 923 quid
767 839 936 906 enim
966 839 1122 902 huic
1150 840 1303 903 loco
1335 840 1558 924 aptius
1589 860 1736 912 esse
1767 839 1987 923 potuit
2018 859 2216 922 quam
2245 839 2464 925 splen-

236 935 395 999 dida
433 936 545 999 illa
587 937 957 1022 argumenti
1005 938 1193 999 nimis
1235 937 1434 1023 ampli
1479 937 1814 1001 recusatio
1848 983 1863 1010 ‚
1910 957 2044 1020 qua
2082 936 2463 1001 Lucretium

233 1034 473 1098 alicubi
501 1057 694 1098 usum
723 1056 871 1098 esse
896 1035 1170 1098 Servius
1193 1043 1430 1099 auctor
1454 1043 1558 1099 est
1575 1036 1606 1097 Ρ
1634 1035 1831 1098 huius
1852 1034 2022 1098 haec
2042 1036 2250 1098 verba
2273 1043 2431 1097 sunt
2448 1084 2463 1110 ,

232 1130 574 1218 adscripta
602 1132 707 1195 his
729 1131 1133 1218 Vergilianis
1161 1134 1230 1196 in
1264 1156 1333 1196 Vl
1363 1132 1704 1196 Aeneidos
1735 1132 1856 1195 625
1888 1179 1904 1206 ,
1946 1132 2010 1194 N
2029 1155 2129 1195 οΝ
2169 1156 2349 1197 Mun
2391 1156 2461 1197 s1

229 1252 595 1292 LINGUAE
649 1253 968 1295 cmm-tm
1019 1252 1570 1305 sm‘r‘onAQuss
1619 1252 1941 1294 esurum
1969 1279 1984 1305 ,
2035 1231 2271 1295 Ferrea
2314 1255 2461 1296 vox.

238 1327 510 1391 Lucretii
534 1351 741 1391 versus
776 1329 1045 1392 sublatus
1072 1329 1146 1392 de
1176 1328 1446 1392 Homero
1465 1377 1479 1390 .
1508 1330 1620 1391 sed
1643 1329 1747 1391 ille
1774 1328 1833 1390 A
1851 1350 1888 1390 E
1906 1350 2058 1391 ΒΕΑ
2087 1351 2246 1392 vox
2274 1330 2431 1392 dixit
2446 1377 2459 1389 .

144 1442 149 1451 ’
224 1423 405 1487 idem
450 1425 724 1488 Servius
765 1426 1002 1489 iterum
1042 1425 1131 1489 ad
1174 1424 1407 1489 eadem
1449 1427 1741 1490 carmina
1778 1427 1846 1489 in
1887 1427 2250 1511 georgicon
2292 1449 2362 1503 11,
2379 1426 2461 1491 43

226 1523 453 1606 posita
483 1524 762 1587 Lucretii
787 1548 994 1588 versus
1024 1551 1045 1587 .·
1085 1526 1194 1588 secl
1218 1526 1320 1589 ille
1357 1547 1549 1587 aenea
1577 1546 1692 1587 vox
1721 1525 1809 1588 ait
1832 1572 1850 1603 ‚
1892 1548 2014 1587 non
2025 1524 2249 1611 ferrea
2283 1571 2297 1586 .
2339 1523 2462 1588 sed

221 1620 316 1683 ibi
351 1629 420 1683 et
446 1622 514 1683 in
542 1621 847 1685 lemmate
870 1631 1190 1706 peccatur
1216 1622 1730 1707 (praescribitur
1752 1623 1922 1685 enim
1945 1623 2095 1685 Non
2116 1645 2223 1706 eqo
2246 1633 2463 1686 cuncta

222 1720 399 1801 meis)
432 1726 502 1781 et
531 1742 721 1782 aenea
755 1718 1172 1805 trisyllabum
1193 1720 1505 1783 vitiosum
1537 1726 1643 1782 est
1660 1766 1673 1781 .
1706 1717 1950 1782 deinde
1974 1719 2103 1783 alio
2127 1719 2278 1784 loco
2303 1721 2458 1784 Ser-

220 1817 378 1879 vius
408 1837 546 1879 rem
575 1816 826 1880 indicat
857 1838 1054 1901 quam
1085 1824 1442 1881 exsecutus
1470 1816 1675 1880 fuerit
1702 1823 1936 1904 poeta,
1964 1818 2078 1881 ubi
2106 1817 2241 1882 hoc
2272 1817 2461 1903 quod

219 1936 355 1977 nos
384 1914 661 1999 legimus
692 1915 776 1977 ab
810 1936 888 1978 eo
917 1917 1179 2001 exempli
1207 1938 1395 1979 cauea
1423 1915 1718 2000 positum
1748 1914 1941 1990 dicit,
1980 1915 2069 1979 ad
2097 1917 2457 2002 georgicon

219 2034 312 2084 ιν,
333 2012 410 2075 51
442 2013 985 2097 pulsamfliemem
1020 2015 1115 2079 sol
1141 2037 1365 2077 aureus
1394 2016 1513 2098 eyit
1541 2061 1555 2075 .
1602 2013 1950 2077 »Secundum
1976 2014 2263 2107 physicos
2290 2064 2309 2094 ‚
2351 2018 2460 2102 qui

219 2110 435 2173 dieunt
461 2157 479 2188 ,
520 2132 638 2195 quo
679 2121 942 2194 tempore
982 2111 1080 2173 hic
1120 2110 1309 2173 hiems
1347 2122 1435 2174 est
1455 2159 1474 2190 ,
1518 2122 1802 2174 aestatem
1841 2136 1964 2175 esse
2002 2113 2112 2175 sub
2140 2113 2318 2175 terri-s·
2341 2161 2360 2193 ,
2405 2124 2461 2177 et

217 2231 401 2271 versa
440 2209 565 2270 vice
592 2255 609 2285 ‚
652 2230 788 2270 cum
815 2207 914 2270 laic
957 2218 1150 2270 aesta-s·
1176 2255 1195 2286 ,
1237 2208 1365 2271 illic
1392 2208 1646 2270 hiemem
1676 2255 1690 2269 .
1732 2210 1897 2293 quod
1922 2212 2105 2272 etiam
2133 2210 2459 2274 Lueretius

218 2307 559 2391 exequitur,
590 2315 648 2368 et
671 2304 858 2367 trahit
885 2306 949 2367 in
979 2316 1401 2389 aryumentum
1420 2306 1728 2388 putealem
1760 2329 1988 2391 aquam
2001 2355 2020 2385 ‚
2050 2330 2208 2392 quae
2237 2319 2456 2371 aestate

198 2403 629 2489 friyidissima
658 2414 744 2466 est
756 2451 773 2481 ,
803 2402 994 2465 hieme
1012 2425 1152 2465 vero
1176 2402 1548 2465 calidissima
1567 2451 1581 2464 .
1613 2402 1763 2486 quis
1784 2403 1987 2488 igitur
2009 2402 2273 2468 dubitet
2295 2405 2455 2489 quin

216 2503 357 2564 huc
403 2521 482 2563 ea
509 2499 866 2564 referenda
907 2500 1041 2564 sint
1082 2520 1253 2584 quae
1286 2497 1603 2562 Claudius
1634 2498 1970 2563 Sacerdos
2006 2501 2214 2566 habet
2241 2525 2306 2588 p.
2325 2502 2456 2566 26?

217 2600 269 2665 S
296 2622 445 2664 vero
476 2601 675 2662 littera
701 2646 720 2677 ,
763 2598 979 2683 inquit
1009 2644 1025 2670 ‚
1066 2599 1314 2661 eliditur
1340 2599 1473 2661 sola
1490 2647 1511 2678 ,
1552 2599 1607 2661 εἰ
1634 2622 1675 2661 a
1705 2602 2054 2662 eon-sonanti
2080 2601 2336 2684 incipiat
2360 2601 2453 2664 al-

212 2709 351 2761 tera
370 2721 531 2781 pars
558 2699 855 2761 orationi-5
887 2745 900 2759 .
945 2699 1013 2760 αῖ
1040 2696 1367 2760 Lueretius
1407 2718 1702 2759 1113118111
1721 2718 1810 2758 us
1852 2719 2143 2761 mustus
2171 2746 2187 2773 ,
2222 2708 2280 2761 et
2306 2698 2457 2763 alibi

212 2799 296 2879 (1,
326 2795 488 2877 186)
528 2795 635 2859 Ex
672 2794 1006 2881 infantibus
1034 2795 1252 2877 parvis
1281 2841 1295 2855 .
1339 2794 1595 2857 scilicet
1636 2795 1871 2857 aestivis
1907 2795 2450 2881 merwibu'fiiyw.

212 2895 387 2978 quin
418 2901 486 2956 et
516 2892 750 2956 eodem
780 2892 1119 2976 pertinent
1143 2912 1313 2974 quae
1344 2890 1528 2977 apud
1552 2890 1922 2954 Charisium
1948 2891 2260 2976 leguntur
2286 2918 2351 2979 p.
2371 2894 2453 2957 43

211 3001 282 3056 ct
324 2993 401 3054 in
443 2990 779 3077 excerptis
818 2987 1358 3074 orthographicis
1389 2988 1573 3074 apud
1601 2987 1988 3052 Putschium
2019 3013 2083 3073 p.
2101 2989 2297 3065 2779,
2336 2993 2450 3054 Ca-

204 3114 403 3154 mara
432 3090 670 3168 dieitur,
700 3100 767 3151 ut
796 3089 1043 3152 Verria-s·
1070 3087 1338 3151 Flaccus
1365 3088 1643 3175 affirmat
1654 3134 1673 3165 ,
1707 3109 1828 3149 non
1856 3110 2104 3149 camera
2119 3110 2241 3171 per
2269 3112 2317 3151 e.
2348 3090 2458 3152 sed

210 3189 550 3252 Lueretius
597 3188 1004 3273 Cameraeque
1048 3186 1328 3253 caminis„
1345 3184 1691 3248 exten-itibus
1734 3184 1986 3247 dicendo
2028 3186 2210 3247 etiam
2251 3208 2450 3248 came-

98 3342 103 3347 .
204 3310 353 3350 ram
390 3286 512 3348 dici
527 3308 708 3370 posse
736 3285 1026 3348 ostendit.
1070 3283 1137 3345 in
1172 3281 1278 3345 his
1310 3282 1592 3346 Charisii
1621 3280 1841 3344 codex
1869 3281 2267 3366 aliquotiens
2295 3304 2451 3370 pec-

205 3392 321 3448 cat
353 3407 369 3446 x
416 3382 711 3446 Lucretii
740 3382 949 3445 verba
975 3381 1045 3444 in
1074 3381 1409 3465 excerptis
1437 3381 1534 3443 ita
1565 3380 1818 3463 scripta
1847 3388 2006 3443 sunt
2034 3427 2049 3455 ,
2089 3382 2347 3444 cameris
2375 3406 2451 3445 esc

202 3482 500 3547 teretibus
531 3528 544 3541 .
589 3480 749 3543 mihi
790 3487 1042 3543 certmn
1081 3478 1349 3542 videtur
1378 3477 1760 3541 Lucretium
1805 3477 2157 3562 scripsisse
2201 3500 2449 3543 (3111111-

200 3600 533 3655 RAEQUE
578 3600 920 3642 cAnums
949 3626 965 3653 ,
1021 3575 1143 3641 sed
1179 3575 1345 3640 illud
1386 3576 1727 3639 exteritibus
1769 3596 1905 3638 non
1945 3596 2222 3659 possum
2265 3586 2451 3642 certa

201 3679 481 3742 ratione
526 3674 879 3739 emendare
912 3723 926 3736 .
972 3687 1317 3761 postremo
1351 3672 1838 3758 Philargyrium
1884 3677 2413 3740 commemorabo
2432 3725 2448 3749 ‚

203 3777 327 3861 qui
360 3774 454 3837 ad
483 3774 849 3859 georgicon
878 3796 975 3845 111,
997 3773 1113 3835 136
1143 3772 1309 3836 haec
1338 3772 1578 3845 habet,
1609 3772 1935 3836 Lueretius
1964 3794 2060 3835 NE
2091 3795 2448 3837 onmem-r

188 3898 324 3960 pro
366 3873 600 3937 obturet
636 3883 691 3936 et
728 3872 1008 3937 obcludat
1034 3920 1048 3933 .
1090 3870 1257 3934 haec
1300 3892 1570 3955 quoque
1611 3871 1676 3932 in
1717 3868 1949 3934 eadem
1977 3892 2051 3933 re
2078 3870 2298 3935 locum
2327 3871 2446 3935 ha-

200 3973 378 4035 bere
410 3977 808 4056 potuerunt:
852 3976 1034 4032 certe
1066 3990 1183 4032 cur
1212 3968 1464 4031 Lucilio
1496 3968 1721 4052 potius
1754 3966 2109 4032 tribuenda
2137 3969 2274 4033 sint
2301 3970 2445 4032 nul-

200 4069 341 4133 lam
387 4090 655 4132 causam
690 4066 888 4132 video
923 4116 937 4129 .
985 4089 1137 4130 nam
1169 4087 1341 4151 quae
1370 4065 1630 4129 Nonius
1659 4065 1868 4130 habet
1895 4091 1958 4153 p.
1978 4066 2171 4140 229st
2206 4067 2445 4130 Lucre-

196 4171 329 4231 tius
364 4215 385 4246 ,
436 4168 666 4230 Tantus
706 4167 1080 4230 conduxerat
1117 4168 1325 4230 omnia
1363 4176 1601 4249 torpor,
1644 4185 1723 4227 ea
1764 4164 1898 4227 huc
1928 4163 2266 4248 pertinere
2308 4184 2446 4225 non

193 4285 444 4351 pugno
476 4288 491 4337 ς
538 4284 936 4348 quamquam
967 4312 982 4335 ‚
1027 4264 1082 4327 si
1114 4265 1471 4327 concitaverit
1510 4259 1935 4326 scribendum
1966 4269 2070 4323 est
2101 4308 2130 4339 ,⁷
2157 4270 2446 4345 possunt

195 4360 291 4423 de
324 4360 566 4423 hiemis
594 4368 897 4447 tempore
928 4359 1109 4424 dicta
1139 4382 1321 4424 esse.

381 4457 522 4520 841.
568 4458 928 4521 Aru-:serr
980 4479 1174 4531 Qum
1221 4470 1480 4520 rmum
1529 4477 1843 4518 cALonn
1876 4501 1891 4529 ‚
1952 4476 2047 4517 Er
2093 4478 2280 4521 snut
2327 4478 2441 4519 81-
