3042 5192
643 419 780 488 106
1715 417 1777 484 II

634 591 798 657 nihil
838 592 1122 657 interest
1143 639 1159 666 ‚
1211 590 1523 676 quoniam
1578 597 1831 654 atonon
1881 596 1986 654 est
2041 589 2174 654 hoc
2218 602 2285 654 ue
2324 591 2849 678 monosyllabon,

637 690 822 777 quod
847 689 1415 776 comparationem
1434 687 1715 752 indicat.
1737 688 1968 774 itaque
1987 688 2059 751 in
2075 688 2265 753 libris
2288 689 2766 774 antiquissimis
2782 694 2850 756 si·

634 800 735 853 cut
769 789 837 853 in
880 788 1106 853 littera
1146 784 1446 851 secunda
1482 785 1662 850 inter
1701 782 1836 850 duo
1876 807 2114 851 versus
2156 784 2442 852 divisum
2473 788 2850 853 observavi:

633 909 758 951 nec
785 887 1002 951 minus
1040 892 1224 949 recte
1252 884 1578 948 Horatius
1620 905 1999 949 sermonum
2026 883 2263 961 11‚2,68
2290 893 2451 971 post
2484 888 2576 950 εἰσ
2602 907 2852 951 versum

632 984 899 1061 incidit,
933 984 1165 1049 Saetms
1192 985 1335 1062 erit,
1363 1005 1473 1047 neo
1498 984 1588 1047 εἰσ
1613 993 1683 1045 ut
1706 982 1963 1067 simplex
1986 983 2263 1047 Naevi-us
2290 995 2566 1049 unctam.
2598 982 2727 1047 sed
2754 1006 2856 1048 cur

632 1091 900 1148 veteres
942 1083 1068 1146 sub
1111 1103 1247 1146 uno
1288 1089 1572 1145 accentu
1611 1080 1791 1144 sicuti
1825 1080 2053 1166 potius
2087 1079 2338 1146 dixisse
2367 1080 2645 1146 credam
2675 1103 2853 1167 quam

631 1183 721 1246 εἰσ
748 1184 839 1246 zui
863 1230 882 1262 ‚
927 1180 1173 1244 nullam
1216 1202 1484 1244 causam
1521 1179 1819 1242 invenire
1865 1199 2186 1264 possum:
2228 1200 2381 1243 nam
2422 1182 2856 1266 grammaticis

632 1278 790 1344 inde
820 1301 862 1343 a
888 1300 1069 1344 nono
1101 1286 1261 1365 post
1292 1277 1631 1341 Christum
1673 1275 1942 1340 saeculo
1987 1275 2328 1361 quomodo
2357 1279 2699 1344 vocabula
2737 1277 2855 1343 dis-
2882 1321 2891 1327 -

634 1379 939 1464 tinguere
964 1376 1232 1442 libuerit
1261 1397 1399 1439 non
1424 1396 1622 1439 curo.
1644 1375 1774 1438 iam
1801 1395 1965 1439 vero
1993 1377 2083 1440 sic
2107 1377 2200 1439 uti
2224 1375 2294 1439 in
2321 1397 2527 1442 versu
2555 1377 2855 1442 hexame-

633 1483 742 1540 tro
773 1483 931 1540 ante
961 1495 1325 1540 consonam
1352 1474 1517 1559 poni
1544 1495 1685 1537 non
1723 1493 1930 1558 posse
1959 1481 2263 1559 apertum
2294 1484 2442 1551 est,
2484 1485 2646 1540 ante
2675 1497 2855 1541 voca·

634 1574 763 1638 lem
806 1594 1005 1658 quam
1040 1594 1178 1636 non
1217 1570 1411 1635 facile
1457 1569 1720 1635 admitti
1760 1571 1981 1657 possit
2035 1571 2125 1636 ad
2163 1594 2433 1638 versum
2469 1573 2674 1638 huius
2722 1575 2853 1639 libri
2986 1566 2987 1613 ἶ

634 1671 757 1735 322
789 1670 960 1735 dim‘.
1000 1671 1229 1755 itaque
1268 1669 1404 1733 hoc
1443 1669 1597 1734 loco
1640 1676 1826 1734 recte
1866 1669 2209 1736 Bentleius
2248 1671 2497 1737 Srcur
2538 1674 2855 1759 qnadn’pe·
2986 1700 2987 1743 1

636 1771 824 1833 dum.
870 1768 994 1833 sed
1032 1768 1441 1854 grammatici
1482 1768 1700 1832 nostri
1739 1774 1981 1853 poetas
2011 1768 2339 1854 quosdam
2368 1771 2855 1856 antiquissimos

632 1869 703 1931 in
730 1867 861 1931 hac
890 1888 966 1931 re
1005 1866 1245 1931 ceteris
1285 1865 1683 1931 audaciores
1721 1865 1932 1931 fuisse
1958 1866 2198 1932 volunt
2225 1917 2239 1932 .
2283 1875 2352 1934 et
2379 1889 2619 1932 verum
2648 1878 2753 1933 est
2776 1870 2855 1933 ita
2986 1908 2987 1929 2

634 1965 839 2051 vulgo
871 1965 1164 2052 scriptos
1195 1961 1528 2049 quosdam
1554 1964 1923 2029 versiculos
1950 1964 2147 2043 ferri;
2183 1965 2415 2042 Ennii,
2447 1968 2556 2032 Sic
2582 1970 2675 2031 uti
2696 1969 2857 2054 siqu?

617 2064 798 2150 ferat
819 2087 926 2127 vas
951 2065 1079 2126 vini
1106 2063 1490 2126 dimidiatum
1515 2110 1532 2141 ,
1565 2060 1747 2147 apud
1779 2061 2061 2128 Gellium
2092 2065 2317 2141 111,14;
2346 2064 2582 2129 Lucilii
2600 2114 2616 2141 ‚
2648 2066 2756 2130 Sic
2778 2067 2858 2129 uti
2986 2118 2987 2131 ,

636 2186 773 2227 cum
787 2159 1448 2252 primusficos,·apud
1475 2160 1862 2248 Noniump.
1886 2161 2021 2238 154,
2036 2162 2116 2225 27
2135 2211 2151 2239 ,
2183 2171 2251 2228 et
2281 2163 2390 2228 Sic
2415 2166 2507 2227 uti
2532 2175 2590 2227 te
2611 2212 2629 2243 ‚
2660 2165 2768 2250 qui
2790 2187 2857 2226 ea
2986 2206 2987 2209 κ

635 2285 793 2349 quae
817 2262 1077 2347 speciem
1102 2262 1258 2324 vitae
1288 2283 1410 2325 esse
1426 2271 1748 2345 putamus,
1778 2285 1843 2348 p.
1864 2260 2000 2337 173,
2017 2260 2098 2324 22
2127 2309 2144 2337 ‚
2185 2261 2345 2325 item
2374 2261 2486 2326 Sic
2510 2263 2604 2325 uti
2626 2262 2854 2326 mecha·

633 2362 791 2439 uici,
822 2358 1007 2444 apud
1035 2358 1310 2423 Festum
1338 2381 1402 2444 p.
1421 2357 1562 2433 206,
1576 2356 1656 2421 27
1686 2382 1703 2435 3
1743 2357 2039 2423 Lucretii
2075 2359 2258 2424 hunc
2294 2408 2309 2436 ,
2352 2359 2462 2425 Sic
2496 2361 2591 2422 uti
2615 2361 2855 2446 quadri-
2986 2322 2987 2329 ἵ

622 2459 888 2543 pedwm,
919 2465 989 2522 et
1013 2458 1080 2520 in
1113 2456 1350 2532 111‚816
1381 2456 1488 2521 Sic
1514 2457 1607 2520 uti
1631 2479 2011 2520 summarum
2042 2469 2362 2539 eumuna-n,-
2388 2457 2854 2521 iteminMilite
2986 2522 2987 2527 ,

633 2555 858 2619 Plauti
884 2577 981 2630 111,
1002 2554 1053 2629 1,
1074 2554 1194 2618 130
1224 2553 1670 2627 trochaicum,
1715 2553 1823 2618 Sic
1849 2556 1941 2617 uti
1978 2557 2172 2619 merci
2198 2558 2471 2642 prdtiwn
2506 2558 2748 2635 statuit,
2794 2564 2855 2617 et

633 2653 979 2717 Asinariae
1023 2653 1310 2738 primum
1352 2651 1536 2738 apud
1579 2651 1873 2716 Nonium
1917 2677 1981 2740 p.
1997 2653 2235 2729 393,2Ο
2282 2654 2391 2720 Sic
2432 2657 2523 2718 zui
2573 2665 2741 2718 &nm
2776 2655 2857 2716 vis
2986 2724 2987 2727 Ἴ

633 2754 882 2817 micum
921 2763 1135 2816 natum
1174 2762 1316 2814 tuae
1339 2799 1353 2813 .
1422 2750 1547 2814 sed
1584 2751 1883 2815 mirabile
1930 2759 2035 2816 est
2072 2751 2203 2816 hos
2243 2759 2486 2838 poetas
2538 2753 2611 2815 in
2653 2753 2854 2838 primo
2986 2784 2987 2821 ;

635 2859 893 2916 tantum
930 2848 1110 2937 pede
1152 2848 1288 2913 hoc
1332 2870 1594 2913 amasse
1622 2898 1638 2925 ‚
1680 2871 1835 2919 non,
1858 2850 1930 2912 in
1972 2851 2251 2935 quinto:
2299 2857 2367 2914 et
2402 2850 2619 2915 multo
2658 2851 2855 2935 magis
2986 2838 2987 2923 ᾗ

635 2949 932 3016 mirabile
963 2999 977 3025 ,
1022 2946 1210 3035 quod
1237 2949 1649 3034 grammatici
1675 2948 1863 3013 vafre
1895 2946 2316 3013 dissimulant
2343 2997 2359 3023 ‚
2401 2968 2554 3012 cum
2597 2947 2855 3013 eosdem

637 3056 877 3136 poetas
927 3056 1066 3112 tum
1108 3048 1274 3111 alios
1316 3047 1630 3111 breviore
1662 3067 1932 3132 quoque
1974 3045 2193 3111 forma
2232 3044 2473 3111 iisdem
2524 3046 2850 3111 condicio·
2986 3050 2987 3055 ’

634 3148 832 3213 nibus
861 3169 1024 3211 usos
1055 3168 1232 3211 esse.
1262 3145 1522 3211 Ennius
1554 3142 1736 3231 apud
1768 3144 2157 3209 Ciceronem
2195 3146 2266 3208 in
2298 3144 2557 3209 Catone
2589 3144 2739 3221 5,14
2760 3145 2853 3209 Si·

637 3245 936 3332 eratfortis
965 3268 1176 3331 equos,
1211 3244 1443 3309 Cicero
1471 3245 1620 3332 ipse
1648 3244 1716 3308 in
1744 3243 2011 3307 Arateis
2047 3243 2160 3308 131
2194 3242 2373 3308 Sicut
2397 3266 2538 3307 cum
2567 3254 2851 3330 caepim-l.

635 3342 989 3407 Lucretius
1016 3344 1087 3406 in
1114 3367 1177 3419 v,
1193 3344 1311 3409 361
1342 3344 1412 3407 in
1456 3343 1695 3407 eodem
1722 3363 1927 3407 versu
1957 3341 2072 3426 qui
2114 3348 2259 3405 erat
2294 3341 2367 3404 in
2404 3342 2611 3407 tertio
2642 3391 2658 3418 ‚
2699 3341 2857 3406 siau

634 3463 1013 3505 ammarum
1037 3464 1277 3507 emmna
1304 3453 1389 3507 est
1414 3492 1428 3506 .
1471 3441 1784 3505 Manilius
1812 3441 1881 3503 in
1909 3439 2118 3515 11‚483
2149 3439 2325 3504 Sicut
2346 3450 2637 3504 namra-5.
2669 3439 2851 3503 Silius
2986 3478 2987 3513 3

636 3540 704 3603 in
733 3561 825 3615 vr,
842 3538 965 3603 553
996 3539 1171 3605 Sicut
1194 3542 1531 3627 sanquinea
1550 3588 1563 3602 .
1593 3540 1662 3602 in
1691 3538 1916 3602 Herus
1946 3535 2036 3601 ad
2065 3536 2451 3601 Leandrum
2479 3538 2761 3625 epistula
2778 3536 2851 3599 93

636 3639 783 3702 dmn
808 3639 965 3702 sicut
986 3638 1200 3702 scribis
1227 3662 1504 3703 amemur
1520 3688 1534 3702 .
1578 3637 1893 3702 Lucanus
1921 3637 1989 3700 in
2020 3636 2254 3711 111‚638
2292 3660 2405 3700 nec
2442 3638 2606 3702 sicta
2626 3638 2852 3701 mabam

633 3738 912 3823 sanquis,
943 3735 1222 3800 Plautus
1265 3737 1332 3800 in
1366 3736 1665 3822 Captivis
1693 3734 1927 3811 v‚1‚15
1960 3734 2135 3800 Siout
2171 3746 2236 3798 tu
2261 3734 2406 3798 huic
2432 3747 2615 3820 potes
2636 3783 2656 3815 ,
2690 3743 2853 3821 pater
2986 3748 2987 3751 ’

632 3838 752 3898 mi.
781 3833 1068 3922 Epidico
1100 3857 1170 3911 11,
1183 3834 1241 3910 2,
1252 3835 1333 3898 87
1366 3834 1544 3899 Siout
1567 3857 1707 3899 cras
1733 3833 1833 3898 Ῑιίσ
1860 3832 2059 3896 aden't
2084 3881 2098 3894 .
2129 3830 2586 3897 Bacchidibus
2617 3828 2848 3907 1v‚4‚67

638 3933 814 3997 Sicut
848 3934 1002 3997 dicis
1031 3981 1045 3996 .
1088 3932 1475 3997 Trinummo
1523 3955 1622 4007 111,
1637 3931 1789 4008 2‚59
1820 3931 1997 3996 Siout
2037 3931 2171 3994 dixi
2192 3931 2442 4019 faciam
2469 3980 2485 3995 .
2528 3928 2849 3995 Aulularia

636 4031 775 4106 11‚4‚
794 4030 869 4094 15
901 4032 1141 4118 Nempe
1166 4032 1326 4095 sicut
1350 4033 1503 4096 dicis
1532 4081 1544 4093 .
1589 4029 2009 4095 Mostellaria
2039 4053 2136 4106 111,
2152 4029 2306 4105 2‚84
2346 4029 2499 4094 Ιιασσ
2540 4040 2687 4093 stmt
2720 4030 2853 4092 sicut

623 4129 949 4214 praedico.
979 4130 1046 4194 in
1075 4129 1385 4194 Asinaria
1412 4130 1563 4194 libri
1590 4130 1809 4195 nostri
1839 4129 2015 4195 Sient
2038 4140 2209 4193 tuum
2234 4131 2350 4193 οδε.
2381 4126 2849 4193 Menaechmis-

633 4228 703 4290 in
731 4228 1016 4314 prologo
1048 4228 1128 4291 74
1147 4277 1162 4303 ‚
1195 4229 1371 4294 Sicut
1387 4229 1682 4316 familiae
1697 4277 1711 4292 .
1742 4227 2128 4293 Trinummo
2158 4250 2228 4304 11,
2240 4228 2299 4304 4,
2316 4226 2437 4292 148
2466 4226 2646 4292 Sicut
2664 4226 2849 4314 forhe-

632 4336 955 4389 natorwm.
997 4327 1165 4403 111‚3‚
1181 4326 1263 4390 76
1295 4327 1471 4392 Sicut
1495 4328 1825 4412 praecepi.
1869 4327 1938 4390 in
1967 4326 2180 4391 Milite
2223 4324 2480 4401 1v‚1‚27
2517 4348 2642 4413 quo
2684 4323 2851 4393 lubd,
2986 4406 2987 4415 ἵ

632 4424 789 4487 sicat
813 4446 987 4489 soror
1004 4472 1017 4485 .
