3042 5192
607 481 745 550 422
1578 554 1591 567 .
1674 475 1772 543 vl

772 653 951 720 1225.
995 653 1564 716 ΙΝοοιιιιΤΛτΛ
1635 671 1841 712 RAPl
1913 669 2436 713 CERTABANT
2498 670 2828 711 resena

602 777 688 818 va
714 775 747 816 s
766 774 869 816 TA
889 800 902 813 .
950 751 1102 814 Hoc
1132 771 1295 814 vero
1339 749 1536 834 plane
1580 755 1962 832 portentum
1996 754 2131 823 cst,
2161 745 2400 833 swzera
2425 747 2574 832 rapi
2601 758 2830 809 certan—

601 853 722 929 tia,
769 849 1041 934 dignum
1084 868 1246 911 sane
1292 846 1479 931 quod
1504 846 1858 909 Lucretius
1889 843 2313 930 Thucydidis
2342 845 2714 911 narrationi
2740 845 2831 906 in-

603 956 897 1014 texeret.
943 955 1014 1010 at
1055 947 1210 1010 huic
1242 943 1507 1030 quidem
1551 945 1704 1008 loco
1749 943 1913 1006 nihil
1944 943 2084 1007 eius
2113 941 2296 1007 modi
2327 943 2690 1006 convenire
2719 964 2831 1027 po·

607 1055 775 1112 test.
819 1066 1218 1130 reponemus
1259 1044 1460 1128 igitur
1500 1042 1684 1105 hunc
1723 1062 2025 1115 versum,
2065 1049 2142 1105 ut
2181 1062 2261 1104 eo
2289 1040 2406 1104 ubi
2437 1062 2613 1125 opus
2641 1038 2832 1103 fucrit

604 1152 902 1209 utamur.
949 1152 1017 1207 ct
1057 1143 1126 1204 in
1168 1141 1295 1204 hac
1334 1141 1612 1227 pag-ina,
1657 1160 1828 1224 quae
1860 1147 1967 1203 est
2004 1140 2155 1203 libri
2183 1140 2359 1202 sexti
2389 1137 2620 1202 duode
2651 1139 2830 1223 quin·

607 1241 1022 1329 quagesima,
1061 1262 1102 1303 a
1130 1262 1326 1303 versu
1363 1239 1773 1322 122341sque
1807 1236 1896 1300 ad
1928 1237 2117 1313 1248,
2161 1237 2356 1300 alium
2388 1257 2664 1322 quoque
2691 1260 2830 1300 ver·

606 1361 750 1403 sum
783 1339 1132 1403 traiectum
1164 1358 1312 1401 esse
1342 1336 1668 1400 Marullus
1698 1336 1827 1398 iam
1854 1334 2056 1410 vidit,
2088 1336 2201 1421 qui
2233 1334 2394 1399 1245
2425 1336 2657 1420 posuit
2685 1344 2832 1420 post

611 1438 805 1514 1241,
851 1438 1013 1502 satis
1042 1437 1249 1513 bene,
1294 1455 1693 1521 quamquam
1734 1434 1932 1497 malui
1963 1455 2109 1496 eum
2154 1454 2302 1497 cum
2329 1432 2640 1496 Bentleio
2683 1442 2832 1518 post

611 1535 770 1600 1236
802 1535 1134 1599 collocare
1154 1584 1169 1610 ‚
1216 1534 1527 1619 quoniam
1557 1538 1761 1618 poeta
1791 1531 1900 1595 hic
1930 1529 2233 1595 ordinem
2260 1531 2626 1595 verborum
2655 1530 2829 1594 Thu-

606 1632 871 1719 cydidis
904 1633 1165 1697 curiose
1196 1632 1617 1695 observavit.

775 1730 953 1794 1227.
984 1751 1154 1793 Am.
1207 1728 1311 1791 Ita
1363 1727 1637 1791 codices
1694 1730 1942 1792 nostri:
2000 1727 2184 1815 apud
2225 1728 2646 1792 Macrobium
2691 1730 2825 1793 ali-s.

609 1828 748 1892 dixi
779 1827 864 1892 de
893 1829 1026 1892 hoc
1056 1827 1146 1892 ad
1176 1828 1413 1892 librum
1448 1827 1706 1900 1v‚637.

778 1926 951 1991 1228.
983 1947 1303 1990 TEMPLA
1332 1924 1972 1989 rua1.Corrector
2002 1902 2274 2010 oblongi
2304 1946 2587 1999 remu,
2614 1926 2826 2010 itaque

606 2024 1026 2088 Macrobius.

777 2120 953 2185 1232.
985 2143 1235 2185 monn
1266 2141 1706 2184 DAMNATUS
1737 2141 1836 2183 UT
1865 2142 2101 2184 Essnr
2120 2168 2134 2182 .
2164 2121 2443 2206 Aptius,
2474 2120 2603 2184 nisi
2631 2119 2828 2185 fallor.

606 2222 789 2284 morti
816 2221 1124 2283 damnatzc'
1152 2221 1330 2305 quasi
1358 2229 1505 2282 esset
1518 2243 1542 2281 .·
1566 2217 1806 2281 falsum
1837 2226 1942 2281 est
1964 2218 2136 2280 enim
2157 2217 2407 2282 nullum
2428 2219 2670 2282 morbo
2693 2240 2828 2282 cor-

606 2325 871 2402 repttun
894 2325 1198 2381 sanatum
1222 2337 1372 2380 esse
1389 2365 1402 2379 .
1432 2327 1501 2380 ut
1524 2337 1653 2400 pro
1681 2325 1750 2379 ut
1773 2317 1828 2379 si
1858 2337 2055 2400 quam
2077 2324 2261 2380 recte
2286 2314 2552 2380 dicatur
2573 2318 2830 2402 ignoro:

606 2416 737 2502 legi
765 2423 990 2480 tamen
1020 2413 1202 2500 apud
1232 2413 1571 2478 Valerium
1600 2413 1914 2477 Flaccum
1941 2437 2006 2489 V,
2019 2413 2134 2487 93,
2177 2414 2292 2477 ubi
2324 2423 2430 2478 est
2455 2416 2701 2502 subere
2727 2440 2830 2478 un-

607 2515 756 2594 dae,
784 2515 881 2578 sol
902 2536 1161 2599 magnus
1187 2523 1257 2576 ut
1280 2513 1484 2577 orbem
1521 2512 1778 2576 'I'olleret
1806 2522 1916 2575 aut
1937 2512 2155 2575 nubem
2183 2523 2458 2598 quateret
2471 2514 2658 2598 polus
2676 2563 2690 2576 .

776 2609 954 2674 1234.
985 2632 1311 2674 ΑΝῙΜΛΜ
1357 2630 1868 2673 amma-ERAT.
1922 2608 2273 2695 Oblongus
2321 2611 2640 2684 invidebat,
2688 2612 2830 2675 olim

605 2708 910 2791 impressi
938 2708 1233 2772 mittebat.
1280 2708 1608 2772 Marullus
1636 2706 1915 2770 mirabili
1947 2728 2207 2781 errore,
2249 2707 2374 2771 scd
2404 2707 2610 2794 digno
2643 2731 2830 2795 quem

605 2802 1040 2869 Eichstadius
1065 2813 1136 2870 et
1154 2805 1481 2891 Forbiger
1512 2816 1984 2890 sequerentur,
2017 2805 2289 2868 animam
2312 2817 2368 2869 et
2385 2807 2685 2872 mittebat.
2716 2830 2829 2893 op·

605 2903 745 2967 timi
775 2904 1143 2990 scriptores
1170 2904 1267 2967 ita
1298 2902 1651 2979 dixerunt,
1681 2904 1951 2968 amittere
1980 2903 2289 2965 animam.
2324 2902 2410 2966 de
2439 2916 2500 2968 et
2524 2905 2828 2969 coniunc-

603 3002 806 3066 tionis
835 3009 1025 3066 recto
1056 3002 1284 3088 positu
1313 3001 1469 3064 alibi
1497 3001 1701 3064 satiS.

777 3100 954 3163 1235.
984 3120 1352 3163 ansol-r.
1398 3098 1550 3163 Itali
1581 3106 1649 3162 et
1677 3098 2041 3162 Brixiensis
2072 3097 2276 3162 editio
2306 3118 2614 3164 Amscr.

776 3196 953 3262 1238.
1001 3218 1538 3261 fumi-ABANT
1602 3218 1909 3260 ursana
1965 3218 2066 3259 An
2126 3217 2418 3260 EGROS.
2485 3198 2827 3285 Oblongus

604 3294 818 3379 prima
844 3315 1041 3358 manu
1072 3305 1309 3359 uisaere
1326 3319 1347 3357 .·
1388 3292 1761 3379 quadratus
1805 3295 2142 3358 utseredeat
2181 3305 2398 3380 abyros
2417 3344 2431 3357 .
2473 3295 2826 3363 Lambinus

606 3400 674 3455 et
695 3400 849 3455 ante
887 3413 1034 3455 eum
1063 3392 1398 3455 Antonius
1428 3391 1626 3455 Marii
1656 3391 1903 3475 optime
1932 3413 2222 3457 vrsmu:
2256 3394 2342 3456 ad
2366 3418 2617 3480 aeqros.

774 3489 949 3553 1240.
980 3489 1410 3553 Pom-unus
1439 3510 1540 3553 AT
1570 3510 1828 3553 pauno
1861 3509 2084 3554 Posr.
2136 3490 2488 3577 Oblongus
2517 3504 2606 3557 et.
2651 3515 2825 3580 egre-

604 3586 709 3670 gie
740 3584 1097 3651 Turnebus
1127 3586 1584 3651 Porsinna-r.

777 3683 950 3747 1241.
982 3705 1316 3748 mcunA.
1360 3684 1511 3748 Itali
1542 3691 1610 3748 et
1637 3684 1943 3770 impressi
1975 3708 2343 3751 monam.

773 3780 1163 3846 1247.1248.
1193 3781 1450 3857 Inous
1480 3804 1701 3847 anns
1730 3804 1986 3848 Anum
2018 3807 2394 3849 rosunum
2439 3809 2825 3851 snrnmst

604 3899 916 3944 suorum
950 3878 1438 3943 Canum-ss
1468 3902 1865 3945 LAcmnus
1895 3904 2124 3946 Lasffl
2155 3904 2582 3961 Luc-ructus
2613 3906 2824 3948 smn-

602 3997 842 4039 BANT.
891 3974 1242 4062 Oblongus
1282 3978 1570 4042 redebant
1609 3979 1823 4064 prima
1863 4001 2060 4044 manu
2090 4030 2104 4043 .
2161 3981 2286 4045 sed
2328 3982 2502 4048 haec
2546 3984 2824 4048 carmina

603 4082 866 4139 scatent
894 4074 1210 4139 monstris
1228 4125 1242 4139 .
1284 4076 1568 4162 primum
1597 4078 1663 4140 in
1693 4079 1835 4142 aliis
1860 4079 2141 4142 mortuis
2174 4101 2336 4144 suos
2366 4082 2654 4169 sepelire
2683 4080 2824 4165 quis

600 4179 862 4257 potest,
902 4180 1239 4257 tamquam
1269 4174 1337 4236 in
1365 4173 1570 4238 busto
1601 4183 1863 4239 mortuo
1882 4175 1915 4236 P
1953 4197 2160 4261 porro
2192 4199 2340 4241 cum
2369 4179 2439 4241 in
2467 4180 2612 4244 aliis
2641 4181 2824 4243 alim

587 4272 891 4355 populum
920 4291 1190 4335 suorum
1223 4271 1502 4357 sepelire
1534 4280 1835 4349 certant,
1881 4281 2048 4357 quot
2077 4275 2361 4361 quisque
2389 4277 2684 4365 populos
2711 4276 2822 4340 ha·

598 4366 715 4430 bet
755 4387 1026 4430 suorum
1048 4369 1080 4430 P
1123 4378 1514 4453 putaveram
1562 4370 1838 4456 singulis
1883 4373 2181 4458 singulos
2225 4394 2407 4448 esse,
2456 4384 2532 4440 ut
2573 4375 2824 4439 Niobae

595 4461 1016 4539 Ovidianae‚
1075 4488 1245 4551 quae
1305 4468 1401 4530 ita
1450 4467 1614 4531 dicit
1662 4471 2099 4556 metamorph.
2113 4493 2202 4547 vx,
2224 4470 2375 4545 198,
2406 4474 2822 4562 finyitederm
