3042 5192
1255 447 1354 514 IV
2275 448 2410 516 251

227 627 403 691 habet
427 624 638 710 ubique
654 671 671 702 ,
699 643 840 685 non
868 621 1208 706 antiquius
1235 620 1349 684 illo
1380 620 1779 684 vocabulum
1797 670 1813 696 ‚
1851 621 2038 706 quod
2068 632 2222 687 ante
2246 622 2418 688 Ver-

228 726 418 812 gilium
447 729 510 784 et
536 720 794 784 Livium
832 743 967 783 non
999 721 1141 783 sine
1169 720 1568 807 pronomine
1595 720 1876 784 relativo
1908 729 2314 807 posuerunt,
2344 730 2421 785 ut

224 845 399 888 omnes
419 819 695 883 mortales
717 820 823 905 qui
848 819 1071 905 ubique
1097 829 1264 898 sunt,
1291 818 1479 902 quasi
1505 816 1691 883 dieas
1719 842 1846 882 wer
1863 820 1996 883 und
2011 843 2105 884 wo
2132 822 2219 883 sie
2244 822 2414 902 sind,
2405 846 2419 861 ·

225 928 287 984 ut
312 917 695 982 Sallustius'
680 939 745 979 m
779 915 1058 981 Catilina
1088 916 1187 992 37,
1202 915 1239 978 5
1278 917 1386 1002 qui
1424 916 1647 1002 ubique
1666 916 1896 1001 probro
1925 928 2107 1003 atque
2131 920 2418 1003 petulan-

220 1020 294 1081 tia
319 1017 500 1102 mayis
514 1017 961 1100 praestabant,
1006 1053 1076 1061 -
1121 1016 1170 1077 ii
1201 1015 1465 1078 Romam
1505 1014 1965 1103 corfiuoeerum,
2009 1015 2366 1101 idemque
2349 1039 2417 1080 m

222 1114 713 1198 interrogatione
750 1111 996 1176 ibidem
1037 1112 1183 1188 21,1
1224 1113 1413 1198 quid,
1449 1113 1718 1198 ubique,
1763 1114 1894 1198 opis
1930 1124 2038 1177 aut
2069 1115 2197 1199 spei
2236 1114 2418 1179 habe-

219 1224 359 1291 rent,
390 1208 725 1296 quomodo
755 1210 846 1273 M.
866 1210 1126 1274 Tullius
1157 1208 1242 1273 de
1272 1208 1683 1273 divinatione
1714 1232 1783 1285 11,
1800 1209 1882 1273 94
1912 1213 2020 1296 qui
2044 1223 2284 1292 ventus,
2314 1215 2421 1299 qui

219 1311 412 1389 imber,
450 1333 608 1395 quae
645 1319 958 1393 tempestas
995 1309 1216 1395 ubique
1254 1309 1374 1371 sit.
1423 1315 1720 1371 ceterum
1758 1307 2167 1394 ineptissime
2211 1318 2422 1396 agunt

218 1408 313 1492 qui
347 1407 508 1471 haee
536 1406 871 1472 voeabula
897 1428 1122 1482 nova,
1164 1405 1296 1469 hoe
1335 1414 1441 1469 est
1477 1427 1762 1490 quorum
1792 1413 1981 1471 aetas
2009 1408 2270 1472 litteras
2298 1429 2418 1472 no-

216 1506 303 1570 bis
329 1513 621 1570 servatas
651 1526 787 1568 non
818 1511 1095 1589 superat
1122 1553 1137 1580 ‚
1185 1503 1422 1567 eodem
1449 1504 1601 1568 loeo
1631 1504 1888 1569 habent
1917 1525 2065 1568 eum
2095 1507 2419 1593 antiquis-

217 1605 372 1668 simis
389 1654 402 1679 ‚
432 1604 656 1689 qualia
685 1611 846 1667 sunt
872 1626 1062 1690 usque
1089 1604 1360 1690 undique
1377 1605 1743 1689 plerumque
1768 1614 2022 1690 uterque
2039 1654 2053 1667 .

357 1703 491 1766 641.
543 1725 644 1765 ΕΤ
705 1723 1401 1786 οοοτσιιΝιοιΒσε.
1469 1700 1551 1764 In
1601 1701 1894 1787 oblongo
1944 1723 1985 1765 a
2035 1711 2419 1769 correctore

214 1799 431 1865 factum
455 1824 490 1865 c
510 1823 550 1865 o
567 1824 610 1863 T
627 1823 814 1864 unm
834 1823 868 1862 c
885 1823 908 1863 1
926 1822 966 1861 n
981 1822 1067 1863 us
1087 1822 1101 1862 ε
1149 1798 1521 1884 quadratus
1550 1810 1608 1862 et
1634 1800 1801 1886 quod
1825 1802 2160 1865 mmicibus
2176 1851 2190 1866 .
2235 1811 2420 1867 recte

216 1900 497 1964 scribitur
526 1897 716 1986 apud
741 1897 1051 1961 Plautum
1070 1946 1085 1972 ‚
1129 1896 1364 1972 eadem
1398 1898 1651 1983 primae
1682 1898 1980 1985 syllabae
2013 1901 2386 1983 quantitate
2404 1950 2420 1976 ,

211 1998 267 2060 in
291 1998 586 2062 Asinaria
621 2020 718 2072 111,
734 1997 791 2070 3,
807 1997 889 2060 76
918 1997 1044 2060 Dic
1072 2020 1167 2059 me
1195 1997 1386 2081 iyitur
1413 2007 1584 2059 tuum
1599 1998 2058 2081 passerculum,
2082 2000 2387 2083 yallinam
2404 2049 2420 2080 ‚

212 2099 548 2160 coturnicem
574 2144 594 2176 ,
645 2102 713 2158 et
739 2095 808 2157 in
841 2093 1139 2181 Captivis
1168 2117 1229 2169 v,
1246 2094 1358 2168 4‚6
1385 2097 1515 2158 Αιὶί
1542 2095 1734 2158 anites
1769 2106 1876 2157 aue
1903 2098 2240 2160 coturnices
2267 2098 2420 2161 dan-

208 2204 320 2274 tur,
362 2196 609 2281 quicum
648 2195 917 2257 las-item.
979 2192 1197 2277 Caper
1237 2192 1707 2277 grammaticus
1746 2215 1810 2278 p.
1826 2191 1991 2257 2248
2039 2195 2420 2274 Catamices,

209 2315 311 2355 non
337 2294 703 2356 coetui-uices
721 2340 735 2354 .

350 2389 487 2453 642.
517 2390 609 2453 In
650 2411 940 2465 omnus
983 2411 1078 2452 ur
1117 2410 1303 2452 mar
1344 2410 1631 2452 annus.
1661 2387 2060 2465 Lambinus,
2090 2389 2254 2453 nihil
2282 2412 2417 2453 me-

207 2508 452 2552 morans
471 2538 487 2562 ,
519 2486 650 2551 sed
678 2496 864 2551 reete
888 2536 904 2562 ,
933 2486 1036 2551 Ur
1067 2487 1282 2573 quibus
1312 2509 1390 2550 ιι)
1404 2488 1535 2576 fiat
1555 2487 1734 2552 rebus
1764 2510 2117 2573 coynoscere
2134 2491 2341 2573 possis
2365 2538 2378 2551 .

348 2586 486 2650 648.
518 2586 899 2649 Pnornnr:
929 2608 1024 2648 ET
1071 2607 1517 2649 snmnunus
1562 2607 1991 2650 consTANT
2019 2608 2421 2651 VARIANT-

206 2704 336 2756 om:
376 2705 715 2748 monna,
760 2684 866 2747 Ita
906 2682 1089 2747 libri.
1136 2682 1259 2746 sed
1288 2694 1345 2748 et
1382 2682 1472 2747 ad
1513 2686 1912 2748 sententiam
1941 2684 2106 2748 nihil
2135 2684 2327 2750 addit
2357 2693 2425 2750 et

203 2778 471 2848 Lucretii
501 2780 982 2847 consuetudini
1011 2789 1345 2868 repugnat
1374 2830 1388 2844 .
1434 2783 1618 2847 nulla
1648 2781 2218 2847 demonstratione
2249 2806 2422 2869 opus

204 2887 294 2943 est
325 2889 398 2946 ut
416 2881 853 2966 intellegatur
875 2878 1299 2943 scribendum
1332 2901 1478 2944 esse
1503 2881 1772 2946 Proinde
1800 2904 1899 2944 Ex
1925 2883 2252 2945 sem-inibw
2281 2906 2421 2947 con-

197 2989 338 3043 stant
373 3004 556 3045 vam
573 3002 682 3044 AN
698 3003 739 3044 Τ
756 3001 795 3041 Ε
829 2980 1048 3068 fiqura
1065 3004 1086 3041 .·
1133 3000 1289 3060 nam
1332 3001 1412 3042 eo
1457 3002 1739 3064 prorsus
1779 2977 1983 3043 modo
2031 2978 2264 3042 eadem
2308 3001 2420 3043 res

201 3075 423 3143 dicitur
464 3081 645 3144 libro
689 3101 762 3153 11,
778 3078 900 3141 722
927 3124 942 3150 ‚
987 3078 1074 3142 ita
1116 3100 1421 3163 quamque
1463 3090 1751 3142 necessest
1788 3078 2094 3142 Dissimili
2150 3090 2424 3142 constare

183 3175 381 3262 fiynra
408 3180 875 3264 principiorum
886 3202 911 3259 ‚·
949 3178 1066 3256 ita,
1109 3177 1363 3239 nonita
1391 3188 1474 3250 et,
1517 3198 1740 3261 neque
1784 3187 2055 3240 constant
2085 3177 2424 3261 principiis

197 3286 244 3337 et
263 3277 480 3364 fiqura
509 3277 842 3341 dissimilia
866 3286 1006 3339 sunt
1029 3323 1047 3354 ,
1094 3274 1279 3359 quod
1308 3273 1672 3339 absurdum
1700 3274 1880 3339 foret
1906 3324 1922 3351 ,
1963 3274 2089 3339 sed
2119 3275 2424 3339 Dissimili

186 3376 632 3461 principiorum
643 3375 866 3464 fiqura
896 3374 1035 3437 sive
1065 3375 1391 3438 seminibus
1400 3375 1624 3463 figura
1649 3375 1926 3438 variante
1944 3422 1958 3435 .

344 3475 487 3537 655.
519 3494 781 3538 mimo
827 3495 920 3535 UT
941 3521 955 3534 .
1001 3473 1107 3536 Ita
1138 3471 1469 3557 oblongus
1500 3479 1569 3535 et
1597 3472 1930 3537 Antonius
1959 3472 2421 3538 Florentinus:

194 3572 555 3656 quadratus
589 3581 663 3637 et
692 3573 846 3636 olim
875 3572 1184 3659 impressi
1213 3594 1350 3635 non
1377 3570 1635 3634 habent
1662 3582 1757 3634 ut.

341 3673 483 3736 659.
515 3693 969 3736 erwssnvm
1021 3693 1428 3735 conroas.
1480 3669 1632 3734 Itali
1662 3691 2068 3734 conromi.

337 3772 481 3836 660.
516 3792 842 3836 canons
862 3817 876 3831 .
924 3769 1284 3834 Corrector
1316 3767 1631 3854 quadrati
1661 3777 1730 3833 et
1759 3768 1965 3832 ceteri
1995 3789 2304 3833 CAULAs
2324 3815 2338 3830 .

340 3869 484 3934 662.
516 3871 800 3934 Asin-:12
846 3890 1311 3934 Amazonum.
1358 3866 1510 3931 Itali
1542 3874 1613 3931 et
1638 3866 2006 3932 Brixiensis
2038 3867 2242 3932 editio
2274 3867 2422 3931 As-

189 3987 381 4031 rssnA
424 3990 839 4033 nmmum.

339 4066 483 4132 671.
549 4066 700 4131 672.
759 4065 1143 4142 UrRAQur:
1202 4087 1402 4128 Erum
1460 4087 1666 4129 sum·
1734 4088 1814 4128 IN
1873 4086 2169 4128 nil-:Lus
2231 4085 2424 4129 coiu—

188 4184 431 4227 mx’rA
493 4185 813 4228 SAPORE
848 4188 864 4240 3
934 4163 1021 4227 Ιι)
1083 4186 1295 4239 ouon
1356 4186 1499 4227 IAM
1571 4185 1880 4228 sermm
1937 4185 2110 4226 TIBI
2171 4183 2422 4224 SAEPE

185 4280 321 4325 osi·
337 4285 376 4325 Ε
391 4285 496 4326 ιιι)
512 4287 537 4327 1
555 4285 712 4326 Mus
758 4284 804 4325 A
819 4285 862 4325 N
877 4286 917 4325 ‘r
933 4284 972 4325 Ε
995 4312 1008 4325 .
1077 4261 1187 4326 Ad
1229 4262 1398 4326 haec
1442 4263 1805 4326 Lambinus
1847 4260 2261 4325 confidenter
2306 4256 2423 4321 ad-

184 4360 407 4426 scribit
452 4385 526 4425 1n
563 4383 747 4436 Quon
782 4383 904 4424 mu
935 4362 1213 4446 sum-zm)
1260 4362 1360 4425 lib.
1384 4360 1453 4423 2.
1495 4360 1677 4424 hune
1719 4361 1814 4424 ita
1850 4358 2278 4422 mentientem
2320 4378 2424 4420 se-

185 4467 417 4524 cuntur
450 4458 770 4524 Gifanius
810 4467 877 4523 et
916 4458 1170 4524 Pareus
1191 4507 1205 4521 .
1254 4457 1714 4523 Wakefieldus
1759 4459 1984 4544 inepte
2026 4457 2423 4543 interpreta-
