3042 5192
547 444 641 512 88
1613 441 1710 511 ΠΙ

391 633 487 679 265
543 614 666 680 sed
697 617 890 702 quasi
918 616 1166 681 multae
1193 616 1297 681 vis
1327 617 1523 680 unius
1556 616 1860 703 corporis
1892 622 2129 680 extant
2146 665 2161 679 .

546 731 732 817 quod
761 754 973 818 genus
1001 733 1073 795 in
1103 731 1343 818 quovis
1372 732 1779 796 animantum
1806 731 2068 797 viscere
2095 731 2298 817 volgo

545 854 650 911 est
679 845 852 911 odor
883 855 953 911 et
983 845 1252 932 quidam
1282 846 1467 911 calor
1497 854 1565 911 et
1593 868 1798 934 sapor
1815 896 1830 923 ‚
1854 854 1926 911 et
1951 854 2175 912 tamen
2207 867 2293 911 ex
2319 845 2429 912 his

546 962 853 1027 omnibus
885 969 990 1026 est
1018 984 1223 1025 unum
1250 961 1623 1048 perfectum
1652 963 1958 1048 corporis
1987 982 2270 1048 augmen
2287 1011 2303 1026 .

545 1077 641 1141 sic
671 1078 856 1142 calor
885 1085 1090 1163 atque
1120 1083 1235 1141 aer
1264 1089 1334 1142 et
1359 1079 1545 1142 venti
1574 1098 1775 1141 caeca
1801 1084 2108 1163 potestas

392 1208 490 1255 270
542 1192 751 1258 mixta
780 1201 1014 1260 creant
1040 1212 1242 1256 unam
1268 1199 1577 1256 naturam
1594 1242 1610 1268 ‚
1635 1201 1705 1257 et
1731 1192 1992 1257 mobilis
2019 1192 2134 1256 illa

544 1308 649 1371 vis
667 1357 682 1384 ‚
702 1308 935 1371 initum
961 1315 1187 1372 motus
1217 1306 1301 1371 ab
1332 1328 1407 1371 se
1438 1328 1612 1393 quae
1643 1306 1883 1373 dividit
1913 1308 2060 1372 ollis
2079 1357 2094 1382 ‚

550 1420 832 1485 sensifer
860 1419 1043 1484 unde
1071 1421 1285 1485 oritur
1310 1422 1596 1505 primum
1622 1443 1746 1506 per
1771 1423 2034 1486 viscera
2060 1429 2282 1487 motus
2301 1471 2315 1485 .

546 1556 701 1598 nam
727 1536 995 1621 penitus
1022 1557 1335 1621 prorsum
1364 1535 1531 1599 latet
1555 1535 1727 1601 haec
1755 1545 2001 1601 natura
2029 1539 2398 1624 subestque
2418 1586 2433 1612 ‚

545 1670 672 1713 nec
700 1651 910 1736 magis
939 1649 1069 1713 hac
1096 1648 1272 1713 infra
1302 1650 1660 1735 quicquam
1691 1658 1798 1715 est
1823 1651 1894 1714 in
1923 1673 2209 1738 corpore
2237 1657 2474 1717 nostro
2495 1701 2511 1728 ‚

396 1781 493 1825 275
550 1772 755 1850 atque
785 1765 1003 1828 anima
1031 1772 1135 1829 est
1163 1765 1419 1828 animae
1448 1786 1784 1850 proporro
1814 1767 2026 1831 totius
2055 1767 2206 1852 ipsa
2224 1817 2237 1831 .

550 1878 738 1964 quod
764 1900 977 1966 genus
1004 1880 1073 1944 in
1099 1878 1351 1944 nostris
1379 1881 1691 1945 membris
1722 1889 1791 1945 et
1819 1903 2104 1967 corpore
2134 1891 2282 1947 toto

545 1995 754 2059 mixta
779 1994 998 2059 latens
1030 1995 1226 2059 animi
1251 1996 1355 2060 vis
1385 2004 1490 2061 est
1519 1996 1910 2082 animaeque
1937 2004 2244 2082 potestas
2264 2045 2280 2072 ‚

551 2109 948 2196 corporibus
980 2110 1135 2195 quia
1164 2109 1250 2174 de
1277 2113 1505 2197 parvis
1535 2111 1904 2198 paucisque
1934 2119 2229 2176 creatast
2246 2162 2259 2175 .

553 2224 649 2288 sic
675 2225 797 2290 tibi
823 2225 1109 2289 nominis
1136 2225 1307 2290 haec
1336 2248 1581 2312 expers
1608 2226 1711 2292 vis
1729 2275 1745 2304 ‚
1768 2226 1948 2291 facta
1974 2227 2245 2291 minutis

394 2353 492 2401 280
548 2339 945 2423 corporibus
964 2388 980 2415 ‚
1003 2340 1173 2405 latet
1201 2349 1405 2427 atque
1436 2342 1693 2405 animae
1724 2343 1918 2427 quasi
1946 2341 2155 2407 totius
2180 2341 2331 2426 ipsa

550 2462 956 2539 proporrost
984 2454 1202 2520 anima
1230 2465 1301 2521 et
1329 2455 1713 2520 dominatur
1743 2476 2029 2541 corpore
2060 2462 2209 2519 toto
2229 2504 2242 2518 .

553 2569 878 2633 consimili
903 2571 1165 2635 ratione
1193 2579 1546 2637 necessest
1572 2578 1814 2635 ventus
1845 2578 1914 2634 et
1941 2575 2055 2633 aer

555 2691 623 2748 et
651 2683 835 2747 calor
862 2684 1038 2748 inter
1066 2706 1141 2749 se
1170 2686 1442 2773 vigeant
1470 2685 1827 2749 commixta
1853 2705 1976 2770 per
2005 2690 2192 2747 artus
2209 2731 2226 2757 ‚

549 2797 772 2883 adque
802 2798 947 2863 aliis
977 2798 1158 2864 aliud
1186 2801 1401 2866 subsit
1426 2799 1638 2885 magis
1669 2799 2088 2884 emineatque
2106 2846 2124 2873 ‚

402 2929 499 2975 285
551 2921 631 2977 ut
659 2913 980 2998 quiddam
1006 2915 1150 2979 fieri
1175 2914 1486 2980 videatur
1515 2914 1600 2979 ab
1631 2915 1936 2979 omnibus
1964 2935 2168 2977 unum
2186 2962 2202 2988 ‚

552 3028 622 3093 ni
651 3030 833 3095 calor
863 3051 942 3094 ac
972 3038 1213 3095 ventus
1243 3052 1549 3096 seorsum
1578 3049 2017 3114 seorsumque
2044 3035 2352 3114 potestas

552 3146 724 3210 aeris
751 3147 1153 3211 interemant
1180 3168 1450 3210 sensum
1479 3144 1892 3229 diductaque
1923 3143 2192 3208 solvant
2209 3193 2222 3206 .

554 3268 660 3324 est
689 3262 929 3324 etenim
961 3261 1145 3324 calor
1171 3259 1280 3323 ille
1309 3261 1528 3323 animo
1547 3306 1563 3335 ‚
1589 3280 1787 3343 quem
1817 3259 2049 3333 sumit,
2070 3258 2139 3321 in
2167 3258 2268 3321 ira

553 3395 701 3436 cum
728 3373 1047 3439 fervescit
1074 3381 1144 3437 et
1172 3395 1258 3436 ex
1288 3372 1499 3436 oculis
1528 3372 1729 3434 micat
1756 3371 2021 3434 acribus
2050 3360 2292 3436 ardor:

400 3502 497 3550 290
554 3495 658 3550 est
686 3508 765 3551 ea
790 3487 1035 3574 frigida
1061 3486 1271 3551 multa
1288 3533 1304 3561 ‚
1327 3505 1551 3548 comes
1579 3483 1953 3548 formidinis
1972 3532 1987 3559 ‚
2011 3505 2176 3549 aura
2192 3535 2208 3563 ‚

559 3622 731 3687 quae
762 3603 895 3668 ciet
920 3601 1273 3667 horrorem
1300 3599 1613 3663 membris
1644 3606 1714 3663 et
1741 3600 2035 3664 concitat
2062 3608 2283 3666 artus:

558 3724 662 3781 est
691 3717 888 3780 etiam
919 3737 1191 3802 quoque
1218 3714 1442 3802 pacati
1471 3720 1689 3779 status
1720 3713 1892 3778 aeris
1920 3715 2028 3780 ille
2048 3765 2063 3791 ,

553 3837 830 3918 pectore
859 3831 1224 3917 tranquillo
1258 3830 1372 3915 qui
1398 3829 1475 3894 fit
1501 3830 1827 3915 voltuque
1857 3851 2098 3894 sereno
2117 3880 2130 3893 .

559 3943 684 4010 sed
714 3945 913 4010 calidi
939 3945 1090 4032 plus
1121 3954 1228 4012 est
1253 3946 1381 4011 illis
1414 3945 1657 4032 quibus
1685 3945 1867 4009 acria
1895 3943 2105 4010 corda

404 4076 501 4123 295
558 4060 1013 4148 iracundaque
1041 4082 1232 4127 mens
1260 4061 1455 4127 facile
1486 4060 1861 4126 effervescit
1885 4061 1955 4126 in
1982 4059 2082 4125 ira
2100 4110 2115 4134 ‚

568 4344 666 4391 272
705 4337 1010 4392 Sensiferer
1044 4336 1066 4408 ΙΙ
1107 4345 1207 4391 288
1246 4339 1403 4390 etiam
1448 4335 1469 4407 ΙΙ
1520 4343 1619 4390 289
1655 4337 1920 4391 fei-vescet
1959 4334 1979 4407 ΙΙ
2016 4336 2189 4390 acrius
2226 4335 2246 4407 ΙΙ
2286 4342 2385 4390 290
2425 4344 2477 4389 et
2514 4338 2534 4409 ΙΙ
2573 4344 2669 4390 291
2709 4338 2789 4390 in-

566 4422 798 4477 concitat
834 4420 856 4494 ΙΙ
896 4427 992 4475 293
1032 4422 1263 4476 Pet-tore
1300 4419 1322 4493 ΙΙ
1359 4422 1417 4474 fit
1453 4421 1541 4491 qui
