3042 5192
564 435 655 504 72
1666 426 1695 493 I

562 611 807 674 lectum
851 605 1060 670 refert
1090 654 1105 681 ,
1150 602 1357 688 idque
1400 600 1931 665 Henrichsenius
1983 599 2333 664 confirmat
2360 649 2373 663 .
2429 608 2538 664 eet
2577 609 2796 666 autem

567 707 781 772 crucis
809 705 983 768 illius
1016 700 1249 766 eadem
1277 699 1639 785 utrobique
1669 697 2062 783 significatio
2092 722 2106 760 ι
2135 719 2290 761 nam
2316 698 2386 761 in
2416 696 2654 762 codice
2683 701 2797 764 ob—

563 806 767 891 longo
796 803 907 866 hic
938 801 1226 889 spatium
1256 806 1414 864 octo
1443 798 1753 862 versibus
1793 793 2199 882 recipiendis
2239 805 2472 882 aptum
2499 797 2800 863 relictum

569 910 674 967 est
704 951 716 964 .
746 902 878 965 iam
908 897 1074 984 quid
1102 897 1237 962 hoc
1263 896 1363 960 rei
1392 896 1480 960 sit
1507 901 1792 980 apparet
1825 944 1839 957 .
1885 894 1956 958 in
1983 894 2157 959 libro
2189 916 2269 959 eo
2302 916 2388 958 ex
2418 917 2559 981 quo
2587 900 2800 963 noan-i

569 999 892 1084 descripti
933 1004 1092 1061 sunt
1129 1017 1290 1082 pars
1332 991 1627 1058 schedae
1673 993 1964 1057 rescissa
2002 999 2192 1057 erat:
2250 1014 2490 1058 versus
2533 1003 2696 1060 octo
2735 998 2797 1061 in

568 1098 700 1163 fine
743 1097 1014 1161 mutilos
1056 1095 1350 1179 scriptor
1392 1091 1664 1177 oblongi
1704 1091 2000 1155 servavit
2030 1114 2046 1153 :
2094 1091 2210 1176 qui
2246 1093 2468 1180 capite
2511 1095 2802 1159 truncati

571 1202 804 1260 essent
829 1195 898 1259 in
926 1194 1172 1280 pagina
1197 1191 1517 1256 interiore
1545 1238 1561 1265 ‚
1604 1210 1723 1253 eos
1755 1197 1911 1254 octo
1953 1210 2040 1253 ne
2068 1189 2179 1253 hic
2209 1189 2480 1275 quidem
2511 1192 2804 1257 scribere

569 1317 773 1359 ausus
804 1299 910 1357 est
927 1342 941 1355 .
971 1293 1145 1356 bene
1176 1291 1265 1354 sit
1290 1289 1383 1353 illi
1401 1338 1417 1365 ‚
1448 1287 1637 1374 quod
1659 1286 1994 1351 defectum
2015 1295 2153 1352 tam
2171 1289 2432 1353 curiose
2453 1288 2804 1356 indicavit:

570 1391 695 1457 sed
727 1390 890 1478 quid
919 1389 1005 1453 de
1027 1389 1495 1473 Havercampo
1530 1384 1825 1450 dicemus
1844 1435 1859 1460 ‚
1884 1386 1998 1471 qui
2018 1385 2152 1451 hoc
2173 1407 2261 1449 ne
2284 1409 2806 1454 commemoran-

573 1491 732 1555 dum
761 1488 1030 1574 quidem
1061 1486 1330 1550 duxerit
1348 1485 1381 1549 P
1411 1493 1710 1549 ceterum
1738 1505 2055 1549 numerus
2084 1506 2399 1550 versuum
2421 1485 2514 1550 ad
2537 1508 2690 1552 eam
2711 1512 2806 1553 ra-

573 1590 821 1654 tionem
864 1609 1064 1672 quam
1108 1607 1315 1671 supra
1372 1583 1656 1670 exposui
1708 1583 2018 1648 absolute
2068 1584 2384 1648 convenit
2409 1634 2424 1648 .
2473 1585 2546 1649 in
2585 1588 2808 1673 priore

572 1685 867 1751 schedae
905 1691 1101 1770 parte
1139 1682 1413 1746 fuerunt
1452 1702 1692 1746 versus
1732 1682 1969 1768 viginti
2007 1703 2131 1746 sex
2163 1730 2179 1758 ‚
2222 1704 2396 1767 quos
2423 1685 2671 1749 notavi
2697 1709 2806 1750 nu-

569 1784 767 1848 meris
811 1805 851 1847 a
896 1782 1058 1847 1068
1099 1780 1189 1846 ad
1232 1780 1392 1845 1093
1422 1830 1437 1857 ,
1479 1780 1549 1843 in
1585 1780 1873 1845 adversa
1902 1781 2138 1866 viginti
2183 1787 2504 1866 quattuor
2548 1784 2778 1849 relicui
2794 1842 2809 1866 ‚

574 1882 815 1968 quibus
856 1881 1159 1945 subiecta
1203 1887 1397 1944 erant
1438 1900 1517 1942 ea
1559 1900 1732 1964 quae
1771 1878 2104 1965 oblongus
2133 1877 2343 1944 habet
2372 1889 2619 1947 contra
2649 1886 2808 1950 anti·

574 1980 880 2065 quiorum
916 2000 1111 2043 usum
1152 1979 1222 2042 in
1266 1999 1522 2042 summa
1559 1977 1809 2064 pagina
1848 1976 2104 2064 scripta
2129 2025 2146 2053 ‚
2186 2000 2361 2042 ’.τιτι
2402 2001 2501 2043 Lu
2519 2002 2621 2044 cn
2639 2005 2808 2047 1:111

575 2101 766 2143 cAm
796 2102 895 2143 nn
925 2101 1193 2144 annum
1225 2098 1550 2141 NATURA
1581 2097 1828 2140 mann
1859 2098 1883 2138 1
1912 2098 2299 2140 nxrmclr
2330 2099 2670 2143 moun-1·
2699 2104 2807 2145 m·

573 2201 726 2242 nnn
768 2199 1197 2243 SECUNDUS
1227 2225 1241 2239 .
1285 2175 1410 2240 sed
1448 2176 1534 2240 ab
1574 2196 1655 2239 eo
1697 2172 1894 2236 huius
1936 2173 2089 2238 libri
2128 2194 2332 2239 versu
2378 2176 2493 2261 qui
2533 2187 2809 2243 notatus

575 2282 682 2340 est
701 2297 977 2340 numero
1002 2274 1125 2340 785
1142 2323 1157 2350 ‚
1190 2295 1387 2361 quem
1418 2271 1713 2337 schedae
1744 2278 1975 2336 sextae
2004 2269 2299 2337 decimae
2326 2273 2636 2339 ultimum
2669 2299 2812 2343 esse

577 2372 777 2438 docui
823 2373 912 2437 ad
950 2394 1220 2437 versum
1248 2373 1370 2436 734
1394 2421 1410 2448 ‚
1452 2392 1669 2457 usque
1710 2370 1802 2435 ad
1847 2369 2008 2435 1068
2038 2419 2054 2446 ‚
2101 2370 2218 2456 qui
2256 2379 2362 2435 est
2401 2372 2703 2459 primus,
2742 2386 2814 2441 ut

574 2479 740 2556 puto
772 2520 788 2547 ‚
828 2472 1181 2535 vicesimae
1222 2472 1460 2534 tertiae
1487 2519 1503 2546 ,
1551 2477 1711 2533 sunt
1739 2470 2031 2534 carmina
2061 2492 2381 2534 ccnxxxn
2422 2478 2493 2535 et
2521 2474 2816 2560 capitula

573 2569 706 2633 tria
734 2617 750 2642 ‚
791 2567 925 2633 hoc
956 2577 1063 2632 est
1089 2589 1330 2631 versus
1362 2590 1671 2632 conxxxv
1698 2617 1714 2644 ‚
1760 2589 1933 2653 quae
1976 2574 2135 2631 sunt
2172 2568 2456 2655 paginae
2499 2592 2816 2636 versuum

573 2666 879 2729 vicenum
921 2687 1154 2730 senum
1192 2664 1505 2729 undecim
1545 2686 1683 2729 uno
1711 2687 1916 2730 versu
1942 2668 2157 2731 minus
2173 2714 2201 2746 ‚⁹
2241 2688 2391 2731 cum
2418 2669 2674 2734 rationi
2703 2669 2814 2735 de-

573 2767 860 2830 beantur
879 2765 1236 2830 duodecim
1253 2813 1269 2840 ,
1294 2765 1608 2850 quoniam
1628 2764 1868 2829 librum
1891 2764 2260 2828 secundum
2281 2766 2350 2829 in
2374 2767 2605 2832 antica
2625 2769 2814 2833 sche-

577 2863 706 2927 dae
733 2865 980 2951 pagina
1004 2864 1301 2951 incipere
1330 2863 1418 2928 ad
1449 2864 1647 2927 huius
1676 2884 1945 2928 versum
1974 2863 2096 2927 253
2125 2861 2502 2929 videbimus
2529 2915 2546 2929 .
2589 2867 2816 2952 itaque

574 2965 643 3027 in
674 2962 909 3028 codice
939 2964 1313 3051 archetypo
1353 2984 1553 3027 unam
1582 2984 1668 3026 ex
1694 2961 1801 3025 his
1842 2960 2198 3026 duodecim
2227 2963 2493 3048 paginis
2521 2964 2696 3029 nihil
2722 2968 2815 3029 in-

577 3062 899 3148 scriptum
940 3062 1258 3127 habuisse
1300 3061 1557 3125 conicio
1578 3109 1593 3136 ‚
1625 3068 1782 3125 ante
1811 3081 2079 3124 versum
2113 3068 2338 3125 autem
2365 3060 2484 3126 921
2517 3061 2816 3130 intersti-

576 3160 739 3224 tium
766 3158 973 3225 fuisse
993 3209 1008 3236 ‚
1040 3159 1229 3246 quod
1253 3159 1504 3224 librarii
1532 3159 1751 3223 nostri
1777 3159 2227 3245 neglexerint.

748 3257 924 3321 1105.
974 3256 1191 3321 Nnvn
1239 3278 1510 3320 anxur
1565 3277 1806 3321 casm
1853 3279 2399 3323 ronnrnxmx
2442 3281 2813 3325 rnnrnx.

577 3355 940 3418 Lambinus
977 3355 1204 3440 inepte
1247 3355 1560 3419 sonita-abia
1577 3403 1590 3416 .
1648 3362 1807 3418 ante
1849 3376 1996 3419 eum
2035 3356 2344 3444 impressi
2383 3357 2538 3421 libri
2587 3380 2817 3424 omnes

581 3473 1120 3515 PENETRALIA.
1161 3454 1386 3538 templa
1416 3502 1430 3515 .
1476 3451 1850 3537 quadratus
1895 3455 2001 3519 Ne
2027 3465 2293 3519 vertant.
2336 3454 2639 3522 Lucilius
2670 3458 2814 3523 Sus·

567 3550 877 3636 pendatne
912 3573 977 3613 se
1019 3573 1177 3613 anne
1212 3551 1281 3613 in
1314 3551 1596 3636 yladium
1633 3552 1945 3617 incumbat
1964 3599 1983 3633 ,
2020 3578 2098 3618 ne
2137 3554 2374 3618 caelum
2412 3566 2566 3620 ruat
2581 3581 2606 3618 .·
2635 3553 2812 3641 apud

578 3647 871 3712 Nonium
898 3670 963 3734 p.
980 3647 1178 3724 502‚8
1208 3673 1292 3713 an
1318 3650 1385 3711 in
1416 3656 1486 3712 et
1515 3650 1753 3714 caelum
1778 3653 1973 3716 vivat.

746 3746 924 3811 1106.
965 3769 1058 3810 ΕΤ
1112 3770 1356 3811 cums
1391 3785 1461 3794 —
1502 3746 1680 3812 1108.
1733 3770 2054 3820 AvnANr
2106 3772 2257 3815 PER
2309 3773 2564 3818 mam-3
2617 3776 2808 3819 rno-

581 3868 729 3909 rtm
746 3868 907 3910 num
937 3895 950 3909 .
997 3846 1084 3911 Et
1109 3869 1313 3911 omnes
1340 3845 1554 3932 prima
1583 3867 1782 3911 manu
1812 3848 2145 3934 oblongus
2164 3897 2178 3911 .
2209 3849 2345 3913 hoc
2374 3850 2658 3935 probari
2685 3875 2814 3917 non

581 3941 814 4007 debuit
842 3967 856 4006 :
902 3943 1122 4008 nullus
1165 3945 1335 4008 enim
1374 3944 1485 4007 hic
1526 3944 1594 4006 in
1633 3967 1858 4009 rerum
1897 3947 2361 4012 universarum
2386 3948 2670 4014 interitu
2697 3951 2813 4015 ho·

579 4040 825 4105 minum
854 4043 1457 4108 commemorationi
1480 4043 1672 4109 locus
1697 4050 1803 4107 est
1817 4093 1834 4118 ‚
1867 4046 2059 4130 quasi
2085 4045 2154 4109 in
2184 4045 2278 4110 eis
2308 4067 2565 4110 summa
2595 4069 2814 4113 rerum

582 4140 670 4203 sit
701 4189 714 4202 .
756 4143 1140 4205 necessario
1184 4141 1613 4206 scribendum
1655 4150 1760 4206 est
1798 4154 1857 4207 et
1881 4164 2149 4207 ouum
2183 4182 2254 4191 —
2290 4144 2540 4209 αόεωιι.
2572 4144 2813 4233 Vergi-

580 4238 737 4302 lium
762 4238 859 4303 ita
896 4239 964 4302 in
1006 4260 1246 4303 versus
1286 4238 1416 4303 fine
1455 4241 1769 4326 posuisse
1807 4244 1959 4329 quin
1985 4244 2273 4328 protinus
2309 4244 2518 4307 omnia
2543 4245 2713 4308 Aen.
2729 4267 2814 4318 vr,

582 4337 662 4400 33
693 4385 708 4411 ‚
753 4358 951 4400 nemo
989 4337 1259 4422 ignorat
1289 4387 1302 4400 .
1350 4337 1565 4403 eidem
1603 4339 1670 4403 in
1700 4341 2063 4426 georgicon
2095 4364 2184 4416 ιν,
2198 4340 2314 4404 221
2351 4343 2531 4405 deum
2557 4365 2820 4429 namque

583 4436 674 4498 ire
704 4457 824 4520 per
852 4437 1061 4500 omnia
1103 4457 1229 4520 pro
1262 4460 1383 4522 per
1412 4439 1607 4502 omni-9
1648 4439 1911 4525 egregie
1940 4439 2238 4505 restituit
2263 4438 2697 4528 Perlcampus
2722 4438 2818 4503 ad
