3042 5192
1349 446 1411 513 ΙΙ
2404 452 2494 517 55

114 637 194 682 445
252 618 416 683 haec
446 619 676 704 magis
706 619 942 683 amatis
968 618 1143 683 inter
1174 639 1321 683 sese
1353 640 1500 682 esse
1531 625 1877 683 necessest

244 742 308 797 et
337 733 537 819 quasi
566 733 861 798 ramosis
889 734 1023 799 alte
1054 740 1403 820 compacta
1430 734 1644 797 teneri
1663 782 1677 796 .

242 848 305 911 in
335 869 473 933 quo
506 848 649 912 iam
678 868 926 934 genere
952 849 1021 912 in
1048 848 1277 936 primis
1306 847 1732 913 adamantina
1761 869 1925 912 saxa

242 963 453 1048 prima
481 962 639 1027 acie
670 969 988 1029 constant
1003 1011 1019 1039 ‚
1039 963 1215 1028 ictus
1244 970 1673 1027 contemnere
1704 970 1898 1027 sueta
1915 1012 1930 1036 ‚

245 1084 310 1141 et
333 1076 547 1142 validi
580 1077 806 1142 silices
823 1126 839 1154 ‚
868 1099 948 1142 ac
978 1076 1127 1143 duri
1155 1078 1405 1142 robora
1430 1075 1592 1141 ferri
1610 1126 1626 1152 ‚

112 1209 194 1254 ⁴⁵0
243 1212 533 1276 aeraque
567 1213 748 1276 quae
779 1191 1086 1256 claustris
1116 1193 1442 1257 restantia
1469 1191 1956 1257 vociferantur.

242 1305 349 1370 illa
379 1304 663 1391 quidem
694 1305 944 1371 debent
972 1327 1011 1369 e
1036 1304 1294 1371 levibus
1324 1313 1528 1392 atque
1557 1304 1868 1370 rutundis

245 1441 389 1484 esse
415 1420 676 1507 magis,
698 1419 948 1485 fluvido
982 1442 1153 1506 quae
1183 1442 1471 1507 corpore
1500 1420 1754 1506 liquida
1783 1427 2132 1486 constant.

250 1556 533 1620 namque
565 1536 933 1622 papaveris
960 1535 1244 1600 haustus
1273 1535 1499 1599 itemst
1524 1533 1737 1599 facilis
1769 1534 1960 1620 quasi
1988 1556 2341 1619 aquarum:

242 1669 363 1712 nec
388 1650 777 1714 retinentur
807 1650 976 1714 enim
1003 1650 1179 1715 inter
1208 1670 1281 1713 se
1311 1648 1781 1735 glomeramina
1810 1670 2115 1735 quaeque
2133 1699 2148 1726 ‚

114 1779 198 1824 455
247 1771 310 1827 et
335 1784 716 1849 procursus
743 1764 901 1829 item
928 1764 1227 1851 proclive
1255 1762 1565 1827 volubilis
1597 1771 1852 1829 exstat.

251 1878 460 1941 omnia
486 1886 844 1965 postremo
876 1900 1047 1964 quae
1077 1886 1329 1965 puncto
1361 1886 1664 1965 tempore
1695 1878 1910 1942 cernis

251 1990 570 2079 diffugere
590 2042 608 2069 ,
629 2001 708 2057 ut
731 1993 981 2058 fumum
1009 1993 1287 2057 nebulas
1316 1991 1748 2078 flammasque
1766 2042 1781 2068 ‚
1802 2001 2148 2058 necessest
2165 2042 2178 2067 ‚

250 2107 301 2172 si
326 2109 545 2172 minus
577 2108 863 2173 omnibu’
886 2116 1045 2172 sunt
1073 2129 1110 2171 e
1138 2107 1397 2172 levibus
1427 2114 1633 2192 atque
1661 2105 1972 2172 rutundis
1993 2157 2008 2183 ‚

249 2232 315 2285 at
337 2243 475 2285 non
506 2243 665 2285 esse
692 2229 915 2286 tamen
942 2223 1280 2309 perplexis
1308 2220 1702 2307 indupedita
1719 2271 1735 2297 ‚

116 2353 198 2399 460
244 2357 541 2423 pungere
570 2336 673 2400 uti
700 2336 968 2422 possint
997 2359 1243 2424 corpus
1269 2344 1762 2424 penetrareque
1794 2358 1945 2401 sese
1964 2387 1978 2413 ‚

252 2472 372 2515 nec
398 2459 630 2516 tamen
658 2450 937 2517 haerere
963 2452 1141 2517 inter
1169 2474 1276 2530 se3
1302 2451 1489 2537 quod
1517 2473 1800 2536 cumque
1827 2462 2225 2517 venenumst

248 2567 531 2631 sensibu’
550 2614 566 2642 ‚
592 2564 715 2630 sed
742 2588 965 2631 rarum
982 2615 998 2643 ,
1018 2566 1211 2633 facile
1239 2575 1317 2631 ut
1345 2588 1753 2653 cognoscere
1782 2567 2007 2653 possis

249 2702 378 2745 non
408 2703 447 2745 e
478 2681 819 2767 perplexis
848 2679 971 2744 sed
999 2684 1211 2747 acutis
1243 2703 1395 2745 esse
1424 2680 1769 2746 elementis
1789 2731 1802 2745 .

249 2794 367 2858 sed
395 2794 587 2881 quod
616 2816 841 2860 amara
866 2793 1060 2860 vides
1089 2795 1322 2863 eadem
1354 2817 1528 2881 quae
1557 2794 1805 2860 fluvida
1835 2806 2180 2869 constant,

116 2925 197 2970 ⁴65
247 2909 454 2975 sudor
479 2911 579 2974 uti
606 2909 806 2974 maris
838 2918 941 2974 est
957 2958 973 2985 ‚
1000 2911 1261 2975 minime
1288 2911 1585 2975 mirabile
1615 2911 1929 2976 habebis:

252 3045 405 3088 nam
435 3022 618 3110 quod
644 3022 937 3088 fluvidus
969 3033 1074 3088 est
1091 3074 1107 3099 ‚
1131 3046 1168 3088 e
1196 3025 1455 3090 levibus
1485 3034 1691 3112 atque
1719 3025 2028 3090 rutundis

252 3146 385 3214 est,
409 3148 477 3203 et
506 3138 743 3203 levibu’
772 3146 929 3203 sunt
956 3138 1223 3204 aliunde
1251 3139 1552 3205 admixta
1580 3138 1834 3204 doloris

250 3274 532 3341 corpora
550 3303 564 3317 .
589 3275 716 3317 nec
743 3260 965 3318 tamen
994 3254 1163 3319 haec
1190 3255 1464 3320 retineri
1491 3254 1761 3319 hamata
1787 3265 2235 3320 necessumst:

250 3368 497 3433 scilicet
527 3390 677 3433 esse
706 3368 988 3455 globosa
1018 3378 1239 3434 tamen
1259 3419 1273 3446 ,
1298 3391 1448 3433 cum
1478 3367 1784 3454 squalida
1813 3377 2155 3443 constent,

114 3496 197 3544 470
241 3484 545 3569 provolvi
573 3482 767 3547 simul
790 3491 871 3547 ut
896 3483 1161 3571 possint
1189 3493 1259 3549 et
1284 3483 1550 3549 laedere
1581 3505 1819 3548 sensus
1838 3532 1851 3546 .

245 3606 310 3662 et
336 3620 474 3684 quo
503 3598 714 3662 mixta
739 3606 941 3684 putes
967 3599 1179 3685 magis
1207 3620 1451 3685 aspera
1478 3599 1737 3663 levibus
1768 3619 1914 3662 esse

246 3712 617 3801 principiis,
637 3711 819 3776 unde
850 3720 955 3777 est
980 3711 1279 3802 Neptuni
1308 3736 1555 3800 corpus
1584 3714 1895 3779 acerbum
1915 3762 1930 3787 ‚

245 3836 343 3892 est
369 3828 546 3892 ratio
578 3826 972 3892 secernendi
1000 3850 1436 3915 seorsumque
1464 3827 1771 3894 videndi:

116 3953 194 3999 476
248 3941 481 4029 linquit
512 3943 685 4006 enim
716 3965 963 4029 supera
989 3944 1186 4008 taetri
1215 3942 1580 4029 primordia
1605 3945 1730 4007 viri

246 4176 338 4221 450
374 4187 509 4223 voce
532 4170 798 4224 ferantur.
835 4172 855 4241 ΙΙ
895 4179 991 4224 451
1020 4191 1085 4225 ex
1121 4174 1142 4241 ΙΙ
1180 4179 1277 4226 452
1303 4190 1532 4243 corpora
1566 4171 1588 4240 ΙΙ
1626 4179 1723 4226 453
1761 4172 1905 4243 quod
1939 4176 1959 4243 ΙΙ
1998 4179 2094 4226 455
2133 4171 2410 4243 perculsus
2449 4172 2468 4237 ΙΙ

248 4258 342 4305 458
376 4254 559 4307 omnia
607 4255 630 4322 ΙΙ
675 4259 776 4307 460
811 4272 962 4309 saxa.
1006 4256 1028 4325 ΙΙ
1077 4261 1173 4310 461
1214 4255 1483 4310 videmus.
1521 4256 1543 4325 ΙΙ
1590 4261 1688 4309 462
1725 4255 1966 4310 sedatum
2018 4256 2039 4324 ΙΙ
2087 4260 2184 4309 465
2223 4253 2410 4307 debet.
2449 4254 2468 4321 ΙΙ

248 4341 339 4389 467
376 4354 405 4389 e
436 4336 649 4393 levibus
685 4344 846 4409 atque
878 4338 1093 4393 rutundi
1141 4340 1162 4408 ΙΙ
1213 4343 1313 4393 468
1349 4340 1582 4393 retinere
1613 4340 1789 4393 hamat
1823 4356 2079 4393 necessu.
2116 4337 2138 4406 ΙΙ
2173 4343 2273 4391 469
2309 4355 2466 4391 cons-

249 4428 341 4471 tet.
378 4420 400 4487 u
436 4427 535 4474 471
580 4420 725 4491 quod
762 4420 784 4487 ΙΙ
822 4427 920 4476 476
946 4422 1124 4494 Inquit
1162 4423 1182 4489 ΙΙ
1218 4421 1422 4476 mordis
