3042 5192
564 440 704 508 230
1624 442 1726 510 VI

565 623 858 692 crescat,
880 616 994 680 ubi
1024 616 1092 678 in
1123 635 1397 703 campos
1427 617 1616 681 albas
1647 614 2059 681 descendere
2087 617 2369 705 ningues

567 731 850 794 tabificis
881 731 1128 816 subigit
1156 728 1361 794 radiis
1393 730 1497 795 sol
1527 733 1746 795 omnia
1775 731 2070 796 lustrans
2089 781 2103 795 .

650 844 847 909 Nunc
878 867 1000 932 age
1019 895 1034 921 ‚
1057 846 1326 910 Averna
1354 846 1475 909 tibi
1506 866 1679 930 quae
1709 846 1842 910 sint
1870 847 2022 912 loca
2049 867 2334 934 cumque
2363 850 2692 936 lacusque

572 960 920 1047 expediam
938 1009 954 1037 ‚
979 960 1158 1045 quali
1187 967 1428 1025 natura
1454 960 1765 1048 praedita
1793 970 2112 1027 constent
2130 1012 2143 1026 .

415 1090 513 1136 740
566 1074 893 1162 principio
914 1125 928 1152 ,
954 1098 1088 1161 quo
1119 1076 1388 1141 Averna
1414 1084 1748 1140 vocantur
1775 1077 2041 1141 nomine
2059 1125 2076 1153 ‚
2096 1075 2169 1140 id
2197 1078 2284 1143 ab
2311 1101 2387 1143 re

567 1190 999 1277 inpositumst
1015 1240 1030 1267 ‚
1055 1192 1212 1276 quia
1242 1200 1399 1257 sunt
1427 1192 1664 1256 avibus
1696 1192 2037 1256 contraria
2064 1193 2323 1258 cunctis
2343 1242 2360 1269 ‚

572 1326 607 1366 e
635 1306 908 1392 regione
938 1328 1018 1369 ea
1046 1306 1234 1391 quod
1260 1307 1411 1371 loca
1441 1329 1592 1372 cum
1618 1327 1867 1371 venere
1896 1305 2205 1372 volantes
2224 1357 2240 1382 ‚

569 1421 799 1506 remigi
829 1422 1073 1486 oblitae
1101 1444 1469 1507 pennarum
1497 1423 1649 1487 vela
1677 1423 2056 1496 remittunt,

568 1536 1104 1623 praecipitesque
1135 1536 1387 1602 cadunt
1411 1537 1593 1602 molli
1623 1537 1882 1600 cervice
1910 1536 2230 1625 profusae

416 1664 513 1709 745
570 1649 637 1711 in
667 1658 913 1715 terram
933 1702 948 1727 ‚
971 1653 1027 1717 si
1054 1652 1233 1717 forte
1261 1652 1356 1716 ita
1382 1652 1515 1717 fert
1543 1659 1785 1717 natura
1812 1651 2115 1716 locorum
2133 1700 2150 1728 ,

572 1771 690 1828 aut
717 1765 783 1829 in
813 1789 1085 1852 aquam,
1110 1776 1215 1832 cst
1244 1768 1301 1832 si
1328 1766 1505 1832 forte
1534 1768 1720 1832 lacus
1749 1767 2135 1832 substratus
2164 1768 2410 1832 Averni
2431 1817 2444 1830 .

570 1881 629 1943 is
656 1880 847 1946 locus
880 1891 985 1947 est
1014 1883 1256 1947 Cumas
1285 1890 1482 1969 aput,
1507 1883 1644 1946 acri
1674 1882 1949 1970 sulpure
1976 1889 2242 1947 montes

573 1996 826 2082 oppleti
859 1996 1089 2061 calidis
1118 1999 1233 2063 ubi
1259 1997 1519 2061 fumant
1546 1997 1847 2062 fontibus
1879 1997 2093 2075 aucti3

574 2117 680 2174 est
705 2119 785 2176 ut
812 2112 1174 2177 Athenaeis
1203 2114 1272 2177 in
1300 2114 1649 2177 moenibus
1667 2161 1682 2189 ‚
1706 2113 1879 2178 arcis
1906 2115 1977 2177 in
2005 2113 2157 2197 ipso

419 2239 516 2286 750
570 2227 821 2292 vertice
840 2277 855 2304 ‚
878 2227 1170 2292 Palladis
1199 2227 1290 2292 ad
1320 2228 1636 2316 templum
1665 2226 2037 2293 Tritonidis
2065 2227 2275 2291 almae
2293 2276 2308 2302 ‚

579 2361 712 2426 quo
742 2365 1102 2429 numquam
1130 2345 1368 2430 pennis
1400 2343 1747 2430 appellunt
1776 2364 2068 2428 corpora
2093 2363 2335 2406 raucae

576 2459 877 2522 cornices
897 2508 913 2535 ‚
934 2481 1071 2522 non
1103 2482 1252 2524 cum
1280 2460 1540 2524 fumant
1568 2457 1805 2522 altaria
1835 2456 2066 2522 donisz

573 2593 790 2657 usque
820 2572 991 2638 adeo
1021 2573 1309 2660 fugitant
1338 2596 1475 2638 non
1505 2575 1642 2637 iras
1671 2571 1967 2637 Palladis
1998 2573 2172 2637 acris

578 2687 879 2773 pervigili
909 2710 1145 2765 causa,
1170 2690 1440 2753 Graium
1472 2696 1551 2753 ut
1579 2689 1884 2753 cecinere
1912 2694 2156 2774 poetae
2174 2736 2190 2762 ‚

423 2817 522 2862 755
578 2800 702 2866 sed
729 2811 970 2868 natura
997 2804 1127 2869 loci
1156 2806 1222 2869 vi
1250 2806 1415 2869 ibus·
1432 2804 1641 2869 officit
1668 2804 1816 2891 ipsa
1846 2811 2086 2887 suapte
2105 2852 2119 2865 .

577 2918 646 2980 in
677 2918 875 3005 Syria
905 2942 1174 3006 quoque
1203 2919 1418 2985 fertur
1445 2922 1606 2984 item
1631 2919 1824 2983 locus
1855 2939 2008 2982 esse
2037 2915 2248 2981 videri
2267 2965 2283 2992 ,

578 3032 1031 3120 quadripedes
1063 3057 1334 3121 quoque
1366 3057 1499 3120 quo
1534 3033 1727 3099 simul
1756 3055 1836 3097 ac
1865 3033 2148 3118 vestigia
2173 3033 2455 3120 primum

577 3148 923 3214 intulerint
940 3199 955 3226 ‚
977 3151 1271 3236 graviter
1295 3152 1398 3214 vis
1429 3157 1633 3236 cogat
1661 3147 2019 3213 concidere
2046 3148 2196 3234 ipsa
2213 3197 2229 3224 ‚

578 3265 881 3328 manibus
911 3273 987 3328 ut
1015 3267 1071 3329 si
1098 3265 1174 3330 fit
1203 3264 1373 3330 divis
1400 3266 1710 3329 mactatu’
1740 3271 2023 3349 repente
2043 3312 2057 3326 .

425 3392 523 3438 700
579 3378 797 3442 omnia
828 3401 997 3464 quae
1027 3381 1314 3444 naturali
1340 3381 1601 3445 ratione
1630 3387 1955 3465 geruntur
1973 3428 1988 3452 ‚

586 3499 655 3555 et
686 3493 926 3577 quibus
960 3494 1186 3560 efflant
1215 3498 1436 3560 causis
1467 3501 1753 3582 apparet
1782 3495 2007 3579 orig03

582 3608 779 3671 ianua
806 3630 891 3672 ne
920 3608 1150 3674 Puteis
1183 3611 1341 3674 Orci
1370 3611 1757 3697 regionibus
1789 3629 1938 3673 esse

585 3721 930 3801 credatur,
951 3733 1112 3810 post
1139 3725 1297 3790 hinc
1327 3727 1580 3791 animas
1610 3724 2016 3789 Acheruntis
2044 3723 2114 3786 in
2145 3743 2301 3788 oras

585 3836 832 3902 ducere
860 3838 1035 3904 forte
1069 3839 1236 3905 deos
1266 3842 1474 3905 manis
1503 3840 1760 3904 inferne
1791 3860 2055 3903 reamur
2074 3887 2090 3913 ‚

594 4182 692 4230 736
728 4178 880 4232 albos
916 4178 1179 4233 decedere
1232 4180 1253 4249 ΙΙ
1309 4187 1406 4234 740
1445 4179 1590 4250 quod
1642 4182 1664 4250 ΙΙ
1719 4187 1815 4233 743
1855 4179 2104 4250 Remigio
2159 4180 2179 4246 ΙΙ
2234 4182 2334 4230 746
2372 4181 2457 4229 est
2489 4181 2727 4228 omissum·
2756 4173 2772 4230 ΙΙ

593 4263 861 4317 subiratus
901 4263 921 4331 ΙΙ
959 4271 1055 4317 747
1083 4267 1188 4317 ceri
1215 4265 1395 4335 suiper
1431 4266 1451 4334 ΙΙ
1491 4269 1591 4316 749
1617 4273 1669 4318 et
1706 4264 1727 4331 ΙΙ
1763 4264 1911 4335 piso.
1949 4263 1971 4332 ΙΙ
2010 4270 2108 4314 754
2134 4260 2332 4333 glaium
2367 4261 2390 4328 ΙΙ
2429 4265 2520 4311 755
2547 4254 2637 4307 loci
2660 4265 2773 4319 opus

591 4348 752 4402 efficit
800 4348 821 4417 ΙΙ
872 4355 970 4400 759
1007 4350 1113 4402 sint
1166 4350 1187 4416 ΙΙ
1234 4356 1459 4402 mactata
1508 4349 1529 4417 ΙΙ
1578 4356 1672 4401 761
1717 4368 1745 4402 e
1782 4350 1906 4403 fiant
1954 4348 1974 4416 ΙΙ
2022 4364 2220 4418 appare
2254 4347 2275 4413 ΙΙ
2317 4349 2415 4398 762
2451 4340 2610 4413 poteis
2641 4337 2660 4402 ΙΙ
2693 4336 2770 4384 ⁷⁶⁴¹

592 4432 797 4484 inferna
859 4457 872 4469 ·
1011 4449 1015 4453 ·
