3042 5192
610 427 750 495 246
1675 423 1776 492 VI

604 603 748 666 ibat
777 607 844 664 et
870 600 940 663 in
966 599 1176 685 partis
1205 599 1512 686 genitalis
1542 599 1847 685 corporis
1874 599 2091 685 ipsas.

607 724 677 781 et
703 716 997 802 graviter
1025 714 1268 801 partim
1294 721 1670 779 metuentes
1700 713 1922 778 limina
1947 713 2065 778 leti

603 833 922 898 vivebant
946 829 1128 895 ferro
1157 830 1403 917 privati
1428 837 1625 915 parte
1651 830 1824 893 virili
1841 877 1858 905 ‚

436 963 562 1010 1210
606 953 676 1011 et
716 946 1020 1010 manibus
1051 945 1193 1009 sine
1220 967 1361 1010 non
1387 944 1552 1010 nulli
1578 943 2001 1031 pedibusque
2029 947 2388 1012 manebant

608 1064 678 1126 in
705 1062 848 1126 vita
875 1067 1099 1125 tamen
1116 1108 1132 1136 ‚
1156 1066 1225 1124 et
1251 1058 1631 1145 perdebant
1656 1059 1905 1123 lumina
1930 1060 2207 1145 partim:

603 1198 821 1263 usque
850 1175 1022 1241 adeo
1052 1176 1287 1240 mortis
1314 1182 1534 1240 metus
1561 1175 1669 1239 his
1695 1175 2067 1239 incesserat
2094 1196 2249 1240 acer
2266 1226 2284 1239 .

603 1302 807 1379 atque
838 1293 1034 1357 etiam
1063 1289 1393 1377 quosdam
1422 1311 1665 1377 cepere
1693 1290 1941 1356 oblivia
1966 1312 2189 1355 rerum

603 1415 992 1473 cunctarum
1008 1455 1025 1485 ,
1044 1426 1267 1492 neque
1297 1427 1371 1470 se
1398 1413 1685 1493 possent
1712 1426 2124 1492 cognoscere
2152 1413 2229 1471 ut
2253 1406 2382 1493 ipsi
2402 1458 2416 1471 .

434 1542 575 1588 1215·
604 1524 945 1608 multaque
973 1520 1157 1585 humi
1186 1542 1334 1586 cum
1360 1520 1707 1586 inhumata
1731 1522 2031 1586 iacerent
2059 1542 2350 1608 corpora
2378 1544 2580 1609 supra

604 1638 1002 1724 corporibus
1019 1686 1035 1714 ‚
1056 1644 1282 1701 tamen
1311 1636 1586 1700 alituum
1614 1657 1826 1723 genus
1857 1644 2064 1722 atque
2091 1635 2382 1702 ferarum

601 1762 720 1818 aut
745 1752 984 1840 procul
1012 1751 1361 1838 apsiliebat
1377 1800 1393 1828 ‚
1415 1758 1493 1816 ut
1521 1773 1746 1816 acrem
1774 1753 2030 1817 exciret
2056 1750 2338 1817 odorem
2353 1802 2369 1828 ,

602 1876 720 1934 aut
736 1918 752 1946 ,
772 1868 889 1933 ubi
914 1874 1221 1955 gustarat
1237 1915 1254 1943 ‚
1276 1867 1640 1952 languebat
1671 1875 1889 1934 morte
1916 1868 2298 1953 propinqua
2316 1918 2329 1930 .

601 2006 726 2048 nec
754 1992 978 2048 tamen
1008 1982 1276 2046 omnino
1306 1989 1558 2048 temere
1581 1982 1712 2047 illis
1743 1982 1995 2048 solibus
2023 1981 2159 2046 ulla

434 2117 560 2165 1220
603 2099 1036 2187 comparebat
1065 2097 1206 2162 avis
1223 2145 1240 2173 ‚
1260 2117 1388 2161 nec
1416 2098 1637 2164 tristia
1665 2099 1888 2164 saecla
1912 2097 2204 2162 ferarum

602 2215 917 2280 excibant
942 2213 1157 2279 silvis:
1180 2211 1590 2298 languebant
1616 2214 1938 2300 pleraque
1965 2212 2202 2277 morbo

602 2337 671 2393 et
695 2329 1151 2395 moriebantur
1171 2376 1184 2391 .
1211 2350 1361 2393 cum
1387 2329 1616 2414 primis
1642 2326 1781 2394 fida
1808 2349 2046 2392 canum
2073 2327 2175 2391 vis

602 2451 817 2510 strata
843 2444 966 2509 viis
996 2443 1278 2508 animam
1304 2446 1603 2530 ponebat
1629 2446 1698 2508 in
1727 2444 2030 2509 omnibus
2061 2462 2292 2528 aegre:

601 2559 1053 2645 extorquebat
1082 2558 1253 2622 enim
1280 2559 1483 2624 vitam
1510 2560 1614 2625 vis
1641 2558 1947 2625 morbida
1973 2558 2283 2623 membris
2303 2608 2316 2621 .

428 2692 557 2739 1226
597 2695 725 2738 nec
753 2673 926 2737 ratio
954 2672 1206 2737 remedi
1234 2675 1597 2739 communis
1627 2681 1816 2738 certa
1844 2671 2165 2738 dabatur:

598 2810 753 2854 nam
782 2787 970 2874 quod
996 2788 1083 2853 ali
1112 2786 1395 2853 dederat
1419 2789 1639 2853 vitalis
1668 2789 1840 2854 aeris
1871 2808 2068 2854 auras

596 2904 870 2970 volvere
896 2903 967 2967 in
995 2924 1113 2968 ore
1143 2903 1343 2967 licere
1374 2910 1442 2967 et
1469 2903 1636 2968 caeli
1663 2903 1912 2989 templa
1937 2902 2112 2989 tueri
2129 2951 2146 2978 ‚

597 3020 732 3085 hoc
762 3018 905 3083 aliis
936 3026 1082 3083 erat
1110 3018 1312 3082 exitio
1342 3018 1682 3103 letumque
1710 3019 1996 3104 parabat
2012 3067 2027 3083 .

428 3153 553 3200 1230
669 3133 845 3199 Illud
869 3134 941 3198 in
968 3133 1075 3198 his
1104 3133 1307 3198 rebus
1336 3131 1787 3198 miserandum
1814 3154 2223 3220 magnopere
2249 3155 2453 3198 unum

597 3249 1045 3315 aerumnabile
1075 3255 1220 3313 erat
1235 3297 1251 3324 ‚
1274 3246 1463 3334 quod
1490 3248 1607 3315 ubi
1635 3269 1710 3313 se
1736 3249 2022 3334 quisque
2050 3246 2325 3314 videbat

595 3364 981 3451 implicitum
1008 3364 1245 3427 morbo
1264 3412 1281 3440 ‚
1302 3363 1501 3428 morti
1533 3362 1889 3429 damnatus
1918 3371 1995 3429 ut
2026 3371 2240 3439 esset,

598 3479 914 3544 deficiens
944 3480 1161 3543 animo
1190 3486 1446 3543 maesto
1477 3501 1628 3542 cum
1657 3477 1864 3544 corde
1892 3478 2154 3543 iacebat
2169 3527 2186 3555 ‚

595 3594 833 3660 funera
860 3601 1253 3678 respectans
1282 3594 1563 3658 animam
1592 3593 1939 3658 amittebat
1966 3591 2212 3659 ibidem
2232 3642 2246 3656 .

426 3728 552 3774 1235
599 3711 847 3797 quippe
878 3708 1118 3773 etenim
1146 3708 1330 3772 nullo
1361 3709 1721 3772 cessabant
1750 3716 2053 3794 tempore
2082 3708 2290 3793 apisci

596 3847 683 3899 ex
710 3826 853 3889 aliis
884 3824 1050 3888 alios
1080 3821 1262 3887 avidi
1289 3824 1603 3909 contagia
1628 3823 1875 3898 morbi,

426 3960 551 4005 1245
594 3941 926 4027 lanigeras
955 3947 1092 4003 tam
1121 3959 1320 4024 quam
1348 3937 1648 4024 pecudes
1679 3945 1748 4002 et
1775 3938 2027 4003 bucera
2056 3936 2274 4000 saecla
2294 3986 2307 3999 .

424 4076 548 4122 1237
594 4058 801 4144 idque
829 4055 937 4119 vel
964 4055 1032 4119 in
1060 4053 1288 4140 primis
1320 4054 1699 4118 cumulabat
1725 4052 1958 4116 funere
1986 4051 2188 4117 funus
2207 4101 2221 4114 .

593 4341 733 4388 >1212
770 4334 836 4386 iis
871 4333 1168 4385 incusserat
1216 4332 1237 4403 ΙΙ
1292 4338 1416 4385 1213
1455 4333 1590 4386 eiam
1627 4333 1649 4403 ΙΙ
1689 4342 1817 4389 1217
1856 4336 2056 4389 exciret
2091 4335 2112 4404 ΙΙ
2155 4340 2283 4388 1220
2321 4335 2397 4386 tia
2432 4334 2452 4403 ΙΙ
2494 4338 2606 4385 1221
2644 4326 2774 4381 Exie-

599 4419 727 4473 bant
764 4419 784 4485 ΙΙ
826 4421 956 4469 1228
991 4415 1120 4468 turi.
1159 4413 1180 4485 ΙΙ
1221 4422 1348 4470 1235
1387 4417 1602 4487 apiscit.
