3042 5192
574 441 665 507 24
1671 441 1702 508 Ι

564 623 871 679 naturam
905 612 1100 701 quam
1133 623 1317 680 totus
1344 615 1553 679 habet
1580 634 1787 700 super
1813 614 1987 700 ignis
2015 615 2346 681 haberent
2365 667 2379 679 .

413 748 510 793 650
569 731 786 794 acrior
815 729 1019 794 ardor
1050 731 1220 794 enim
1252 730 1607 795 conductis
1637 729 1941 816 partibus
1972 740 2188 806 esset,

568 844 945 931 languidior
972 868 1177 931 porro
1208 844 1503 909 disiectis
1534 843 1774 930 disque
1803 845 2093 931 supatis:

569 959 850 1046 amplius
878 960 1012 1024 hoc
1039 961 1180 1024 fieri
1211 961 1302 1024 nil
1332 968 1439 1024 est
1469 958 1656 1046 quod
1685 982 1890 1046 posse
1915 961 2126 1024 rearis

572 1074 813 1139 talibus
842 1076 911 1138 in
941 1077 1159 1140 causis
1178 1126 1193 1152 ‚
1216 1097 1302 1138 ne
1333 1075 1491 1139 dum
1518 1075 1846 1139 variantia
1874 1096 2096 1138 rerum

571 1198 760 1254 tanta
790 1199 992 1276 queat
1022 1189 1249 1255 densis
1276 1191 1580 1276 rarisque
1612 1212 1697 1253 ex
1723 1190 1986 1276 ignibus
2018 1211 2164 1253 esse
2186 1239 2199 1252 .

415 1322 512 1366 655
568 1304 637 1368 id
670 1326 939 1390 quoque
959 1355 975 1379 ‚
1000 1307 1056 1369 si
1084 1304 1333 1369 faciant
1362 1304 1729 1370 admixtum
1756 1306 1960 1369 rebus
1987 1306 2183 1369 inane
2203 1354 2219 1375 ,

572 1419 837 1483 denseri
866 1428 1189 1505 poterunt
1215 1422 1405 1505 ignes
1432 1421 1703 1505 rarique
1732 1421 2053 1506 relinqui:

571 1532 693 1597 sed
726 1534 882 1618 quia
908 1536 1116 1598 multa
1147 1535 1272 1597 sibi
1301 1544 1586 1599 cernunt
1615 1536 1950 1599 contraria
1980 1534 2221 1599 adesse

572 1656 640 1711 et
666 1646 955 1733 fugitant
980 1646 1050 1712 in
1088 1650 1291 1713 rebus
1330 1650 1528 1713 inane
1568 1649 1946 1733 relinquere
1974 1672 2216 1735 purum
2236 1699 2251 1725 ‚

572 1761 783 1826 ardua
814 1761 974 1825 dum
1001 1771 1308 1828 metuunt
1324 1813 1339 1839 ‚
1362 1765 1675 1828 amittunt
1702 1785 1863 1828 vera
1890 1766 2055 1839 viai,

416 1894 514 1940 660
568 1899 695 1940 nec
724 1900 986 1942 rursum
1018 1887 1300 1943 cernunt
1328 1888 1640 1967 exempto
1671 1880 1873 1944 rebus
1901 1881 2081 1943 inani

573 1994 793 2057 omnia
824 1991 1089 2058 denseri
1118 1994 1394 2080 fierique
1427 2017 1509 2059 ex
1542 1995 1848 2060 omnibus
1877 2017 2080 2059 unum

573 2130 819 2193 corpus
839 2157 853 2182 ‚
876 2108 969 2171 nil
997 2108 1082 2171 ab
1113 2130 1187 2172 se
1218 2109 1406 2194 quod
1436 2110 1654 2195 possit
1682 2112 1947 2175 mittere
1975 2111 2256 2196 raptim3

573 2222 841 2287 aestifer
868 2222 1039 2308 ignis
1070 2224 1166 2287 uti
1194 2224 1417 2288 lumen
1446 2226 1605 2289 iacit
1633 2233 1838 2310 atque
1868 2247 2190 2310 vaporem
2210 2275 2226 2297 ‚

572 2346 647 2401 ut
674 2337 908 2403 videas
938 2361 1075 2402 non
1106 2360 1142 2401 e
1173 2339 1438 2424 stipatis
1465 2340 1774 2424 partibus
1807 2361 1956 2404 esse
1975 2390 1990 2402 .

418 2470 516 2513 665
576 2453 763 2537 quod
794 2455 848 2517 si
878 2452 1055 2517 forte
1084 2454 1213 2517 alia
1243 2451 1540 2543 credunt
1557 2454 1818 2517 ratione
1845 2462 2123 2539 potesse

571 2568 741 2651 ignis
771 2569 837 2631 in
869 2576 1068 2631 coetu
1099 2568 1345 2653 stingui
1374 2575 1768 2651 mutareque
1798 2589 2046 2653 corpus
2065 2616 2081 2643 ‚

576 2682 829 2746 scilicet
848 2732 863 2757 ‚
888 2704 972 2745 ex
1000 2683 1183 2746 nulla
1210 2681 1433 2745 facere
1463 2680 1536 2744 id
1565 2682 1618 2744 si
1651 2689 1845 2767 parte
1874 2691 2230 2767 reparcent
2249 2732 2265 2755 ‚

575 2796 841 2861 occidet
869 2796 959 2860 ad
987 2798 1224 2873 nilum,
1247 2797 1315 2861 ni
1343 2798 1577 2861 mirum
1596 2845 1612 2870 ‚
1635 2795 1936 2861 funditus
1966 2795 2172 2861 ardor

575 2913 787 2976 omnis
817 2921 885 2977 et
915 2934 949 2976 e
982 2913 1114 2977 nilo
1144 2912 1307 2976 fient
1338 2933 1510 2998 quae
1556 2933 1840 2998 cumque
1870 2921 2218 2976 creantur:

420 3043 518 3089 670
574 3040 727 3091 nam
759 3026 945 3113 quod
975 3049 1260 3113 cumque
1290 3029 1428 3091 suis
1458 3036 1783 3091 mutatum
1811 3026 2053 3099 finibus
2086 3028 2224 3091 exit
2243 3077 2258 3102 ,

577 3144 893 3208 contiuuo
923 3143 1056 3208 hoc
1084 3165 1264 3208 mors
1298 3151 1403 3207 est
1429 3143 1603 3207 illius
1634 3141 1822 3228 quod
1849 3141 1973 3206 fuit
2000 3151 2155 3207 ante
2177 3194 2190 3207 .

575 3256 859 3342 proinde
888 3258 1122 3343 aliquit
1150 3279 1472 3344 superare
1500 3279 1779 3321 necesse
1811 3265 1915 3321 est
1944 3258 2271 3321 incolume
2302 3258 2450 3322 ollis
2471 3307 2486 3333 ‚
2533 3314 2536 3317 .

575 3392 661 3433 ne
690 3372 810 3435 tibi
838 3393 947 3435 res
976 3371 1259 3435 redeant
1286 3371 1377 3433 ad
1404 3372 1608 3433 nilum
1635 3369 1941 3434 funditus
1973 3392 2203 3435 omnes

581 3484 666 3548 de
695 3485 965 3569 niloque
993 3492 1231 3549 renata
1257 3485 1559 3570 vigescat
1588 3485 1782 3570 copia
1813 3506 2032 3549 rerum
2051 3535 2064 3549 .

425 3616 523 3661 675
580 3621 758 3663 nunc
784 3600 987 3685 igitur
1018 3599 1331 3685 quoniam
1362 3599 1731 3663 certissima
1759 3620 2048 3685 corpora
2078 3601 2406 3686 quaedam

580 3722 737 3777 sunt
754 3762 771 3789 ‚
795 3735 969 3798 quae
999 3721 1404 3778 conservant
1430 3720 1740 3777 naturam
1768 3735 2030 3801 semper
2061 3714 2339 3779 eandem
2360 3766 2375 3789 ‚

583 3850 866 3912 quorum
896 3828 1077 3893 abitu
1109 3837 1226 3893 aut
1255 3827 1441 3892 aditu
1470 3836 1864 3914 mutatoque
1896 3829 2131 3894 ordine
2160 3838 2421 3894 mutant

580 3951 887 4008 naturam
919 3965 1028 4008 res
1061 3953 1127 4008 et
1159 3951 1560 4007 convertunt
1590 3965 1878 4031 corpora
1909 3966 2056 4009 sese
2076 3994 2090 4019 ‚

586 4159 590 4163 .
600 4158 657 4163 ..—
746 4160 757 4163 -
792 4160 839 4164 —
944 4159 986 4166 «ψ,

592 4255 691 4300 649
729 4250 976 4304 haberet.
1014 4252 1034 4320 ΙΙ
1073 4258 1163 4305 651
1198 4252 1488 4324 Langidior
1513 4256 1534 4322 ΙΙ
1562 4260 1657 4306 657
1697 4272 1873 4308 muse.
1902 4256 1921 4323 ΙΙ
1949 4262 2046 4307 659
2087 4273 2177 4308 vcr
2202 4256 2342 4309 aula.
2380 4256 2401 4324 ΙΙ
2440 4261 2538 4310 660
2577 4258 2753 4309 inane.
2791 4258 2810 4321 ff!

594 4337 692 4383 662
732 4334 925 4403 raptiS.
965 4335 987 4401 ΙΙ
1023 4340 1120 4387 665
1158 4336 1262 4387 mia
1296 4336 1318 4404 ΙΙ
1354 4341 1454 4388 666
1492 4346 1676 4391 coetus
1715 4336 1735 4405 ΙΙ
1772 4356 2086 4409 musarcquc
2122 4340 2143 4407 ΙΙ
2182 4344 2281 4392 668
2307 4339 2544 4395 sunditm·
2568 4341 2750 4394 arbor.
2791 4340 2809 4405 Η

593 4421 692 4468 669
731 4434 760 4467 0
794 4427 1059 4473 οιηίεειιηι.
1101 4418 1122 4486 ΙΙ
1162 4425 1259 4471 670
1297 4426 1590 4473 mutuatum
1630 4422 1649 4489 ΙΙ
1689 4428 1787 4474 674
1827 4423 2058 4475 vivescat
