3042 5192
1332 406 1430 473 v1
2267 494 2274 499 ⁶
2356 408 2493 475 407

274 576 563 662 denique
592 579 864 663 gentilia
894 628 909 654 ‚
949 587 1025 643 ut
1055 578 1219 666 Syra
1251 628 1268 659 ‚
1309 581 1376 643 in
1407 580 1787 644 Mercatore
1817 601 1904 653 ιν,
1923 581 1979 657 5,
1997 581 2036 643 6
2065 581 2329 646 Adsta're
2357 593 2494 647 ante

269 677 436 739 aedi-3
454 725 467 737 .
501 678 701 763 Sy'ra:
741 679 876 763 quis
905 688 991 740 esc
1016 678 1122 763 qui
1148 680 1247 740 me
1271 689 1442 741 vocat
1465 676 1496 740 2
1538 686 1604 741 et
1633 678 1906 763 propria
1937 679 2125 763 quasi
2155 700 2240 742 ex
2270 677 2488 742 adiec-

269 772 419 837 tivis
461 775 819 859 gentilibus
851 824 867 851 ,
914 782 988 839 ut
1028 776 1151 838 Ilia
1190 775 1432 850 Ennii,
1480 776 1703 861 Pythia
1731 775 2019 839 Lucretii
2048 824 2063 849 ‚
2112 777 2334 842 Lesbia
2366 778 2489 842 Ca-

266 871 410 933 tulli
441 922 453 934 .
497 874 842 958 regionum
873 894 1140 957 quoque
1174 873 1439 937 nomina
1466 874 1552 936 ab
1587 896 1709 937 usu
1741 873 2000 937 Graeco
2033 870 2488 950 descirerant‚

266 976 341 1031 ut
369 969 666 1056 Bithynia
695 971 937 1035 Acha’ia
959 996 984 1053 ;
1027 972 1183 1035 item
1214 970 1542 1035 adieetiva
1572 973 1821 1045 omnia,
1861 979 1938 1035 ut
1967 971 2382 1051 Rhamnusia,
2411 981 2489 1036 ut

268 1066 557 1132 Lernaea
582 1117 601 1148 ‚
643 1076 717 1132 ut
738 1070 904 1157 fides
943 1070 1214 1155 Gyllem'a
1247 1118 1260 1131 .
1302 1077 1644 1156 postremo
1673 1069 2012 1133 Philomela
2036 1118 2054 1149 ‚
2099 1069 2285 1154 quod
2315 1068 2482 1134 Ver-

260 1163 455 1247 gilius
486 1175 553 1230 et
575 1165 855 1230 Ovidius
887 1166 1287 1254 corripiunt,
1305 1157 1709 1251 'antiquioris
1741 1172 2013 1253 poetae,
2043 1165 2331 1231 fortasse
2353 1169 2482 1231 Ac-

265 1261 345 1324 cii
378 1310 393 1337 ‚
437 1284 661 1327 errore
691 1265 1024 1328 invectum
1052 1265 1358 1350 suspicor
1377 1313 1390 1326 .
1434 1264 1700 1328 Ionicae
1729 1271 1951 1327 autem
1977 1264 2195 1328 vocali
2225 1312 2240 1340 ,
2287 1286 2484 1349 quam

261 1358 743 1447 Hertzbergius
783 1362 873 1426 ad
901 1361 1323 1447 Propertium
1352 1384 1423 1438 11,
1448 1362 1541 1436 14,
1561 1362 1599 1425 5
1629 1362 1842 1438 111,19,
1866 1362 1942 1425 19
1979 1363 2200 1447 poetis
2227 1362 2483 1426 Latinis

260 1458 329 1520 in
372 1479 534 1522 casu
574 1467 763 1523 recto
807 1459 1248 1546 producendo
1290 1461 1499 1523 solam
1530 1459 1842 1524 concedit
1868 1508 1884 1536 ‚
1925 1460 1994 1523 in
2021 1459 2243 1523 multis
2272 1481 2355 1522 ne
2383 1461 2480 1525 lo-

260 1577 381 1620 cus
415 1556 682 1640 quidem
712 1566 819 1621 est
847 1606 863 1633 ,
902 1579 1123 1642 neque
1153 1556 1467 1621 credibile
1497 1567 1602 1622 est
1633 1579 1712 1621 ea
1737 1559 1933 1621 unice
1962 1579 2123 1621 usos
2156 1579 2305 1621 esse
2336 1559 2480 1643 qui-

259 1655 387 1731 bus
412 1656 852 1720 Andromedan
881 1655 1186 1741 Glyceran
1208 1654 1471 1719 Phthiam
1508 1655 1872 1742 Glaphyran
1901 1656 2158 1720 Malean
2187 1656 2482 1720 Electran

259 1751 485 1815 dicere
523 1751 817 1839 placuit;
860 1753 1251 1837 praesertim
1292 1775 1438 1816 cum
1481 1775 1562 1817 ea
1593 1776 1762 1839 quae
1792 1753 2027 1818 Latine
2058 1752 2494 1840 corripienda,

259 1859 454 1913 crant
482 1851 812 1914 rarissime
841 1849 929 1914 ad
954 1851 1187 1913 Ionum
1217 1873 1467 1914 morem
1486 1850 1732 1919 inflexa
1753 1851 2226 1937 produxerint,
2255 1858 2333 1915 ut
2360 1850 2478 1915 ad-

256 1947 499 2010 iectiva
540 1949 811 2030 gentilia
840 1997 856 2023 ‚
886 1947 1221 2033 Vergilius
1264 1952 1461 2014 Aonie
1503 1951 1829 2035 Ayanippe
1853 1998 1873 2029 ,
1916 1949 2172 2014 Statius
2211 1950 2478 2034 Paphie,

259 2045 537 2130 Paphien
562 2046 922 2110 Columella
945 2055 1012 2111 et
1034 2047 1361 2110 Martialis
1375 2095 1390 2121 ‚
1414 2047 1612 2110 Silius
1643 2046 1888 2133 Ortyyie
1906 2047 2241 2124 Arethusa,
2271 2045 2477 2109 idem-

257 2164 389 2227 que
418 2192 433 2218 ,
472 2152 549 2207 ut
578 2152 743 2230 puto
772 2191 786 2218 ,
823 2145 966 2207 urbs
996 2145 1317 2230 Syracosia·
1344 2168 1479 2218 xm
1497 2145 1638 2220 277,
1666 2146 1780 2207 ubi
1809 2145 2190 2207 membrana
2218 2144 2323 2206 cui
2354 2144 2480 2207 soli

256 2240 425 2306 fides
458 2242 801 2327 Syme-osae
820 2290 833 2303 .
873 2243 1057 2305 cuius
1087 2244 1350 2326 generis
1378 2263 1515 2305 non
1546 2242 1751 2305 multo
1781 2242 1977 2326 plura
2006 2241 2112 2305 his
2139 2242 2475 2306 invenien-

256 2348 364 2403 tur
391 2365 408 2415 ς
451 2339 577 2403 nisi
608 2338 794 2424 quod
823 2340 1078 2403 Statius
1098 2388 1113 2414 ‚
1156 2341 1271 2423 qui
1301 2361 1448 2402 cum
1478 2340 1966 2424 antiquioribus
1994 2338 2317 2424 produxit
2344 2342 2477 2405 Ne-

256 2462 389 2502 mea
420 2438 709 2502 Pasithea
747 2438 941 2522 Teyea
973 2437 1188 2502 sslalea
1218 2437 1433 2502 Midea
1462 2487 1478 2514 ,
1518 2460 1668 2502 cum
1696 2437 2036 2524 Polynicis
2075 2459 2247 2501 uxor
2275 2440 2477 2523 Arqia

254 2542 443 2600 recto
475 2557 637 2599 casu
668 2533 956 2599 dicenda
985 2542 1196 2609 esset,
1238 2560 1279 2599 a
1308 2536 1708 2621 quinquiens
1736 2534 2060 2620 produxit
2084 2535 2154 2597 in
2181 2535 2352 2600 libro
2375 2558 2474 2598 xn

255 2633 645 2699 Thebaidos
662 2682 679 2709 ,
706 2635 864 2697 item
884 2636 1128 2719 Aryian
1153 2634 1221 2696 in
1245 2656 1332 2709 w,
1350 2634 1464 2708 91,
1492 2635 1685 2698 nimis
1710 2634 2115 2698 Graecanico
2132 2680 2149 2707 ,
2180 2632 2303 2697 sed
2331 2633 2475 2697 sine

252 2733 479 2797 littera
498 2733 758 2807 Ionica,
786 2731 1095 2816 idemque
1125 2756 1164 2795 a
1185 2732 1373 2796 brevi
1403 2734 1700 2818 septiens
1722 2734 1925 2817 Aryia
1949 2733 2018 2796 in
2048 2754 2100 2796 11
2127 2755 2207 2796 111
2236 2754 2309 2795 XI
2337 2753 2437 2795 xn
2460 2781 2473 2794 .

252 2831 419 2895 haec
464 2829 662 2916 paulo
707 2830 1032 2894 curiosius
1076 2829 1428 2894 tractanda
1468 2832 1704 2915 putavi
1732 2879 1748 2906 ‚
1789 2839 1866 2895 ut
1907 2838 1975 2894 et
2015 2831 2472 2915 grammatico-

254 2952 397 2994 rum
442 2929 779 2992 levitatem
833 2936 1135 2992 notarem
1182 2936 1249 2991 et
1288 2930 1356 2992 in
1398 2927 1693 2992 Lucretii
1734 2949 1935 2999 versu
1975 2927 2130 2991 huic
2174 2928 2471 2991 nomina-

253 3031 389 3093 tivo
415 3079 431 3105 ‚
484 3029 597 3113 qui
640 3035 745 3090 est
786 3027 1090 3090 ambrosia
1117 3074 1137 3105 ,
1179 3024 1377 3088 fidem
1416 3026 1703 3090 facerem
1738 3075 1751 3089 .
1794 3046 1945 3088 nam
1985 3026 2296 3109 genetivo
2341 3049 2471 3089 am-

251 3128 482 3192 brosias
508 3124 721 3189 forma
751 3125 1012 3187 Graeca
1038 3124 1218 3187 hunc
1246 3130 1513 3210 poetam
1544 3122 1795 3187 dixisse
1822 3144 1963 3187 non
1992 3122 2196 3187 credo
2216 3172 2231 3198 ‚
2262 3124 2375 3208 qui
2403 3124 2472 3185 in

250 3226 427 3310 paris
477 3222 886 3287 condicionis
926 3221 1256 3286 vocabulo
1298 3221 1682 3286 harmoniam
1723 3230 1792 3285 et
1817 3222 2165 3286 harmoniai
2194 3220 2469 3285 dixerit.

252 3331 546 3388 ceterum
591 3320 959 3385 sententiae
1001 3327 1284 3404 uterque
1325 3341 1522 3384 casus
1564 3340 1776 3404 aeque
1824 3319 2136 3383 convenit
2166 3368 2181 3394 ‚
2240 3319 2471 3383 ablati-

252 3444 375 3485 vus
415 3428 640 3485 autem
677 3441 817 3483 non
859 3418 1216 3482 convenit:
1272 3439 1424 3481 nam
1465 3419 1718 3482 oleaster
1754 3437 1972 3501 neque
2016 3417 2348 3480 ambrosia
2403 3426 2471 3480 et

253 3530 523 3585 nectare
554 3520 748 3609 effluit
773 3539 992 3603 neque
1022 3524 1099 3581 ut
1123 3517 1447 3581 Lambino
1477 3517 1687 3579 visum
1721 3522 1826 3579 est
1853 3513 2108 3602 diffluit,
2141 3513 2265 3577 sed
2289 3513 2470 3578 forte

253 3619 474 3709 affluat
500 3644 524 3700 ,·
565 3639 782 3701 neque
823 3616 999 3680 idem
1032 3625 1307 3680 nectare
1336 3623 1452 3679 aut
1480 3612 1814 3677 ambrosia
1843 3612 2031 3696 quasi
2064 3612 2290 3676 colore
2319 3615 2467 3676 tinc-

250 3727 340 3780 tus
383 3725 488 3781 est
518 3764 531 3778 .
590 3714 794 3778 nihilo
849 3715 1063 3777 minus
1108 3715 1276 3778 haec
1319 3715 1721 3798 interpretes
1762 3711 2092 3795 patienter
2142 3711 2469 3786 tulerunt,

255 3837 399 3877 cum
455 3835 721 3877 manum
765 3820 1008 3900 poetae
1048 3812 1311 3876 minima
1350 3830 1558 3897 opera
1595 3809 1947 3872 restituere
1987 3817 2268 3893 possent
2309 3809 2467 3872 scri-

254 3911 475 3976 bendo
521 3911 763 4001 Efflual
800 3911 1105 3975 ambrosia
1145 3910 1287 3993 (vel
1328 3908 1698 3989 ambrosiae)
1756 3908 1935 3993 qua-si
1984 3931 2120 3971 vere
2173 3918 2228 3970 ec
2276 3929 2480 3970 Nec--

257 4012 470 4073 ‘ram'
515 4032 861 4074 macrus
896 4057 909 4071 .
971 4007 1243 4092 capellis
1298 4008 1469 4071 enim
1514 4005 1679 4091 quid
1722 4005 1932 4089 magis
1975 4005 2318 4091 proprium
2363 4012 2469 4067 est

255 4106 482 4171 linctu?
517 4115 586 4171 et
613 4106 747 4170 hoc
773 4107 1104 4171 vocabulo
1133 4127 1271 4169 non
1300 4106 1501 4169 modo
1532 4104 1785 4168 Plinius
1813 4125 1974 4166 usus
2004 4109 2111 4165 est
2136 4149 2152 4175 ‚
2193 4100 2315 4163 sed
2346 4122 2466 4186 po-

257 4204 379 4268 tuit
409 4206 585 4269 omni
613 4213 916 4292 tempore
946 4205 1163 4289 quivis
1194 4205 1291 4268 uti
1323 4253 1336 4265 .
1381 4203 1550 4267 haec
1578 4201 1718 4265 fere
1750 4199 2089 4286 disputavi
2128 4198 2195 4261 in
2232 4203 2467 4283 proec-

257 4300 403 4367 dosi
434 4351 449 4379 ,
495 4324 665 4389 quae
694 4302 873 4367 facta
902 4310 1007 4366 est
1036 4324 1211 4366 anno
1242 4323 1647 4367 mocccxmm
1684 4298 1792 4361 die
1821 4319 1986 4361 xxw
2013 4295 2159 4359 Iulii
2188 4344 2204 4370 ,
2250 4316 2468 4380 neque

255 4420 428 4464 nunc
455 4409 639 4465 muto
659 4449 672 4464 .
706 4399 829 4465 sed
851 4400 1149 4484 quamvis
1172 4408 1354 4464 recte
1378 4400 1683 4463 ambrosia
1704 4395 1966 4459 dicatur
1989 4394 2215 4459 ultima
2239 4393 2436 4479 longa
2454 4442 2469 4468 ‚
