3042 5192
1124 493 1540 539 EMENDATIO
2353 474 2439 544 15

208 640 563 718 Nardium,
578 641 1022 707 Michahelem
1032 642 1321 732 Fayuin,
1335 645 1573 710 volens
1601 647 2161 730 Ρηθῡοιιιιίὺωιιι,
2195 669 2441 735 operae

208 744 496 828 pretium
526 748 634 805 est
660 749 899 805 notare
928 741 1239 807 stolidam
1277 751 1665 807 nostrorum
1694 744 2124 828 patientiam,
2158 766 2292 830 qua
2320 768 2443 835 per

206 847 310 903 tot
352 859 606 914 annos,
638 838 771 903 hoe
813 847 917 903 est
954 839 1112 904 inde
1157 862 1197 905 a
1243 841 1395 906 1801
1435 848 1504 905 et
1539 839 1730 917 1828,
1767 841 2254 937 exemplaribus
2294 866 2441 909 cor·

206 938 656 1049 ruptissimis,
695 959 979 1023 quorum
1006 959 1251 1024 magna
1291 960 1450 1026 pars
1478 960 1699 1024 neque
1738 940 2034 1025 intellegi
2064 949 2300 1026 posset
2326 965 2440 1006 ne-

207 1057 339 1121 que
379 1035 525 1099 ab
506 1036 672 1122 ipsis
714 1036 1102 1100 auctoribus
1152 1036 1490 1101 intellecta
1542 1045 1760 1112 esset,
1795 1045 2132 1123 tamquam
2177 1041 2441 1125 optimis

207 1134 306 1198 usi
349 1134 489 1197 sint
527 1139 731 1218 atque
772 1134 1213 1219 integerrimis
1233 1185 1247 1198 .
1279 1135 1348 1199 in
1388 1156 1523 1220 quo
1565 1136 1619 1200 si
1666 1156 1838 1221 quos
1864 1136 2043 1200 forte
2070 1136 2441 1202 Eichstadii

208 1231 493 1296 nominis
520 1229 735 1316 gloria
764 1231 1094 1316 quaedam
1124 1231 1426 1320 decepit,
1450 1239 1633 1297 certe
1662 1235 2182 1298 mercennariam
2210 1233 2440 1299 Forbi·

206 1330 344 1415 geri
388 1349 700 1416 operam,
722 1329 790 1392 in
822 1351 955 1415 qua
983 1351 1203 1416 neque
1242 1331 1415 1394 ratio
1443 1330 1581 1394 ulla
1611 1339 1791 1395 esset
1819 1352 2038 1417 neque
2068 1330 2409 1417 diligentia
2426 1381 2442 1408 ,

207 1435 639 1492 contemnere
683 1424 1023 1493 debebant
1040 1477 1055 1492 .
1101 1430 1331 1514 itaque
1370 1428 1554 1492 volui
1597 1428 2070 1493 documentum
2111 1437 2408 1494 statuere
2427 1478 2443 1505 ,

208 1526 448 1611 nequis
490 1525 639 1610 pari
676 1528 1062 1611 arrogantia
1100 1547 1213 1590 res
1254 1546 1531 1612 magnas
1579 1533 1783 1611 atque
1826 1519 2127 1591 difficiles
2147 1576 2163 1604 ,
2201 1528 2442 1613 quibus

206 1645 275 1688 se
305 1625 628 1709 imparem
658 1624 863 1688 sciret
878 1673 894 1699 ‚
930 1624 1274 1710 suscipere
1303 1623 1587 1689 auderet
1603 1673 1618 1687 .
1662 1622 1786 1688 sed
1826 1624 2066 1689 horum
2108 1625 2441 1710 pravitate

209 1722 459 1785 omissa
501 1720 659 1785 licet
698 1720 858 1785 mihi
897 1721 965 1785 in
1005 1743 1128 1808 spe
1168 1722 1349 1786 laeta
1389 1730 1708 1807 certaque
1744 1722 1941 1786 finem
1980 1722 2204 1787 facere
2246 1744 2440 1810 prae-

207 1818 395 1884 fandi
414 1868 430 1894 ,
452 1839 588 1904 qua
617 1816 861 1884 ductus
889 1819 1183 1884 futurum
1214 1841 1511 1905 auguror
1538 1826 1618 1884 ut
1631 1819 1925 1885 Lucretii
1947 1842 2214 1886 carmen
2234 1822 2439 1886 inter-

212 1919 591 2005 pretatione
620 1916 923 1982 doctiore
951 1917 1325 1983 illustretur
1342 1967 1358 1993 ,
1392 1919 1580 1982 cuius
1610 1940 1758 1983 cum
1786 1919 1854 1982 in
1895 1919 2182 1984 hominis
2222 1920 2440 1984 cuius-

210 2017 363 2081 dam
409 2016 658 2102 egregii
692 2014 933 2080 studiis
972 2014 1339 2081 iandudum
1373 2017 1658 2082 maxima
1692 2025 2003 2082 versatur
2038 2018 2441 2106 expectatiO,

212 2127 347 2179 tum
377 2135 594 2203 nuper
623 2114 957 2199 specimen
998 2135 1159 2178 sane
1201 2114 1611 2179 luculentum
1638 2114 1968 2200 Iosephus
1997 2114 2442 2179 Reisackerus

210 2214 400 2280 dedit
425 2215 494 2278 in
522 2214 939 2279 Lucretianis
983 2213 1490 2299 quaestionibus
1518 2212 1796 2277 Bonnae
1834 2233 2061 2276 mense
2088 2212 2443 2277 Decembri

210 2315 363 2379 anni
399 2313 559 2379 1847
593 2310 821 2377 editis.
858 2312 1121 2376 interim
1160 2332 1289 2375 nos
1328 2319 1407 2375 ut
1435 2311 1805 2398 poterimus
1834 2309 2283 2397 perpoliemus
2310 2309 2444 2375 hoc

210 2433 475 2477 carmen
497 2462 513 2488 ,

374 2512 529 2587 ι,1.
576 2511 1041 2574 AENEADUM
1089 2531 1514 2573 omum-mx
1555 2510 1660 2573 ubi
1691 2510 1941 2595 pm‘ma,
1976 2516 2054 2573 ut
2096 2507 2257 2573 dicit
2286 2506 2444 2573 Ovi-

211 2610 359 2675 dius
398 2610 467 2674 in
510 2608 799 2673 tristium
841 2608 1011 2673 libro
1055 2630 1139 2683 11,
1176 2607 1331 2672 261.
1372 2609 1440 2672 in
1482 2629 1619 2692 quo
1662 2607 1811 2694 ipso
1854 2606 2218 2694 principio,
2256 2604 2445 2691 quod

212 2708 548 2773 Ausonius
603 2706 882 2771 inseruit
940 2706 1391 2791 epigrammati
1436 2705 1517 2769 33
1551 2754 1567 2780 ,
1603 2705 1663 2769 is
1711 2706 1824 2790 qui
1869 2727 1947 2771 se
1988 2706 2445 2770 recensionem

208 2802 1170 2872 Bentleio-Wakefieldianam
1214 2804 1404 2889 sequi
1448 2803 1803 2890 profitetur
1821 2852 1837 2879 ‚
1873 2803 2112 2867 horum
2153 2811 2445 2889 utroque

209 2912 442 2992 spreto
495 2902 765 2989 scripsit
813 2903 1075 2967 naviter
1123 2902 1485 2966 Aeneadmn
1521 2902 1791 2986 yem'tvix
1820 2950 1834 2964 .
1894 2900 2018 2966 sed
2060 2902 2326 2966 Probus
2376 2901 2444 2965 in

207 3013 353 3067 arte
380 3002 639 3068 minore
667 3023 735 3087 p.
749 3000 873 3065 249
900 3000 1075 3077 Mai,
1099 3000 1291 3086 quasi
1319 2999 1497 3063 hanc
1526 2997 1832 3063 vocabuli
1861 2998 2143 3063 formam
2170 3019 2255 3062 ne
2284 3020 2442 3062 nos-

208 3110 312 3166 set
356 3097 665 3186 quidem,
701 3099 1031 3185 quaesivit
1072 3118 1206 3184 qua
1250 3096 1335 3161 de
1382 3115 1587 3161 causa
1609 3097 1846 3180 yenitor
1871 3117 1996 3181 per
2022 3097 2048 3158 i
2077 3102 2147 3159 et
2167 3097 2445 3180 genem-ix

207 3221 329 3285 per
369 3223 405 3262 e
446 3197 735 3262 litteram
782 3197 1220 3261 scriberetur.
1257 3193 1491 3259 eadem
1537 3193 1844 3279 quaestio
1888 3193 2107 3258 locum
2143 3192 2393 3257 habet'
2376 3214 2445 3255 ιιι

201 3299 477 3383 qenetivo
520 3304 589 3360 et
609 3296 866 3381 genitali
892 3296 1001 3360 vel
1023 3296 1350 3381 yenitma.
1384 3315 1540 3358 nam
1572 3293 1879 3385 ymetalia
1917 3290 2257 3356 Charisius
2284 3312 2349 3374 p.
2363 3288 2444 3353 28

208 3415 543 3480 quaenam
573 3415 767 3459 sacra
798 3392 979 3458 dicat
1005 3393 1268 3469 nesci0,
1304 3392 1432 3457 nisi
1468 3390 1647 3456 forte
1689 3391 1973 3476 yenealia
2012 3389 2222 3475 rvxaia
2272 3409 2446 3473 quae

207 3492 680 3581 appellantur
662 3514 731 3556 ιιι
760 3490 1275 3557 Vindobonensi
1314 3490 1895 3578 grammaticorum
1924 3488 2182 3574 sylloge
2212 3508 2275 3572 p.
2292 3487 2446 3561 100,

198 3594 477 3678 qenialo’a
530 3589 609 3655 τὲ
654 3612 828 3677 τγχιαι
858 3591 929 3656 in
971 3590 1302 3677 glossario
1360 3588 1760 3663 Philoxeni,
1821 3608 1993 3673 quae
2043 3583 2132 3649 ad
2180 3585 2444 3670 genium

206 3691 336 3756 loci
375 3697 725 3778 spectant.
766 3690 1073 3775 genetivi&
1105 3712 1281 3755 cama-9
1318 3709 1442 3799 per
1470 3712 1503 3752 e
1533 3687 1676 3751 sine
1705 3685 2101 3771 exceptione
2132 3684 2446 3748 scribitur

200 3788 271 3852 in
311 3789 499 3853 libris
539 3787 787 3853 saeculi
826 3787 1003 3852 sexti
1048 3795 1116 3851 et
1152 3786 1641 3873 proximorum,
1675 3804 1895 3869 neque
1934 3782 2124 3848 aliter
2158 3783 2448 3868 yenett'vis

200 3888 364 3951 noti-5
412 3885 820 3971 exemplaria
878 3885 1153 3950 meliora
1203 3884 1508 3948 Suetonii
1539 3932 1555 3960 ,
1598 3882 2065 3947 Memmianum
2116 3888 2184 3945 et
2231 3877 2446 3942 Medi-

200 4006 430 4060 ceum,
466 3984 538 4048 in
571 3983 948 4049 Octaviano
978 3983 1195 4058 803ut
1220 3981 1598 4047 N.Heinsio
1618 4030 1634 4058 ,
1669 3980 1783 4066 qui
1814 3977 1905 4043 ad
1934 3978 2157 4043 Ovidii
2185 3985 2445 4042 metam.

202 4082 458 4154 111‚331
512 4089 582 4148 et
626 4103 710 4145 ex
739 4081 961 4146 Ponto
1008 4080 1216 4157 111,2‚
1245 4080 1361 4144 107
1405 4077 1493 4143 ad
1530 4081 1860 4166 genitivam
1900 4079 2230 4162 imaginem
2260 4084 2328 4140 et
2357 4074 2448 4140 ad

190 4181 471 4264 yeru'a'va
510 4182 767 4244 πωηὲηα
808 4200 845 4243 e
886 4179 1073 4244 libris
1113 4178 1405 4263 antiquis
1442 4177 1611 4242 nihil
1650 4178 1719 4241 in
1758 4174 2049 4241 schedas
2078 4174 2445 4248 rettulerit,

197 4299 349 4342 non
380 4289 629 4364 'magna
666 4276 850 4363 apud
888 4299 993 4342 me
1034 4277 1206 4341 fides
1245 4277 1365 4352 sit,
1386 4298 1606 4362 neque
1647 4276 1948 4362 vulgaria
1976 4272 2301 4337 Macrobii
2331 4292 2444 4334 ex-

195 4374 527 4460 emplaria
568 4396 794 4440 curem
813 4426 829 4450 ,
871 4377 939 4441 in
984 4376 1228 4462 quibus
1272 4375 1722 4440 Saturnalium
1774 4397 1853 4438 111
1873 4422 1889 4450 ‚
1920 4372 1961 4437 6
2014 4373 2158 4435 Cato
2209 4370 2444 4453 (immo

204 4474 409 4538 Varro
448 4475 513 4537 in
552 4474 734 4558 Cato)
766 4472 851 4536 de
880 4474 1104 4539 liberis
1147 4472 1516 4538 educandis
1547 4473 1851 4558 Apollinis
1883 4469 2130 4556 genitivi
2167 4464 2444 4530 mentio-
