3042 5192
607 445 743 514 140
1651 440 1778 509 1111

591 619 724 684 hoc
749 615 906 682 ideo
935 616 1078 680 fieri
1108 616 1290 701 cogit
1315 622 1590 691 natura,
1612 613 1799 701 quod
1828 635 2060 679 omnes

594 733 897 819 corporis
931 731 1154 795 offecti
1185 751 1423 795 sensus
1452 751 1576 815 per
1604 731 1901 795 membra
1929 730 2287 816 quiescunt

602 869 727 912 nec
754 852 1048 932 possunt
1074 844 1316 909 falsum
1344 845 1522 909 veris
1554 845 1953 910 convincere
1981 845 2187 910 rebus
2209 893 2223 907 .

439 980 536 1028 765
593 969 944 1049 praeterea
968 961 1348 1024 meminisse
1375 960 1553 1024 iacet
1579 960 1987 1045 languetque
2018 981 2265 1045 sopore
2283 1008 2299 1034 ‚

592 1099 718 1141 nec
750 1075 1070 1140 dissentit
1100 1096 1247 1139 eum
1276 1075 1512 1139 mortis
1541 1074 1790 1159 letique
1819 1076 2106 1160 potitum

591 1195 722 1257 iam
748 1188 1006 1277 pridem
1024 1239 1040 1267 ‚
1063 1211 1262 1275 quem
1289 1210 1478 1252 mens
1506 1189 1731 1253 vivom
1761 1210 1835 1254 se
1866 1210 2140 1255 cernere
2170 1188 2384 1254 credit
2402 1238 2417 1252 .

593 1304 780 1393 quod
809 1326 1010 1390 super
1043 1310 1150 1368 est
1165 1354 1180 1380 ‚
1201 1326 1340 1368 non
1370 1310 1477 1368 est
1502 1304 1737 1368 mirum
1767 1305 2119 1369 simulacra
2144 1304 2399 1370 moveri

588 1420 1038 1505 bracchiaque
1064 1421 1136 1483 in
1163 1440 1504 1484 numerum
1531 1419 1782 1482 iactare
1812 1426 1879 1483 et
1909 1427 2136 1484 cetera
2161 1420 2456 1484 membra
2476 1469 2489 1483 .

439 1555 539 1601 770
593 1558 747 1601 nam
773 1534 850 1599 fit
875 1541 953 1598 ut
977 1536 1049 1598 in
1078 1535 1329 1598 somnis
1356 1533 1582 1598 facere
1609 1532 1743 1597 hoc
1769 1532 2081 1600 videatur
2105 1535 2359 1620 imago:

595 1651 843 1737 quippe
860 1698 876 1726 ‚
897 1650 1012 1715 ubi
1040 1649 1254 1734 prima
1280 1650 1458 1733 perit
1487 1648 1753 1733 alioque
1785 1656 1892 1713 est
1920 1648 2132 1713 altera
2158 1657 2321 1714 nata

594 1762 757 1829 inde
787 1771 1003 1841 statu,
1024 1764 1209 1849 prior
1237 1762 1346 1826 bic
1375 1769 1637 1849 gestum
1666 1769 1965 1827 mutasse
1993 1762 2260 1829 videtur
2280 1813 2294 1827 .

594 1879 847 1944 scilieet
864 1928 879 1955 ‚
899 1876 974 1942 id
999 1878 1144 1942 fieri
1171 1878 1370 1941 celeri
1398 1878 1659 1942 ratione
1687 1877 2165 1963 putandumst:

594 2001 785 2059 tanta
815 2001 920 2057 est
946 1992 1280 2057 mobilitas
1313 2000 1381 2057 et
1406 2013 1631 2057 rerum
1661 1994 1856 2078 copia
1883 2001 2076 2058 tanta
2093 2043 2109 2070 ‚

438 2127 536 2172 775
594 2116 913 2194 tantaque
944 2107 1242 2173 sensibili
1272 2107 1512 2193 quovis
1546 2114 1652 2171 est
1678 2116 1982 2193 tempore
2009 2111 2081 2172 in
2107 2130 2242 2173 uno

596 2223 789 2310 copia
815 2223 1291 2309 particularum
1309 2271 1324 2297 ‚
1345 2228 1422 2285 ut
1448 2223 1671 2306 possit
1699 2222 2165 2308 suppeditare.

679 2337 1066 2423 [Multaque
1093 2339 1165 2401 in
1191 2336 1298 2401 his
1327 2338 1532 2401 rebus
1564 2345 1978 2421 quaeruntur
1995 2387 2011 2415 ‚
2033 2338 2374 2424 multaque
2402 2340 2603 2404 nobis

594 2452 1050 2519 clarandumst
1067 2500 1082 2529 ‚
1102 2452 1302 2538 plane
1333 2452 1390 2516 si
1416 2473 1529 2515 res
1561 2474 1900 2538 exponere
1929 2473 2235 2517 avemus.

591 2567 937 2653 quaeritur
963 2568 1034 2630 in
1062 2568 1290 2653 primis
1323 2587 1533 2653 quare
1552 2616 1567 2643 ‚
1592 2565 1780 2652 quod
1810 2567 2050 2653 cuique
2078 2566 2288 2632 libido

437 2699 536 2745 780
592 2683 883 2756 venerit,
909 2681 1240 2766 extemplo
1272 2703 1459 2745 mens
1491 2681 1744 2767 cogitet
1773 2683 1914 2746 eius
1942 2682 2015 2746 id
2040 2682 2260 2767 ipsum
2279 2732 2292 2745 .

590 2817 762 2860 anne
789 2796 1200 2860 voluntatem
1228 2803 1533 2860 nostram
1564 2796 1919 2861 simulacra
1944 2803 2218 2861 tuentur
2234 2846 2249 2873 ‚

592 2919 660 2976 et
689 2910 882 2975 simul
910 2932 988 2975 ac
1016 2910 1324 2974 volumus
1355 2910 1552 2975 nobis
1584 2912 1878 2975 occurrit
1903 2912 2123 2997 imago
2141 2910 2174 2973 P

438 3042 537 3090 795
594 3025 782 3113 quod
811 3026 1131 3090 sentimus
1160 3024 1231 3089 id
1262 3032 1399 3101 est,
1422 3046 1573 3088 cum
1599 3045 1738 3089 vox
1767 3026 2085 3090 emittitur
2111 3047 2279 3102 una,

436 3157 535 3204 783
591 3141 647 3205 si
674 3162 858 3205 mare
876 3191 891 3218 ‚
916 3140 974 3205 si
1001 3148 1248 3205 terram
1280 3138 1540 3205 cordist
1557 3188 1572 3215 ‚
1597 3139 1654 3203 si
1685 3139 1973 3226 denique
2002 3141 2256 3206 caelum
2272 3141 2306 3203 Ρ

591 3263 962 3321 conventus
990 3255 1332 3319 hominum
1350 3304 1365 3330 ,
1386 3274 1700 3340 pompam
1718 3303 1733 3332 ‚
1758 3256 2064 3319 convivia
2079 3305 2096 3333 ‚
2117 3276 2379 3342 pugnas
2398 3305 2413 3334 ‚

437 3389 533 3433 785
593 3372 814 3435 omnia
842 3371 968 3435 sub
997 3370 1295 3433 verbone
1324 3376 1509 3433 creat
1538 3377 1782 3434 natura
1808 3377 2141 3457 paratque
2158 3370 2191 3434 Ρ

591 3506 740 3549 cum
766 3486 1161 3570 praesertim
1190 3484 1333 3548 aliis
1365 3483 1598 3548 eadem
1625 3485 1694 3548 in
1721 3485 1996 3570 regione
2023 3486 2311 3572 locoque

586 3600 788 3686 longe
819 3598 1153 3665 dissimilis
1184 3599 1439 3664 animus
1468 3621 1578 3664 res
1610 3600 1861 3686 cogitet
1890 3601 2103 3665 omnis
2121 3651 2135 3666 .

590 3714 753 3800 quid
780 3736 987 3802 porro
1006 3763 1022 3792 ‚
1043 3715 1113 3778 in
1139 3737 1485 3780 numerum
1513 3714 1887 3802 procedere
1917 3737 2063 3779 cum
2095 3716 2446 3782 simulacra

592 3829 919 3895 cernimus
948 3830 1018 3894 in
1049 3831 1299 3896 somnis
1330 3839 1400 3895 et
1425 3829 1650 3894 mollia
1676 3831 1973 3896 membra
1997 3851 2270 3896 movere
2289 3882 2304 3908 ‚

438 3961 535 4008 790
589 3944 812 4009 mollia
829 3994 845 4022 ‚
866 3947 1196 4012 mobiliter
1226 3967 1375 4010 cum
1405 3945 1679 4010 alternis
1707 3945 2026 4011 bracchia
2054 3947 2326 4011 mittunt

590 4069 657 4125 et
682 4060 984 4128 referunt
1011 4062 1221 4127 oculis
1250 4069 1511 4148 gestum
1541 4060 1716 4148 pede
1746 4060 2213 4126 convenienti?

590 4177 842 4243 scilicet
859 4227 874 4254 ‚
898 4185 1044 4242 arte
1071 4175 1347 4242 madent
1377 4176 1731 4241 simulacra
1761 4184 1830 4241 et
1859 4175 2065 4242 docta
2091 4183 2423 4262 vagantur
2442 4226 2456 4252 ,

590 4363 651 4370 ι..-
952 4361 991 4367 .-

598 4426 694 4474 766
730 4420 930 4491 litique.
967 4423 989 4488 ΙΙ
1027 4426 1122 4474 795
1163 4421 1538 4476 Consentimus
1577 4423 1598 4491 ΙΙ
1637 4429 1729 4475 791
1772 4431 2020 4493 repetunt
