3042 5192
1223 461 1285 528 11
1738 480 1741 483 ·
2233 465 2361 533 lll

207 644 261 705 in
285 660 347 704 se
373 636 649 701 continet
666 682 683 709 ‚
724 631 849 697 sed
879 654 915 696 e
947 633 1293 719 superiore
1322 654 1528 698 versu
1556 633 1679 699 628
1712 635 1780 699 in
1808 635 1988 700 hunc
2016 658 2371 724 perperam

205 739 434 803 relatum
462 740 560 798 est
586 782 599 797 .
630 753 784 796 nam
813 732 1030 796 oratio
1059 732 1395 796 vinculum
1427 731 1770 797 desiderat
1798 782 1814 809 ‚
1853 755 1988 820 quo
2018 736 2372 823 alligentur

203 836 290 899 illa
314 854 462 920 quae
488 831 589 895 his
616 829 922 896 subiecta
953 837 1111 895 sunt
1136 879 1152 905 ‚
1194 832 1486 896 Dictaeos
1511 832 1789 918 refer-mat
1823 832 2070 899 Curetas
2097 861 2117 898 .·
2150 856 2372 921 neque

204 933 328 996 ferri
347 938 561 1016 potest
587 928 772 1016 quod
796 927 1157 993 Creechius
1190 927 1379 994 dedit
1394 976 1409 1005 ‚
1430 929 1625 1014 isque
1645 929 1818 1005 ,‚nisi
1843 929 2055 1009 fallor,
2083 934 2336 1020 primus
2356 985 2372 1009 ‚

204 1032 316 1096 etin
337 1029 454 1093 fine
478 1049 712 1093 versus
741 1024 1016 1092 alterius
1045 1027 1341 1113 positum
1369 1034 1529 1092 ante
1567 1028 1627 1092 T
1618 1029 1898 1117 ernfleae
1914 1078 1927 1093 .
1963 1031 2191 1115 itaque
2221 1054 2371 1097 sen-

204 1127 424 1192 tentiam
477 1125 883 1212 explebimus
938 1126 1034 1189 ita
1070 1173 1086 1200 ,
1136 1127 1294 1190 inter
1346 1149 1410 1191 ee
1441 1126 1617 1213 sorte
1674 1148 1889 1201 ouon
1940 1150 2185 1193 Aruns
2236 1131 2371 1195 Lu-

202 1226 316 1288 dum
343 1262 470 1272 —-—
495 1272 514 1303 ,
550 1224 842 1289 Dictaeos
880 1224 1159 1310 referunt
1191 1224 1441 1288 Curetas
1469 1273 1483 1286 .
1528 1244 1683 1288 nam
1706 1223 1880 1311 forte
1908 1227 2369 1313 temptandum

199 1343 304 1386 non
338 1330 430 1386 est
454 1371 469 1397 ‚
508 1342 642 1406 quo
672 1327 877 1407 poeta
905 1320 1237 1405 significat
1266 1342 1382 1386 eos
1410 1343 1551 1386 non
1581 1342 1844 1407 semper
1872 1325 2073 1389 armis
2100 1325 2335 1391 ludere
2355 1377 2371 1402 ‚

200 1418 295 1483 sed
327 1418 685 1494 interdum,
734 1419 791 1482 si
834 1416 1109 1505 quando
1161 1418 1431 1484 libuerit
1463 1468 1478 1482 .
1519 1426 1864 1504 postremo
1906 1426 2202 1508 sanquine
2228 1426 2371 1515 fleti

199 1515 553 1582 Wakefieldo
589 1517 909 1604 placent,
950 1517 1120 1581 casti
1146 1515 1373 1581 iudicii
1399 1516 1780 1582 hominibus
1811 1517 2211 1607 displicent.
2252 1545 2370 1587 ne-

198 1636 298 1699 que
330 1616 475 1680 satis
511 1615 789 1701 proprie
815 1615 1141 1680 Marullus
1180 1618 1477 1700 sanquine
1518 1617 1713 1680 laeti:
1750 1616 2093 1744 Bentleius
2124 1623 2371 1707 optime

195 1714 411 1777 exultant
436 1734 1144 1777 sanouinonmsrl.

322 1810 443 1874 632.
495 1810 1016 1875 Tmuumcas
1072 1832 1427 1875 cam‘rtm
1486 1833 2010 1887 quarn-:uras
2054 1838 2368 1882 numum

195 1931 492 1974 eiusne.
514 1909 789 1974 Inlibro
818 1932 881 1985 v,
899 1908 1091 1985 1315,
1121 1909 1236 1973 ubi
1257 1908 1368 1973 hic
1388 1931 1628 1974 versus
1656 1910 1898 1975 iterum
1925 1911 2185 1998 legitur,
2215 1937 2370 2001 qua-

192 2008 353 2071 fientes
375 2010 666 2096 midique.
690 2006 800 2070 hic
822 2007 1220 2083 Lambinus,
1241 2007 1372 2071 nisi
1392 2007 1823 2093 neglegenter
1855 2017 2118 2096 ageret,
2139 2012 2371 2077 videre

190 2112 409 2187 poterat
444 2129 640 2171 Μοιιι
661 2128 759 2168 ΝΕ
804 2102 1228 2169 scribendum
1274 2126 1471 2169 esse·
1514 2126 1737 2190 neque
1787 2107 1957 2171 enim
1997 2111 2371 2193 putaverim

192 2220 305 2265 eum
344 2225 478 2267 cum
519 2202 845 2268 Turnebo
900 2200 1239 2266 adversar.
1281 2225 1344 2277 v,
1376 2202 1456 2265 27
1497 2226 1721 2267 numen
1759 2207 2032 2289 capitum
2077 2205 2162 2269 de
2202 2214 2371 2271 nutu

190 2302 471 2386 accepisse
502 2327 518 2381 3
564 2300 758 2389 quod
803 2301 1106 2365 Gifanius
1151 2300 1511 2365 Creechius
1541 2299 2006 2366 Wakefieldus
2044 2302 2371 2390 Forbiger

190 2400 340 2481 quasi
362 2402 858 2467 usitatissimum
888 2398 1252 2463 admittunt
1282 2447 1296 2462 .
1338 2422 1563 2464 numen
1594 2407 1700 2464 est
1725 2400 2071 2487 imperium
2102 2425 2117 2478 3
2161 2424 2369 2488 quare

188 2495 345 2560 etiam
369 2502 573 2563 mentis
599 2522 830 2563 numen
858 2497 1211 2562 Lucretius
1243 2495 1414 2562 dixit
1438 2496 1508 2561 in
1536 2497 1710 2562 libro
1742 2521 1841 2573 111,
1863 2498 1981 2562 144
1999 2547 2016 2575 ,
2042 2522 2171 2587 pro
2201 2509 2371 2566 nutu

187 2603 405 2659 motuve
432 2606 546 2662 aut
571 2619 709 2686 pro
736 2596 930 2660 icone
961 2595 1070 2659 dei
1097 2594 1320 2659 nullus
1349 2603 1652 2659 veterum
1677 2596 1949 2681 posuit.
1997 2597 2123 2662 sed
2151 2620 2368 2686 gram-

183 2693 360 2757 matici
384 2715 423 2758 a
448 2693 766 2759 Varrone
792 2714 988 2758 usum
1013 2692 1324 2757 vocabuli
1355 2691 1615 2758 discere
1643 2694 2052 2773 noluerunt,
2097 2696 2368 2784 originis

186 2785 583 2875 disputatione
614 2791 813 2857 abusi
842 2798 1033 2855 sunt.
1063 2791 1273 2855 verba
1304 2791 1446 2855 eius
1473 2790 1644 2856 haec
1674 2793 1878 2857 sunt
1860 2815 1930 2857 m
1957 2793 2129 2858 libro
2153 2817 2198 2858 v
2201 2817 2252 2858 11
2284 2795 2368 2859 de

181 2882 362 2972 lingua
384 2889 624 2955 Latina
652 2912 720 2976 p.
734 2889 901 2953 363.
947 2890 1197 2953 Numen
1236 2890 1447 2953 dicunt
1485 2914 1607 2955 esse
1648 2892 2018 2975 impefiwm.
2063 2892 2290 2957 dictum
2331 2919 2371 2958 α

179 2997 296 3048 mua
314 2987 791 3073 ‚(addendum
832 2989 998 3075 quod
1023 2990 1195 3051 cuim
1219 2988 1403 3072 nutu)
1434 2989 1641 3051 mwm’a
1667 2999 1849 3067 sunt,
1891 2991 2020 3052 eius
2047 2992 2372 3074 imperium

178 3086 464 3150 maz-imma
504 3111 633 3152 esee
674 3089 1000 3151 videatwr.
1042 3087 1245 3172 itaque
1283 3086 1351 3148 in
1379 3085 1521 3149 Iove
1560 3085 1674 3149 hoc
1712 3096 1768 3150 et
1794 3084 2101 3149 Homerus
2128 3098 2186 3151 et
2211 3088 2372 3152 aliu-s·

180 3179 513 3266 aliquotiens.
537 3186 658 3250 ubi
683 3183 1041 3271 legendum
1061 3190 1229 3269 puto
1251 3195 1309 3247 et
1334 3184 1614 3265 amali-³3
1632 3183 1702 3247 in
1726 3183 1967 3267 quibus
1987 3182 2159 3248 haec
2183 3191 2367 3248 certe

176 3272 339 3344 fuisse
378 3284 675 3358 scimus,
705 3283 983 3369 Iuppiter
1018 3282 1117 3346 hic
1156 3283 1335 3361 risit,
1377 3291 1860 3367 tempestatesque
1897 3304 2147 3346 serenae
2191 3284 2368 3347 Rise—

176 3388 287 3439 runt
307 3402 496 3446 omne-5
521 3385 663 3446 risu
692 3381 853 3445 Iovis
879 3382 1296 3466 omnqpotentw
1314 3428 1327 3443 .

299 3476 427 3542 636.
448 3479 594 3544 637.
627 3480 919 3544 Alma-r
958 3501 1053 3541 Er
1095 3500 1178 3542 m
1220 3500 1613 3543 Nummum
1653 3500 2002 3543 namen
2046 3502 2369 3544 onom-:A

173 3568 417 3641 Anna-r
466 3601 555 3642 IN
615 3598 1012 3641 ιτυιιειισιι
1053 3598 1532 3641 ΡῦιεΛκΕΝτ
1573 3598 1929 3641 Anninus
1972 3600 2225 3642 Amul.
2265 3578 2371 3642 Ita

168 3666 453 3787 oblongus
480 3679 721 3741 Armat
742 3686 801 3739 et
823 3677 891 3738 in
918 3674 1142 3761 priore
1171 3696 1419 3751 versu,
1460 3676 1531 3739 in
1561 3674 1774 3738 altero
1804 3676 2084 3739 Armat
2057 3700 2169 3751 m,
2205 3697 2368 3761 qua-

170 3762 406 3835 (Iratus
388 3796 459 3837 m
487 3783 790 3859 utroque
810 3774 1062 3837 Armati
1089 3784 1147 3838 et
1169 3775 1268 3837 in.
1298 3774 1369 3836 in
1395 3773 1626 3861 priore
1654 3794 1869 3859 paene
1901 3780 2244 3838 servatum
2271 3775 2370 3838 vi-

166 3858 359 3933 demus
396 3870 821 3947 Annam-121,
851 3878 1079 3935 cetera
1119 3869 1407 3935 delenda
1449 3891 1598 3934 esse
1640 3869 2001 3935 Lambinus
2041 3871 2372 3936 intellexit

165 3964 405 4041 PrimUS.
438 3992 528 4035 ex
549 3971 771 4035 altero
797 3969 1138 4034 Charisius
1168 3993 1231 4055 p.
1253 3966 1332 4031 72
1358 3974 1425 4033 et
1452 3968 1533 4032 97
1551 3969 1886 4053 pulsabant
1913 3969 2155 4034 aeribus
2182 3993 2368 4035 aera.

292 4065 426 4132 640.
455 4091 782 4133 Annam
812 4090 1146 4132 narnien
1176 4089 1713 4131 coin-rantuli
1745 4117 1758 4131 .
1805 4067 2196 4148 Quadratus
2233 4093 2368 4133 ma-

160 4166 282 4222 trem
317 4169 546 4231 armati
588 4169 954 4231 comitantur
972 4215 986 4230 .
1027 4164 1207 4229 idem
1247 4163 1424 4229 infra
1463 4165 1588 4229 936
1616 4167 1757 4231 Nec
1795 4169 2159 4231 commutari
2198 4169 2367 4253 quie-

289 4357 670 4426 646—651.
717 4362 986 4426 Ourus
1030 4383 1224 4425 mum
1265 4384 1416 4425 PER
1458 4383 1546 4426 sn
1775 4384 2039 4437 NEQUE
2071 4381 2368 4423 ‘ranor-

151 4470 276 4517 τῦιι
303 4479 434 4521 nm
458 4510 474 4523 .
507 4459 707 4524 Haec
734 4459 1131 4525 Lactantius
1173 4459 1381 4525 habet
1410 4459 1495 4523 de
1523 4460 1628 4523 ira
1656 4458 1765 4523 dei
1791 4460 1899 4535 8‚1
1924 4508 1939 4535 ‚
1968 4460 2127 4523 item
2155 4456 2368 4521 versi-
