3042 5192
659 436 799 504 202
1737 434 1806 498 V

461 629 588 676 1380
655 618 808 676 ante
836 609 961 674 fuit
987 607 1195 673 multo
1229 628 1428 694 quam
1455 608 1629 672 levia
1659 608 1952 672 carmina
1979 618 2186 673 cantu

655 725 1125 790 concelebrare
1152 723 1455 788 homines
1485 731 1770 808 possent
1798 725 2114 810 aurisque
2143 725 2372 789 iuvare
2394 776 2407 788 .

657 849 726 905 et
754 839 1031 926 zephyri
1050 887 1064 914 ‚
1094 859 1259 902 cava
1294 859 1416 923 per
1461 838 1866 902 calamorum
1884 887 1899 915 ‚
1923 840 2115 904 sibila
2141 842 2422 926 primum

651 955 933 1041 agrestis
965 952 1257 1018 docuere
1287 973 1488 1017 cavas
1515 952 1748 1017 inflare
1777 955 2032 1018 cicutas
2050 1004 2064 1018 .

650 1068 810 1133 inde
839 1069 1209 1133 minutatim
1240 1067 1454 1132 dulcis
1486 1067 1784 1132 didicere
1814 1069 2147 1154 querellas
2166 1119 2182 1146 ,

460 1204 585 1250 1385
644 1186 808 1250 tibia
839 1205 1008 1269 quas
1036 1182 1261 1247 fundit
1289 1182 1515 1268 digitis
1547 1182 1815 1270 pulsata
1843 1192 2196 1248 canentum
2214 1235 2230 1262 ‚

650 1301 799 1364 avia
826 1321 948 1384 per
976 1319 1250 1362 nemora
1277 1319 1357 1362 ac
1386 1298 1588 1362 silvas
1621 1298 1967 1384 saltusque
1995 1306 2266 1384 reperta
2283 1347 2299 1372 ‚

636 1436 769 1512 per
797 1415 946 1478 loca
972 1420 1321 1499 pastorum
1349 1411 1622 1477 deserta
1650 1420 1854 1498 atque
1885 1414 2023 1477 otia
2054 1412 2165 1478 dia
2183 1463 2197 1477 .

457 1547 584 1595 1390
648 1529 816 1593 haec
847 1529 1100 1592 animos
1132 1528 1279 1593 ollis
1307 1528 1689 1592 mulcebant
1717 1536 1922 1614 atque
1950 1529 2270 1594 iuvabant

651 1666 800 1709 cum
830 1644 1071 1708 satiate
1102 1643 1263 1708 cibi:
1284 1664 1439 1707 nam
1467 1650 1610 1707 tum
1639 1652 1801 1708 sunt
1829 1644 2121 1707 carmina
2149 1643 2365 1708 cordi.

648 1780 851 1848 saepe
877 1759 1105 1844 itaque
1132 1758 1307 1822 inter
1337 1778 1411 1822 se
1439 1759 1768 1844 prostrati
1795 1759 1864 1822 in
1892 1759 2187 1844 gramine
2213 1760 2391 1824 molli

647 1882 929 1962 propter
958 1895 1171 1959 aquae
1198 1874 1413 1938 rivom
1442 1873 1568 1938 sub
1598 1874 1799 1938 ramis
1830 1874 2292 1943 arborisaltae

647 2012 785 2054 non
813 1990 1068 2075 magnis
1099 1989 1340 2075 opibus
1368 1986 1660 2052 iucunde
1691 2009 1980 2074 corpora
2006 1989 2350 2054 habebant
2367 2039 2383 2060 ,

457 2123 582 2170 1395
639 2104 1035 2193 praesertim
1066 2125 1215 2168 cum
1245 2110 1611 2190 tempestas
1640 2103 1909 2168 ridebat
1937 2111 2005 2167 et
2032 2105 2188 2167 anni

645 2230 950 2307 tempora
976 2220 1343 2306 pingebant
1368 2217 1722 2283 viridantis
1752 2217 2027 2282 floribus
2056 2218 2304 2284 herbas
2322 2270 2335 2283 .

645 2344 788 2400 tum
816 2335 998 2409 ioca,
1020 2340 1161 2397 tum
1190 2354 1408 2398 sermo
1427 2382 1443 2410 ‚
1474 2340 1616 2398 tum
1647 2332 2060 2397 dulcesesse
2089 2334 2394 2399 cachinni

644 2456 1049 2514 consuerant
1067 2498 1080 2511 .
1105 2449 1390 2534 agrestis
1422 2449 1596 2512 enim
1623 2455 1766 2512 tum
1794 2469 1984 2512 musa
2009 2449 2314 2535 vigebat:

645 2573 789 2629 tum
818 2570 1021 2648 caput
1048 2571 1251 2648 atque
1279 2585 1549 2628 umeros
1576 2564 1794 2650 plexis
1822 2562 2132 2628 redimire
2165 2566 2430 2630 coronis

453 2699 579 2744 1400
643 2678 920 2744 floribus
951 2686 1020 2742 et
1044 2678 1221 2743 foliis
1249 2678 1522 2743 lascivia
1549 2679 1725 2742 laeta
1751 2679 2069 2743 monebat
2086 2728 2102 2755 ‚

644 2802 848 2880 atque
880 2800 1071 2859 extra
1096 2814 1443 2858 numerum
1472 2793 1848 2880 procedere
1875 2795 2172 2858 membra
2197 2804 2547 2860 moventes

643 2909 902 2975 duriter
932 2917 1001 2973 et
1031 2908 1201 2973 duro
1230 2917 1480 2973 terram
1507 2907 1684 2995 pede
1713 2908 1965 2994 pellere
1994 2918 2307 2986 matrem3

640 3024 822 3090 unde
853 3025 1238 3089 oriebantur
1266 3024 1442 3088 risus
1474 3023 1844 3109 dulcesque
1873 3023 2211 3102 cachinni,

643 3142 862 3206 omnia
892 3139 1078 3226 quod
1105 3160 1284 3203 nova
1310 3147 1453 3204 tum
1479 3140 1692 3225 magis
1719 3140 1891 3204 haec
1922 3146 1992 3204 et
2017 3141 2184 3204 mira
2209 3141 2559 3226 vigebant.

448 3275 574 3320 1405
634 3264 703 3320 et
727 3256 1155 3341 vigilantibus
1183 3254 1341 3318 hinc
1369 3253 1655 3319 aderant
1684 3255 1934 3319 solacia
1963 3256 2209 3332 somni,

643 3369 889 3434 ducere
919 3368 1322 3433 multimodis
1352 3392 1560 3434 voces
1591 3379 1658 3435 et
1685 3369 1954 3435 flectere
1984 3379 2223 3435 cantus

643 3493 712 3548 et
740 3506 988 3571 supera
1015 3486 1305 3549 calamos
1332 3506 1508 3549 unco
1539 3505 1936 3571 percurrere
1965 3485 2190 3562 labro;

639 3598 819 3663 unde
851 3601 1047 3665 etiam
1074 3582 1306 3685 vig‘iles
1335 3623 1513 3665 nunc
1541 3601 1711 3666 haec
1742 3609 2022 3688 accepta
2048 3607 2321 3665 tuentur
2340 3651 2356 3678 ,

642 3723 711 3779 et
738 3736 1082 3779 numerum
1110 3736 1382 3780 servare
1414 3717 1599 3781 sonis
1631 3715 1925 3781 didicere
1944 3766 1959 3792 ‚
1982 3737 2203 3802 neque
2229 3716 2368 3780 hilo

449 3849 575 3895 1410
638 3832 953 3895 maiorem
981 3831 1237 3895 interea
1266 3832 1541 3918 capiunt
1571 3831 1927 3896 dulcedini’
1954 3831 2242 3896 fructum

641 3968 839 4032 quam
870 3947 1173 4011 silvestre
1204 3968 1415 4031 genus
1446 3948 1755 4033 capiebat
1782 3948 2267 4032 terrigenarum
2286 3998 2299 4011 .

652 4260 1179 4309 13881389=1454
1212 4262 1369 4307 1455.
1410 4259 1429 4326 Η
1471 4263 1599 4310 1390
1637 4257 1874 4309 iuvabat.
1914 4254 1934 4325 ΙΙ
1980 4262 2102 4308 1391
2146 4257 2322 4309 onmia
2360 4257 2379 4326 ΙΙ
2421 4262 2547 4308 1392
2576 4253 2796 4326 gramina
2831 4247 2844 4258 ”

652 4345 777 4393 1393
806 4338 1074 4410 Proptcre
1108 4336 1128 4405 ΙΙ
1172 4344 1298 4390 1397
1338 4338 1453 4392 loca
1491 4341 1511 4410 ΙΙ
1554 4345 1682 4393 1399
1719 4338 1978 4392 redimere
2017 4339 2036 4409 ΙΙ
2077 4346 2209 4393 1400
2247 4341 2522 4391 movebat.
2563 4341 2582 4408 ΙΙ
2623 4343 2743 4390 1404
2778 4331 2845 4382 νί·

644 4425 831 4494 gebat.
872 4421 891 4492 ΙΙ
935 4430 1060 4476 1405
1102 4441 1315 4477 somno.
1356 4423 1376 4492 ΙΙ
1417 4431 1547 4477 1409
1584 4441 1753 4494 genus
1791 4420 1811 4489 ΙΙ
1855 4429 1983 4475 1410
2021 4423 2233 4476 Maiore
2271 4423 2291 4492 ΙΙ
2327 4422 2603 4476 dulcedine
