3042 5192
1284 473 1382 543 IV
2310 475 2450 544 223

113 688 122 694 -
221 653 551 717 Lucretius
614 652 862 716 Chelwm
912 651 1078 736 quod
1128 650 1352 714 dicitur
1399 659 1510 713 αῦν
1535 697 1554 729 ,
1612 655 1850 714 contra
1900 649 2453 716 consuetudinem

217 751 419 816 huius
447 756 695 839 poetae
713 797 730 824 ‚
759 747 845 812 de
875 769 1010 834 qua
1040 748 1144 834 egi
1172 747 1262 812 ad
1289 747 1528 813 librum
1558 769 1655 822 111,
1672 748 1788 812 94.

393 849 531 913 142.
576 848 693 913 Er
742 868 1153 923 curusoun
1207 868 1407 911 mom
1463 867 1905 911 solimanum
1953 868 2318 912 vmvrsns
2371 870 2451 912 IN

220 969 486 1011 nonas
507 995 522 1009 .
569 946 925 1031 Oblongus
967 947 1207 1010 mansee
1224 994 1238 1008 .
1268 943 1585 1009 -eiusdem
1629 951 1975 1009 corrector
2016 967 2252 1023 onAs3
2308 967 2451 1010 rec-

221 1047 510 1111 tissime.
554 1068 702 1110 orae
732 1044 906 1108 enim
945 1051 1015 1109 et
1041 1043 1152 1106 hic
1182 1050 1252 1107 et
1288 1043 1357 1107 in
1385 1064 1590 1108 versu
1624 1043 1742 1108 166
1772 1051 1934 1108 sunt
1961 1044 2418 1109 extremitates
2439 1094 2453 1119 ‚

219 1165 398 1229 quae
427 1164 651 1208 rerum
689 1142 1106 1228 superficiem
1145 1162 1224 1206 ac
1268 1143 1556 1229 speciem
1594 1141 1922 1206 efficiunt.
1966 1142 2064 1207 ita
2088 1141 2346 1207 Ennius
2388 1152 2457 1207 et

220 1241 568 1328 Vergilius
593 1242 859 1327 inyemes
887 1241 1027 1305 belli
1055 1264 1198 1306 oras
1227 1240 1543 1306 dixerunt
1571 1262 1826 1305 summa
1851 1241 2007 1305 belli
2039 1240 2419 1306 discrimina
2437 1290 2450 1303 .

220 1362 447 1426 neque
477 1339 669 1405 aliter
687 1338 910 1403 Varro
935 1337 1023 1403 de
1051 1339 1278 1425 lingua
1297 1338 1539 1405 Latina
1558 1338 1731 1404 libro
1749 1361 1874 1404 vm
1895 1362 1960 1426 p.
1978 1337 2100 1403 392
2123 1340 2224 1404 De
2242 1339 2450 1404 hesim-

221 1463 290 1505 ce
315 1439 644 1524 mduplici
667 1448 898 1502 natura
926 1438 1348 1502 discriminum
1375 1487 1393 1520 ‚
1434 1438 1570 1501 hoc
1600 1445 1707 1502 est
1735 1435 2180 1502 discriminum
2225 1460 2262 1501 e
2290 1440 2452 1503 mul-

219 1537 438 1623 tiplici
467 1534 981 1600 declinationum
1008 1542 1250 1600 natura
1275 1534 1750 1622 prodeuntium
1767 1584 1783 1612 ‚
1813 1558 1960 1600 orae
1982 1548 2123 1601 sant
2146 1538 2263 1602 hae
2277 1585 2296 1617 ‚
2325 1538 2452 1602 sci·

217 1636 382 1700 licet
422 1643 722 1699 extrema
760 1641 830 1698 et
870 1656 1169 1710 summa,
1213 1634 1282 1698 in
1323 1655 1497 1719 quae
1540 1635 1760 1699 omnia
1795 1634 1971 1699 inter
2022 1656 2096 1700 se
2139 1634 2453 1701 diversis-

220 1737 394 1801 sima
419 1740 669 1799 exeunt
684 1782 700 1809 ‚
731 1756 844 1797 στιν
871 1744 928 1798 et
952 1756 1074 1820 quo
1103 1744 1161 1798 et
1185 1754 1363 1820 quem
1384 1733 1713 1797 admodum
1737 1734 1805 1797 in
1832 1734 2130 1820 loquendo
2152 1735 2454 1799 declinata

216 1845 364 1899 sinat
385 1833 603 1897 verba.
633 1853 763 1896 nos
790 1830 882 1896 ad
910 1853 1060 1896 eum
1086 1829 1360 1895 modum
1386 1830 1668 1916 figurate
1692 1830 1971 1896 dicimus
2001 1834 2132 1896 eine
2154 1833 2336 1897 sache
2364 1834 2459 1898 bei

219 1935 345 1997 den
369 1931 831 2019 zipfelnfassen
845 1979 863 2012 ‚
891 1929 1072 1994 idem·
1098 1928 1321 1994 Varro
1353 1928 1440 1992 de
1469 1948 1543 1992 re
1570 1929 1824 1993 rustica
1851 1952 1895 2005 1,
1906 1929 1966 2006 6,
1996 1929 2035 1993 2
2066 1930 2104 1992 5
2133 1930 2174 1994 6
2204 1938 2277 1995 et
2303 1931 2454 2006 20‚5

217 2032 347 2096 tria
357 2031 615 2118 formae
624 2029 892 2117 fastiyt‘a
918 2049 1045 2115 pro
1075 2028 1293 2092 tribus
1321 2027 1679 2112 generibus
1709 2025 1999 2091 definitis
2017 2075 2031 2090 .
2074 2027 2162 2092 ad
2189 2037 2455 2095 nostra-

217 2131 387 2195 tium
425 2125 590 2192 illud
632 2127 936 2213 proxime
967 2125 1293 2190 Caecilius
1324 2124 1581 2189 Statius
1624 2124 1805 2211 apud
1832 2123 2106 2189 Festum
2135 2149 2200 2211 p.
2224 2127 2359 2201 182,
2374 2129 2455 2191 22

225 2228 430 2293 Oram
450 2226 723 2312 reperire
749 2225 1018 2304 nullam,
1048 2247 1238 2311 quam
1265 2224 1585 2310 &pediam
1599 2271 1617 2303 ‚
1648 2246 1800 2310 queo
1814 2249 1839 2306 ,-
1871 2245 2042 2309 quae
2073 2223 2257 2289 docti
2284 2226 2456 2290 male

218 2332 677 2411 temptarunt,
754 2345 902 2387 cum
949 2322 1207 2387 Ennius
1259 2342 1532 2407 quoque
1591 2328 1660 2385 et
1714 2320 2044 2407 Vergilius
2093 2323 2252 2387 belli
2301 2345 2456 2388 oras

219 2424 413 2489 evolvi
443 2421 1818 2485 dixerint..

395 2520 534 2585 133.
562 2541 799 2585 raon.
814 2541 888 2582 Ε.
933 2517 1276 2583 Librarius
1308 2518 1623 2604 quadrati
1652 2518 1935 2605 primum
1963 2521 2331 2608 scripserat
2340 2523 2455 2611 fa-

217 2644 392 2700 cere,
433 2639 592 2683 mox
632 2638 860 2683 errore
908 2616 1430 2682 animadverso
1412 2638 1561 2705 ipse
1591 2617 1916 2683 correxit.
1960 2616 2096 2683 hoc
2125 2619 2181 2683 si
2211 2629 2328 2685 aut
2354 2627 2455 2686 ta-

217 2718 479 2783 cuisset
517 2724 634 2781 aut
671 2717 769 2781 ita
804 2723 885 2780 ut
915 2722 1022 2780 est
1062 2715 1438 2780 rettulisset
1465 2715 1975 2802 Havercampus
2002 2714 2209 2830 (dixit
2236 2726 2457 2784 autem

212 2810 445 2905 facere
472 2815 522 2879 Z
544 2864 558 2878 .
593 2814 718 2880 sed
749 2814 1153 2901 superscrib.
1167 2814 1382 2902 facile’
1384 2815 1407 2899 )
1425 2863 1441 2889 ‚
1488 2814 1975 2880 Wakefieldum
2021 2817 2296 2903 eiusque
2339 2839 2454 2904 pe-

219 2914 549 3001 disequos
574 2914 644 2978 in
673 2935 944 3001 gravem
976 2933 1272 2977 errorem
1299 2935 1438 2976 non
1465 2911 1846 2978 induxisset
1863 2964 1878 2977 .

396 3013 532 3078 143.
564 3034 780 3089 QUAM
810 3034 1089 3076 raclm
1120 3034 1215 3075 Er
1247 3033 1539 3077 cnnmu
1571 3033 1941 3077 iza-rmus
1985 3033 2454 3077 ossan-rus.

224 3112 585 3198 Oblongus
615 3134 802 3198 quam
812 3111 1016 3198 facile
1039 3159 1058 3191 ,
1101 3109 1473 3196 quadratus
1503 3111 1895 3198 quaesacili.
1925 3119 2067 3174 tum
2094 3109 2457 3175 Lambinus

219 3231 660 3276 ossan-rus
691 3258 707 3285 ‚
758 3215 835 3273 ut
884 3229 1087 3274 sanae
1135 3211 1377 3275 mentis
1427 3209 1761 3274 hominem
1803 3208 2029 3274 decuit
2060 3259 2076 3285 ,
2127 3208 2459 3296 quidquid

215 3307 688 3374 Wakefieldus
740 3315 809 3372 et
848 3308 1173 3394 Forbiger
1214 3309 1587 3375 blaterant:
1633 3307 1746 3372 hic
1788 3308 1960 3372 enim
2000 3313 2208 3393 poeta
2257 3307 2458 3372 docet

219 3429 429 3494 quam
451 3407 644 3471 facile
674 3415 743 3471 et
771 3407 1076 3473 celeriter
1091 3410 1426 3494 yiqnamw
1442 3456 1458 3487 ‚
1489 3429 1647 3471 mox
1674 3406 1791 3471 176
1814 3427 2013 3492 quam
2043 3406 2242 3470 celeri
2268 3414 2458 3472 motu

243 3517 504 3571 erantur
520 3554 535 3569 .

194 3507 255 3595 s
395 3603 535 3668 144.
565 3623 996 3680 LAPsAQUE
1039 3625 1389 3668 erman-r.
1440 3603 1614 3668 Post
1649 3602 1821 3667 haec
1858 3604 2068 3668 verba
2102 3603 2295 3669 deest
2321 3606 2455 3691 pri-

217 3724 404 3768 mum
435 3701 693 3788 Pet-cipe
719 3702 827 3766 vel
857 3702 1208 3788 Eapedimn
1224 3750 1240 3777 ‚
1281 3711 1421 3767 tum
1449 3702 1737 3789 paucula
1764 3722 1808 3765 a
1835 3703 2076 3788 quibus
2103 3702 2268 3767 illud
2296 3704 2459 3767 em'm

216 3798 413 3888 quod
460 3799 783 3864 subicitur
822 3798 1152 3888 pendeat.
1193 3821 1415 3885 neque
1451 3808 1677 3865 tamen
1718 3801 1923 3866 ullum
1962 3801 2073 3866 hic
2113 3802 2181 3866 in
2225 3800 2457 3866 codice

213 3900 601 3986 archetypo
628 3897 934 3963 defectus
957 3897 1271 3963 indicium
1290 3898 1500 3964 fuisse
1524 3898 2038 3966 existimandum
2061 3909 2166 3966 est
2182 3950 2198 3977 ,
2229 3922 2457 3986 quam-

211 3999 320 4064 vis
352 4020 396 4063 a
423 4019 625 4063 versu
659 3997 776 4062 127
798 4019 1018 4084 usque
1047 3996 1136 4062 ad
1157 3997 1282 4063 298
1306 3998 1441 4063 sint
1459 4021 1700 4064 versus
1722 4008 1982 4065 tantum
2003 3999 2208 4064 modo
2231 4020 2458 4064 chxn

215 4105 288 4163 et
307 4097 491 4162 tituli
518 4105 654 4161 tres
672 4145 689 4172 ,
719 4118 868 4160 cum
891 4105 1150 4185 septem
1171 4098 1456 4184 paginae
1478 4100 1790 4164 versibus
1814 4106 2130 4165 constent
2151 4121 2458 4163 ccxxxn:

215 4203 482 4283 septem
524 4203 747 4260 autem
787 4196 1075 4284 paginae
1117 4217 1268 4261 esse
1312 4196 1561 4264 debent
1590 4247 1605 4276 ‚
1650 4199 1807 4284 quia
1847 4199 2193 4286 proximos
2218 4217 2459 4261 versus

215 4318 314 4360 nn
343 4295 473 4360 299
497 4293 708 4359 -347
736 4295 806 4359 in
831 4295 1032 4360 unius
1079 4295 1512 4383 eiusdemque
1544 4296 1837 4362 schedae
1874 4295 2134 4382 paginis
2166 4295 2459 4382 scriptos

214 4393 428 4460 fuisse
476 4415 602 4459 suo
643 4393 796 4458 loco
842 4392 932 4458 ad
971 4415 1239 4458 versum
1282 4395 1404 4460 323
1450 4395 1810 4461 declarabo
1842 4444 1855 4457 .
1912 4417 2066 4459 nam
2105 4395 2173 4458 in
2217 4395 2461 4481 pagina

217 4513 466 4559 aversa
506 4491 802 4559 schedae
848 4492 1049 4559 huius
1090 4493 1240 4559 libri
1291 4502 1572 4581 quartae
1622 4494 1894 4560 fuerunt
1934 4515 2171 4560 versus
2218 4499 2459 4577 poetae
