3042 5192
599 442 743 511 244
1664 439 1766 546 vi

598 616 920 703 sanguine
937 665 954 693 ‚
977 623 1048 681 et
1073 614 1409 680 ulceribus
1436 613 1627 678 vocis
1654 613 1765 677 via
1792 619 2031 698 saepta
2059 612 2287 678 coibat
2302 663 2317 688 ‚

597 739 802 818 atque
831 731 1029 795 animi
1056 731 1392 816 interpres
1418 728 1738 794 manabat
1762 727 1990 813 lingua
2015 749 2286 805 cruore,

430 863 556 910 1150
601 845 947 910 debilitata
974 845 1164 909 malis
1181 894 1198 920 ‚
1219 851 1408 909 motu
1437 843 1697 930 gravis,
1718 862 1962 928 aspera
1988 849 2178 908 tactu
2196 893 2209 907 .

601 960 761 1025 inde
789 960 903 1024 ubi
931 982 1055 1046 per
1081 958 1313 1023 fauces
1340 965 1582 1044 pectus
1610 957 1979 1044 complerat
2009 965 2080 1022 et
2103 958 2321 1043 ipsum

600 1074 907 1140 morbida
932 1075 1036 1138 vis
1066 1074 1137 1137 in
1166 1094 1286 1138 cor
1318 1079 1645 1136 maestum
1679 1070 2094 1138 confluxerat
2122 1073 2339 1158 aegris
2359 1124 2373 1149 ‚

602 1191 823 1254 omnia
848 1197 990 1254 tum
1017 1208 1182 1253 vero
1210 1185 1373 1252 vitai
1400 1186 1697 1250 claustra
1721 1186 2043 1251 lababant
2058 1236 2072 1249 .

604 1306 878 1391 spiritus
907 1325 1026 1368 ore
1052 1302 1241 1367 foras
1268 1308 1560 1366 taetrum
1586 1301 1906 1389 volvebat
1934 1300 2212 1366 odorem
2230 1352 2246 1377 ,

437 1438 562 1483 1155
604 1418 883 1484 rancida
914 1441 1049 1504 quo
1078 1416 1391 1504 perolent
1418 1415 1724 1503 proiecta
1752 1415 2088 1481 cadavera
2109 1417 2244 1481 ritu
2262 1467 2276 1481 .

607 1541 811 1619 atque
841 1534 1038 1597 animi
1067 1551 1379 1619 prorsum
1406 1538 1550 1596 tum
1577 1532 1757 1596 vires
1785 1533 1998 1596 totius
2015 1581 2032 1608 ‚
2054 1553 2251 1596 omne

606 1649 968 1735 languebat
995 1668 1245 1735 corpus
1261 1695 1277 1722 ,
1297 1645 1416 1710 leti
1441 1645 1573 1709 iam
1599 1644 1820 1710 limine
1847 1648 1917 1712 in
1943 1648 2095 1734 ipso
2116 1696 2130 1711 .

607 1763 1274 1848 intolerabilibusque
1300 1760 1491 1826 malis
1521 1770 1670 1826 erat
1696 1762 1935 1826 anxius
1964 1782 2180 1848 angor

611 1877 893 1942 adsidue
925 1899 1149 1942 comes
1181 1885 1249 1942 et
1277 1877 1527 1964 gemitu
1556 1877 1915 1942 commixta
1943 1878 2242 1963 querella
2261 1927 2275 1941 .

442 2009 569 2056 1160
615 1993 1079 2079 singultusque
1105 1992 1424 2080 frequens
1452 2002 1724 2059 noctem
1751 2013 1878 2079 per
1905 2013 2109 2080 saepe
2138 1991 2448 2078 diemque

613 2109 952 2195 corripere
981 2108 1264 2173 adsidue
1291 2130 1542 2174 nervos
1570 2116 1641 2173 et
1665 2108 1964 2173 membra
1992 2115 2313 2173 coactans

614 2221 1033 2288 dissoluebat
1061 2246 1180 2289 eos
1197 2273 1214 2301 ‚
1238 2222 1547 2289 defessos
1575 2230 1734 2288 ante
1751 2271 1768 2299 ‚
1789 2222 2079 2309 fatigans
2098 2272 2114 2287 .

612 2359 740 2401 nee
765 2337 966 2403 nimio
996 2337 1304 2424 cuiquam
1331 2359 1577 2426 posses
1607 2336 1852 2402 ardore
1879 2339 2054 2402 tueri

617 2453 923 2538 corporis
951 2453 1020 2517 in
1050 2476 1306 2518 summo
1336 2474 1656 2518 summam
1682 2453 2063 2518 fervescere
2091 2459 2350 2539 partem
2370 2501 2385 2529 ‚

448 2583 574 2629 1165
620 2565 744 2630 sed
771 2567 998 2653 potius
1026 2566 1329 2653 tepidum
1355 2569 1663 2634 manibus
1690 2589 2078 2655 proponere
2104 2574 2359 2632 tactum

621 2688 690 2745 et
718 2680 911 2744 simul
936 2682 1273 2748 ulceribus
1305 2684 1497 2769 quasi
1524 2683 1769 2747 inustis
1798 2704 1995 2747 omne
2027 2683 2271 2748 rubere

620 2816 867 2883 corpus
886 2844 902 2872 ‚
922 2804 1001 2862 ut
1030 2805 1135 2862 est
1161 2819 1287 2884 per
1312 2800 1611 2864 membra
1636 2819 1832 2863 sacer
1860 2797 2019 2863 dum
2048 2796 2302 2874 diditur
2326 2797 2500 2884 ignis
2517 2847 2531 2860 .

618 2910 849 2975 intima
872 2932 1035 2997 pars
1061 2912 1403 2976 hominum
1429 2934 1596 2978 vero
1625 2912 1957 3000 flagrabat
1983 2913 2075 2977 ad
2102 2935 2260 2978 ossa
2276 2962 2292 2990 ,

619 3023 949 3112 flagrabat
977 3026 1325 3090 stomacho
1353 3027 1618 3092 flamma
1641 3036 1720 3093 ut
1746 3028 2135 3095 fornacibus
2159 3028 2341 3092 intus
2361 3077 2374 3091 .

453 3157 581 3204 1170
622 3141 718 3204 nil
746 3139 918 3204 adeo
948 3162 1189 3226 posses
1219 3141 1529 3226 cuiquam
1555 3143 1705 3207 leve
1731 3151 2069 3230 tenveque
2095 3144 2408 3208 membris

620 3260 887 3318 vertere
913 3255 984 3318 in
1010 3255 1363 3319 utilitatem
1381 3303 1398 3331 ‚
1420 3262 1490 3319 at
1516 3264 1792 3320 ventum
1821 3265 1892 3323 et
1917 3258 2169 3344 frigora
2195 3279 2461 3344 semper
2478 3308 2491 3321 .

626 3369 695 3432 in
724 3368 965 3433 fluvios
994 3369 1237 3455 partim
1264 3368 1528 3456 gelidos
1558 3369 1867 3434 ardentia
1892 3373 2130 3437 morbo

630 3483 928 3546 membra
957 3481 1211 3547 dabant
1227 3531 1243 3559 ‚
1264 3483 1519 3548 nudum
1546 3485 1866 3549 iacientes
1893 3507 2143 3574 corpus
2169 3486 2240 3549 in
2267 3484 2517 3550 undas.

459 3615 588 3660 1178
631 3597 820 3661 multi
848 3597 1249 3682 praecipites
1276 3599 1569 3686 lymphis
1597 3599 1976 3686 putealibus
2005 3601 2138 3665 alte

460 3728 588 3775 1174
628 3710 1043 3788 inciderunt,
1064 3713 1213 3798 ipso
1241 3714 1589 3780 venientes
1620 3736 1737 3779 ore
1764 3722 2074 3800 patente:

629 3826 1084 3892 insedabiliter
1111 3827 1255 3892 sitis
1286 3828 1507 3906 arida,
1532 3851 1823 3915 corpora
1848 3850 2150 3895 mersans
2167 3879 2184 3906 ‚

633 3944 967 4028 aequabat
994 3943 1271 4007 multum
1296 3945 1528 4030 parvis
1555 3944 1897 4009 umoribus
1924 3946 2201 4009 imbrem
2219 3994 2233 4008 .

960 4156 1041 4163 -..

645 4253 773 4301 1148
810 4250 1072 4302 viceribus
1124 4251 1147 4319 ΙΙ
1200 4253 1402 4306 coibet.
1451 4251 1472 4324 ΙΙ
1533 4260 1661 4308 1150
1710 4262 1877 4308 tacta.
1934 4254 1955 4325 ΙΙ
2015 4259 2141 4306 1153
2191 4259 2302 4306 tum
2336 4254 2437 4307 bis.
2492 4250 2513 4320 fl
2571 4251 2682 4302 1156
2721 4249 2804 4293 tun·

642 4341 910 4387 omissum.
945 4333 967 4403 ιι
1009 4339 1138 4385 1165
1174 4335 1339 4390 totius
1375 4338 1397 4405 ιι
1438 4342 1570 4390 1166
1606 4337 1868 4391 viceribus
1907 4337 1929 4405 n
1968 4342 2098 4390 1167
2139 4336 2188 4388 vi
2217 4343 2302 4390 est
2337 4333 2361 4406 η
2401 4319 2804 4388 1171verteretfl

641 4415 842 4487 frigore
877 4415 897 4486 ΙΙ
941 4423 1073 4470 1178
1107 4419 1354 4490 nymphis
