3042 5192
644 479 735 546 36
1745 473 1780 540 I

641 651 863 737 aquila
892 649 1202 713 Valerius
1231 646 1513 712 Flaccus
1556 648 1625 709 in
1670 670 1713 722 ι,
1737 647 1849 709 157
1883 647 2101 711 validis
2124 646 2335 733 fixam
2363 645 2544 730 eriqit
2581 646 2860 731 miym’lms

641 772 898 835 aqna-m.
935 747 1044 811 hic
1091 755 1346 821 autem,
1379 744 1494 809 ubi
1537 743 1624 806 de
1659 745 1928 830 gylemer-e
1970 744 2225 830 agitur,
2258 764 2406 806 cum
2438 744 2775 827 ylomerata
2800 753 2856 806 et

633 848 1083 934 ylomeramiua
1114 854 1181 909 et
1205 844 1651 928 conglomerari
1679 864 1816 906 non
1845 841 2050 906 modo
2083 841 2192 903 hic
2220 847 2426 925 poeta
2455 839 2732 915 dixerit,
2754 839 2856 904 sed

645 944 877 1010 eadem
898 964 1212 1006 mensura
1233 941 1387 1005 olim
1408 939 1666 1003 Ennius
1693 940 1873 1004 Eli-eu
1902 940 2002 1025 (eu
2032 938 2434 1025 exemplaria
2461 936 2669 1002 Nonii
2697 960 2753 1024 p.
2768 938 2856 1020 90)

639 1066 777 1106 mea
790 1042 1097 1128 somma,
1128 1050 1197 1102 ut
1223 1039 1430 1102 munia
1458 1038 1536 1128 in·
1552 1025 1650 1100 me
1679 1039 2093 1122 conylmneras
2119 1038 2322 1117 mala,
2353 1057 2518 1099 sane
2546 1037 2854 1123 improba-

638 1141 771 1204 bile
807 1138 1076 1202 videtur
1130 1138 1196 1200 in
1244 1135 1503 1199 nomine
1551 1134 1831 1220 simplici
1882 1135 2215 1198 diversam
2270 1135 2856 1220 pronuntiationem

642 1238 1010 1304 obtinuisse
1032 1285 1047 1310 ‚
1080 1233 1474 1320 praesertim
1520 1254 1670 1296 cum
1700 1231 1884 1317 apud
1912 1231 2267 1296 Horatium
2297 1232 2385 1295 sit
2413 1232 2490 1296 l't
2517 1235 2728 1298 vinosa
2747 1235 2855 1318 910-

642 1359 778 1399 mus
795 1385 808 1398 .
835 1341 939 1397 est
968 1341 1190 1396 tamen
1211 1327 1559 1393 fatendum
1580 1328 1747 1392 illud
1770 1329 2168 1393 vocabulum
2198 1329 2265 1392 in
2289 1350 2475 1393 suam
2503 1351 2854 1395 mensuram

642 1432 989 1498 redactum
1029 1429 1139 1492 hic
1184 1429 1425 1492 ceteris
1456 1428 1676 1513 aptari
1704 1449 1843 1491 non
1874 1448 2076 1513 posse
2106 1427 2232 1490 nisi
2259 1426 2392 1490 hoc
2421 1427 2628 1492 modo
2661 1477 2676 1502 ‚
2714 1430 2855 1493 Nam

640 1535 695 1597 si
724 1530 1128 1595 tantundemst
1164 1526 1232 1588 in
1273 1525 1548 1610 plumbo
1592 1525 1890 1609 corpori'
1919 1537 2216 1612 quantum
2244 1524 2324 1588 In
2366 1525 2560 1590 lanae
2589 1527 2855 1613 glomere

642 1641 727 1694 est
748 1677 764 1707 ,
805 1627 1154 1691 tantundem
1181 1624 1456 1708 pendere
1487 1645 1618 1707 par
1647 1634 1776 1706 θείς
1821 1644 1993 1708 quae
2036 1624 2163 1687 etsi
2207 1644 2288 1687 eo
2329 1625 2609 1689 consilio
2632 1674 2648 1700 ‚
2681 1635 2758 1689 ut
2789 1646 2854 1688 ne

645 1725 919 1811 corporis
956 1743 1197 1786 nomen
1226 1747 1257 1784 s
1284 1721 1511 1784 littera
1554 1721 1832 1807 antiquo
1873 1743 2060 1785 more
2092 1721 2252 1786 elisa
2282 1720 2640 1787 dicendum
2669 1731 2854 1794 esset,

641 1833 777 1888 tam
818 1822 1093 1886 licenter
1134 1819 1463 1882 immutari
1503 1819 1832 1904 potuisse-
1863 1818 2180 1883 credibile
2221 1827 2326 1884 est
2354 1869 2370 1896 ‚
2417 1820 2628 1884 nihilo
2667 1822 2855 1884 minus

643 1928 912 1986 constat
938 1920 1008 1982 in
1036 1918 1261 2003 lingua
1288 1917 1532 1982 Latina
1561 1917 1861 2002 vulgaria
1902 1916 2230 2003 quaedam
2269 1919 2600 1983 vocabula
2628 1919 2734 1983 vel
2757 1940 2854 1982 no·

641 2021 852 2095 mina,
885 2026 955 2081 et
982 2017 1223 2104 partim
1251 2023 1590 2081 vetustate
1636 2016 2034 2093 obscurata,
2068 2016 2320 2080 habere
2363 2037 2738 2083 mensuram
2762 2025 2856 2080 aut

644 2119 1015 2204 ambiguam
1045 2122 1162 2179 aut
1190 2114 1275 2178 ab
1306 2113 1561 2199 origine
1591 2135 1713 2177 sua
1743 2113 2110 2179 diversam.
2133 2115 2230 2178 ita
2259 2114 2575 2180 differunt
2603 2117 2770 2179 inter
2795 2134 2852 2178 se

630 2240 827 2302 pasus
857 2223 924 2279 et
941 2214 1240 2300 pusillae,
1265 2212 1389 2299 offa
1418 2218 1489 2274 et
1517 2211 1748 2297 osella,
1787 2211 2064 2278 mamma
2094 2222 2163 2277 et
2187 2215 2499 2294 mantilia,
2522 2216 2776 2278 scr-ibere
2801 2223 2852 2275 et

645 2315 1129 2379 conscribillent.
1168 2333 1209 2374 a
1249 2322 1490 2375 macione
1533 2317 1601 2372 et
1641 2313 1899 2377 moetino
1928 2321 2085 2377 sunt
2112 2337 2155 2376 u
2189 2325 2504 2399 correpta
2529 2313 2851 2376 mammeti.

631 2414 901 2497 pumilos
936 2435 981 2474 u
1021 2412 1211 2475 brevi
1256 2415 1323 2471 et
1353 2409 1703 2493 pumilones
1747 2408 1978 2473 eadem
2039 2411 2240 2496 longa
2283 2408 2532 2474 dixisse
2585 2409 2852 2474 creditur

646 2511 906 2572 Statius
927 2510 1357 2593 :pumilionem
1385 2504 1720 2592 producte
1749 2507 2104 2573 Lucretius
2136 2516 2204 2573 et
2232 2508 2562 2572 Martialis
2579 2557 2594 2571 .
2612 2509 2849 2595 9alliaa·

645 2630 817 2670 ceum
831 2604 1165 2692 producte
1178 2603 1457 2667 Plautus
1472 2652 1487 2678 ,
1503 2601 1796 2669 Lucilius
1808 2655 1825 2682 ‚
1840 2605 2127 2672 Titinius
2144 2607 2426 2671 Charisii
2444 2605 2850 2691 p.192,Phae·

645 2704 810 2769 drus
839 2752 855 2780 ‚
900 2705 995 2767 sic
1035 2714 1345 2767 mustacea
1383 2702 1716 2766 Iuvenalis
1761 2712 1830 2767 et
1872 2706 2126 2770 Statius
2168 2706 2309 2769 silv.
2352 2705 2464 2781 1‚6‚
2483 2704 2601 2769 19:
2642 2715 2850 2769 eontra

641 2804 965 2867 merdacea
1007 2809 1316 2886 correpte
1354 2800 1422 2864 in
1451 2800 1740 2889 Priapeo
1772 2802 1871 2880 69,
1891 2805 1932 2867 8
1951 2853 1964 2867 .
2021 2802 2237 2867 Varro
2271 2803 2357 2867 de
2387 2803 2615 2888 lingua
2639 2802 2849 2867 Latina

644 2901 933 2987 1xp.533
978 2903 1044 2963 in
1084 2902 1213 2986 leqe
1251 2899 1608 2963 venditioni-s·
1630 2899 1827 2986 fwidz
1865 2901 2085 2985 inquit
2123 2913 2265 2965 ruta
2295 2925 2472 2965 caesa
2508 2903 2599 2965 ita
2625 2902 2849 2965 dicivmoe

642 3013 711 3066 ut
734 3025 778 3064 u
807 3001 1229 3086 producamus
1249 3024 1271 3061 .·
1309 2996 1433 3061 sed
1476 2995 1676 3060 iidem
1720 3010 1895 3062 eruta
1936 2999 2129 3062 aliter
2180 2998 2496 3064 dicebant
2525 3047 2541 3074 ‚
2588 2999 2845 3082 itemque

642 3111 884 3164 matrum
925 3106 993 3163 et
1029 3097 1317 3162 rutellwm
1358 3120 1402 3158 u
1452 3104 1767 3183 correpto
1806 3095 2217 3182 Pomponius
2257 3107 2324 3161 et
2362 3097 2656 3162 Lucilius
2695 3093 2846 3184 apud

644 3198 934 3261 Nonium
973 3219 1037 3281 p.
1060 3195 1136 3260 18
1166 3245 1179 3258 .
1220 3192 1501 3258 Ovidius
1542 3194 1612 3256 in
1668 3216 1713 3257 v
1753 3191 2078 3259 fastorum
2121 3194 2238 3259 421
2287 3197 2468 3259 Ritus
2506 3198 2628 3260 erit
2667 3195 2847 3260 ceteris

643 3306 944 3358 nocturna
974 3294 1275 3358 Lemuria
1301 3294 1500 3372 sacri,
1532 3300 1602 3355 et
1629 3290 1875 3356 ibidem
1903 3292 2026 3356 483
2057 3294 2213 3357 Mox
2239 3295 2422 3357 etiam
2457 3294 2715 3359 lemures
2739 3294 2843 3356 ani·

642 3414 778 3453 mas
806 3392 1020 3453 dixere
1047 3392 1326 3453 silentum
1356 3439 1369 3452 .
1409 3390 1643 3454 Sabwm
1679 3388 2012 3476 producte
2043 3390 2242 3454 Silius
2271 3390 2542 3454 Italicus
2571 3390 2845 3468 vn1‚424,

646 3509 685 3550 a
715 3508 851 3570 quo
886 3487 1145 3550 Sabinos
1183 3488 1562 3573 appellatos
1607 3486 1769 3552 dicit
1795 3537 1809 3550 .
1846 3488 2244 3552 Mamm-am
2285 3489 2496 3573 prima
2535 3490 2722 3555 brevi
2748 3487 2844 3552 ca·

645 3583 850 3648 tullus
874 3630 889 3657 ,
915 3581 1149 3647 eadem
1177 3583 1380 3670 longa
1408 3585 1738 3650 Horatius
1755 3634 1769 3650 .
1804 3585 2203 3673 Propertius
2235 3586 2625 3674 Luceresque
2653 3588 2844 3658 coloni,

649 3680 932 3745 Ovidius
957 3682 1416 3770 Duceribusque
1445 3685 1636 3748 dedit.
1661 3684 1903 3748 horum
1931 3684 2101 3748 alter
2123 3687 2212 3748 At
2234 3684 2342 3748 tibi
2370 3685 2656 3749 Mamur-i
2669 3733 2686 3764 ,
2709 3685 2845 3748 alter

646 3779 939 3844 Praemia
956 3782 1314 3864 persolvunt
1342 3782 1847 3868 Mamuriumque
1873 3793 2090 3845 vocant
2104 3831 2118 3844 .
2145 3780 2484 3865 Vergilius
2511 3784 2846 3869 Catinaeque

644 3901 908 3964 acerque
945 3880 1134 3943 Cora-s·
1156 3927 1174 3958 ,
1211 3900 1407 3963 quem
1438 3880 1742 3964 sequitur
1774 3879 1973 3943 Silius
1993 3927 2009 3953 ,
2039 3878 2364 3944 Horatius
2403 3880 2588 3945 Circa
2615 3882 2751 3944 mite
2771 3901 2845 3943 εο-

642 3975 772 4036 lum
810 3976 1052 4040 Tiburis
1093 3988 1149 4040 et
1183 3978 1427 4041 moenia
1464 3979 1643 4042 Catili
1654 4027 1672 4058 ‚
1705 3977 1961 4042 Statius
1991 3977 2080 4041 ad
2108 3977 2556 4043 Horatianum
2593 3977 2750 4044 illud
2773 3975 2845 4039 al-

642 4069 886 4134 ludens
915 4074 1258 4159 dictwmque
1288 4075 1428 4159 lyra
1464 4077 1700 4140 maiore
1737 4076 2020 4140 Catillum
2053 4125 2066 4139 .
2110 4074 2391 4139 Ovidius
2428 4074 2750 4141 fastorum
2775 4094 2845 4144 Vl,

647 4168 765 4232 139
796 4169 914 4234 Est
938 4171 1063 4233 illis
1091 4171 1376 4255 sti-iyibus
1402 4195 1622 4236 nomen
1639 4220 1658 4252 ,
1688 4173 1916 4258 itaque
1946 4173 2052 4237 alii
2070 4223 2086 4250 ‚
2110 4172 2234 4238 sed
2261 4173 2544 4239 Plautus
2573 4176 2640 4238 in
2667 4172 2845 4237 Pseu·

641 4266 802 4330 dulo
845 4289 944 4342 111,
960 4265 1106 4342 2,31
1159 4269 1310 4331 Nou
1352 4270 1744 4334 cmidimentis
1785 4271 2072 4335 condiunt
2088 4320 2106 4350 ,
2149 4273 2258 4337 sed
2293 4272 2580 4358 striqibus
2598 4298 2620 4334 .·
2654 4287 2843 4353 neque

642 4367 812 4429 enim
851 4367 1140 4451 sti-inqem
1183 4364 1524 4430 Charisius
1568 4366 1836 4432 videtur
1880 4370 2230 4457 scripsisse
2262 4370 2427 4456 p.84
2453 4418 2469 4446 ‚
2510 4367 2636 4432 sed
2674 4367 2844 4431 libra-

639 4464 776 4526 rius
808 4513 821 4527 .
860 4463 1044 4527 canis
1088 4474 1401 4549 verti-aque
1444 4460 1604 4527 acer'
1619 4464 1904 4529 Martiali
1938 4467 2245 4541 x1v‚200:
2282 4465 2555 4530 Gratius
2586 4465 2702 4528 203
2729 4484 2842 4525 ver-
