3042 5192
1281 473 1348 539 V
2138 571 2156 590 .
2287 474 2426 543 319

403 651 466 702 lo
503 651 747 704 Animam
785 657 836 702 et
873 650 1101 702 animum
1137 666 1246 701 non
1284 666 1449 719 posse
1485 665 1608 704 esse
1643 648 1761 704 siue
1794 664 2025 719 corpore

502 734 585 785 Dc
621 734 752 788 solis
790 741 844 786 ct
880 733 1036 785 lunae
1072 733 1357 785 offectione

499 818 580 869 De
616 818 892 872 nativitate
927 817 1108 871 mundi
1147 828 1200 869 et
1237 816 1319 869 dis

499 901 760 955 Mundum
798 920 906 954 non
945 920 1067 955 esse
1105 902 1170 954 ab
1209 900 1669 970 disconpositionc
1707 916 1884 951 rerum
1921 918 2023 970 que

494 986 736 1038 stitutum
775 986 827 1038 in
865 1003 930 1038 eo
967 992 1092 1038 sunt

397 1070 458 1120 15
496 1068 593 1121 Cui
628 1087 756 1140 pars
792 1071 972 1122 nativa
1008 1070 1080 1123 sit
1113 1075 1284 1121 totum
1321 1067 1557 1119 nativum
1597 1083 1717 1120 esse

497 1152 583 1205 De
617 1154 886 1206 centauris
924 1151 992 1205 de
1027 1152 1192 1206 sculla
1230 1150 1299 1204 de
1334 1158 1480 1204 terra
1514 1150 1584 1204 de
1617 1168 1754 1221 aqua
1789 1150 1857 1203 de
1895 1167 2019 1203 aere
2054 1152 2168 1204 sive

495 1237 667 1289 anima
701 1236 770 1290 de
803 1237 1069 1290 chimeera

389 1319 459 1372 32
495 1320 580 1372 De
614 1320 739 1373 lune
774 1337 934 1373 cursu

497 1403 580 1456 De
616 1402 705 1456 die
740 1403 904 1473 longo
943 1411 997 1456 et
1033 1403 1181 1456 brevi
1218 1409 1378 1455 nocte

496 1503 562 1538 ex
599 1485 686 1540 ida
723 1487 870 1540 viseo
906 1486 1038 1540 solis

180 1623 413 1706 itaque
442 1619 625 1683 hune
652 1620 723 1683 in
752 1618 988 1684 codiee
1017 1618 1395 1705 archetypo
1426 1616 1698 1682 vel-hoe
1728 1617 1840 1682 vel
1868 1618 2191 1684 simillimo
2216 1619 2425 1685 modo

180 1720 586 1806 dispositum
612 1717 822 1782 fuisse
853 1718 1158 1783 existimo
1178 1766 1191 1781 .

290 1868 457 1932 Plus
487 1866 866 1932 hominibus
907 1864 1244 1951 profuisse
1277 1865 1390 1951 qui
1432 1864 1825 1950 sapientiam
1860 1865 2189 1928 invenerit

295 1989 494 2054 quam
530 1966 840 2030 Cererem
867 1964 1182 2029 Liberum
1209 1964 1602 2028 Herculem.

289 2067 596 2131 Animam
627 2067 922 2128 nativam
954 2084 1103 2127 esse
1123 2114 1136 2127 .

288 2166 396 2230 De
424 2161 673 2228 mundo
691 2212 705 2225 .
1710 2188 1733 2225 5
1760 2187 1821 2224 De
1846 2186 1962 2224 lunae
1987 2187 2139 2226 lumine
2156 2214 2165 2223 .

289 2264 395 2328 De
427 2262 587 2325 solis
619 2269 686 2324 et
713 2260 910 2324 lunae
941 2281 1143 2324 eursu
1163 2307 1177 2321 .
1711 2285 1773 2322 no
1798 2286 1893 2323 ..nna
1920 2286 2195 2337 temporibus.

291 2363 484 2427 Mare
516 2361 769 2424 eaelum
797 2367 1045 2424 terram
1070 2358 1423 2422 interitura
1442 2406 1456 2419 .
1716 2385 1776 2422 no
1802 2385 1967 2436 “up-1.

175 2489 223 2526 ιο
291 2461 595 2527 Animam
628 2466 697 2522 et
725 2458 1012 2523 animum
1042 2479 1179 2521 non
1209 2478 1410 2544 posse
1443 2477 1591 2518 esse
1622 2456 1764 2519 sine
1797 2481 1941 2523 eor-

285 2583 456 2648 ΡΟΓΘ
475 2608 489 2622 .
811 2582 871 2622 De
897 2582 1002 2621 toli·
1028 2588 1069 2622 et
1094 2581 1213 2621 lunae
1239 2580 1476 2620 effectione.
1780 2583 1842 2621 De
1867 2585 2077 2624 nativitate
2102 2584 2242 2623 mnndi
2269 2591 2309 2623 et
2335 2585 2418 2623 ‹lis-

288 2658 619 2723 Mundum
673 2677 814 2720 non
865 2677 1014 2720 esse
1073 2656 1158 2719 ab
1214 2654 1318 2719 dis
1369 2675 1497 2717 eon
1517 2679 1747 2729 -posmooo
1774 2693 1908 2720 mon
1933 2696 2013 2733 quo

285 2759 592 2823 stitutum
620 2783 687 2821 ,in
714 2795 762 2821 oo
789 2788 908 2821 mot.
1185 2781 1232 2818 ιτ,
1260 2753 1379 2816 Cui
1409 2774 1569 2839 pars
1598 2754 1828 2817 nativa
1858 2756 1972 2832 sit,
2004 2764 2217 2820 totum
2248 2759 2416 2822 nati-

284 2879 445 2921 vum
469 2877 634 2920 esse.
745 2880 807 2919 no
829 2877 1056 2918 Centauri..
1078 2878 1139 2917 no
1152 2878 1300 2917 Scau..
1329 2851 1432 2915 De
1445 2859 1645 2914 terra.
1661 2851 1764 2916 De
1779 2873 1972 2939 aqua.
1990 2853 2094 2917 De
2107 2861 2258 2919 aere
2278 2856 2416 2920 sive

281 2955 504 3019 anima
521 3003 534 3017 .
565 2980 627 3018 De
654 2978 886 3018 Chimera.
1101 2951 1206 3015 De
1233 2949 1372 3035 igni
1403 2956 1471 3011 et
1500 2949 1643 3012 SOlO
1661 2999 1674 3012 .
1705 2977 1801 3016 Non
1827 2978 2019 3029 potuine
2049 2979 2275 3018 Chimenm
2302 2986 2343 3018 et

280 3054 390 3118 De
419 3051 724 3139 lampade
757 3062 825 3115 et
852 3052 1128 3115 lucerna
1146 3098 1159 3113 .
1192 3074 1372 3125 Seyuam
1396 3079 1437 3111 ot
1463 3071 1616 3110 -smuu
1641 3086 1781 3111 eorum
1806 3074 1938 3126 gigni.

159 3175 214 3213 20
281 3151 390 3216 De
420 3150 734 3215 aedificiis
753 3198 768 3224 ‚
801 3171 998 3236 quem
1027 3146 1389 3212 admodum
1440 3173 1659 3220 Quomodo
1686 3174 1921 3212 hominnm.
1951 3176 2011 3213 io-

277 3251 618 3315 intereant
637 3300 651 3313 .
683 3281 776 3314 unta
801 3275 857 3313 sit
883 3274 1052 3313 deorum
1078 3271 1248 3324 opinio.

284 3349 514 3428 Quare
627 3356 788 3412 nata
900 3347 1120 3411 omnia
1233 3343 1414 3409 dieta
1432 3395 1445 3409 .
1480 3372 1611 3419 Qum
1636 3373 1852 3414 ..amodum
1878 3386 2020 3413 mmo

283 3447 512 3527 Quare
564 3446 925 3510 aeternitas
990 3465 1137 3508 esse
1199 3444 1449 3531 possit.
1482 3444 1573 3510 Et
1632 3447 1859 3512 nativa
1911 3469 2092 3513 csse.
2127 3478 2331 3526 „gentum

1166 3529 1377 3579 plumbum

157 3605 211 3642 25
277 3579 388 3644 De
447 3577 784 3643 Phetonte
843 3577 1005 3642 SOliS
1061 3576 1195 3641 filio
1218 3625 1233 3639 0
1293 3608 1500 3653 repertum
1526 3603 1603 3642 nit.

278 3677 493 3763 Origo
523 3676 751 3740 mundi
783 3685 852 3741 et
881 3676 1195 3740 omnium.
1229 3701 1361 3748 Quom
1388 3702 1609 3743 ulmam
1635 3704 1785 3744 comm

270 3778 382 3843 De
413 3778 574 3842 solis
605 3785 674 3842 et
702 3778 898 3842 lunae
928 3775 1414 3862 magnitudine.
1446 3803 1657 3843 novooton
1683 3803 1760 3842 ῆι.

273 3877 384 3941 De
415 3876 578 3940 solis
606 3875 1063 3962 magnitudine
1080 3923 1096 3938 .

271 3976 381 4040 De
411 3975 602 4039 luna.

142 4099 201 4134 ao
269 4073 380 4137 De
412 4072 636 4136 calore
663 4072 826 4137 s‘olis
847 4121 860 4134 .

265 4171 640 4236 Democriti
673 4169 759 4234 de
789 4171 932 4235 sole
951 4218 965 4231 .

265 4272 376 4336 De
389 4271 547 4336 lune
566 4291 768 4336 cursu
786 4319 800 4333 .
1744 4269 1851 4334 Ex
1867 4269 1991 4334 Ida
2002 4271 2188 4335 viseo
2203 4271 2363 4335 solis
2385 4321 2397 4335 .

781 4368 885 4432 De
899 4368 1007 4433 die
1020 4369 1223 4455 longo
1241 4377 1312 4433 et
1322 4370 1510 4434 brevi
1526 4375 1726 4432 nocte
1745 4417 1758 4431 .

327 4484 470 4548 930.
515 4504 663 4548 mec
720 4503 912 4547 Lam
983 4505 1384 4547 coaroms
1453 4505 1695 4546 ULLA.
1774 4481 2125 4568 Oblongus
2184 4485 2395 4570 prima
