3042 5192
596 473 680 539 10
1524 488 1867 539 Rscsnsm

584 645 719 710 fide
760 642 1129 729 eademque
1171 650 1323 707 arte
1367 662 1501 726 qua
1528 638 1905 704 Mediceum
1933 636 2212 723 Vergilii
2241 638 2544 702 codicem
2575 635 2814 723 Foggi·

587 744 735 808 nius
778 741 1143 828 expressit,
1178 741 1223 804 ii
1266 740 1515 803 librarii
1558 739 1672 824 qui
1699 736 2077 802 Vossianus
2117 737 2668 824 conscripserunt
2707 755 2818 798 ex-

588 841 840 926 emplar
869 838 1399 925 antiquissimum
1428 857 1550 923 per
1581 835 1827 900 ductus
1854 836 2227 900 litterarum
2254 835 2556 946 singulos
2584 834 2820 898 imitati

590 945 849 1014 essent,
870 939 940 1001 in
960 926 1256 1002 Lucretii
1277 934 1679 1000 carminibus
1700 932 2171 1008 recensendis,
2196 934 2510 1018 quoniam
2529 939 2822 1016 uterque

592 1036 829 1101 'eodem
871 1035 1175 1122 exemplo
1218 1033 1509 1119 scriptus
1553 1038 1770 1106 esset,
1800 1052 2021 1115 neque
2048 1031 2093 1093 ii
2121 1038 2382 1095 tantum
2407 1051 2702 1117 usquam
2727 1030 2822 1092 in-

588 1143 694 1199 ter
736 1157 810 1198 se
853 1139 1175 1218 quantum
1214 1131 1556 1195 Romanus
1613 1137 1681 1193 et
1721 1127 2069 1192 Mediceus
2107 1127 2408 1193 Maronis
2463 1128 2824 1193 dissentire

591 1239 875 1319 possent
892 1281 907 1307 ,
928 1230 1093 1294 nihil
1120 1250 1280 1293 sane
1311 1225 1645 1314 agendum
1674 1233 1853 1290 esset
1878 1227 2006 1291 nisi
2031 1234 2111 1290 ut
2138 1228 2456 1313 paucula,
2476 1228 2547 1290 in
2581 1227 2823 1311 quibus

593 1351 824 1396 eorum
847 1329 1170 1393 alteruter
1199 1333 1551 1413 peccasset
1568 1374 1586 1400 ,
1606 1332 2038 1390 notarentur:
2060 1345 2212 1388 nam
2238 1323 2400 1410 quid
2419 1325 2638 1412 prima
2663 1323 2823 1410 quid

594 1429 721 1493 alia
746 1448 946 1492 manu
964 1476 979 1503 ‚
1004 1424 1165 1511 quid
1207 1425 1380 1488 inter
1408 1444 1646 1487 versus
1675 1429 1792 1486 aut
1831 1424 1900 1486 in
1928 1422 2224 1508 margine
2252 1422 2577 1510 scriptum
2607 1431 2795 1487 esset
2809 1472 2824 1496 ,

594 1526 758 1612 quid
798 1524 1143 1589 inductum
1183 1542 1445 1586 erasum
1486 1520 2010 1608 superscriptum
2029 1568 2045 1595 ,
2077 1520 2240 1605 quid
2281 1519 2574 1605 denique
2612 1520 2686 1584 vi
2715 1529 2827 1584 aut

592 1622 869 1689 madore
910 1622 1252 1687 interisset
1268 1669 1283 1695 ,
1319 1640 1400 1683 ea
1442 1619 1663 1683 omnia
1713 1618 1866 1683 libri
1907 1618 2124 1684 nostri
2166 1619 2670 1683 accuratissime
2716 1640 2823 1682 ex-

594 1742 833 1809 pressa
869 1723 1454 1805 repraesentarent
1471 1766 1484 1779 .
1522 1738 1756 1781 verum
1795 1714 1993 1780 huius
2034 1714 2217 1780 modi
2258 1716 2423 1780 artis
2450 1738 2593 1780 non
2620 1715 2824 1781 modo

593 1821 707 1885 illo
746 1828 1051 1905 tempore
1092 1815 1385 1880 studium
1432 1814 1562 1878 fuit
1603 1814 1886 1886 nullum,
1919 1814 2101 1878 nulla
2148 1814 2454 1878 utilitatis
2494 1815 2792 1900 cognitio
2810 1864 2825 1888 ‚

596 1915 721 1983 sed
748 1939 834 1981 ne
860 1915 1084 1980 multis
1115 1913 1380 1999 quidem
1410 1920 1575 2000 post
1599 1912 1713 1975 illa
1741 1911 2057 1976 saeculis:
2090 1933 2311 1997 neque
2339 1911 2696 1976 Iohannen
2724 1912 2824 1976 Io-

596 2017 859 2080 vianum
898 2014 1277 2078 Pontanum
1319 2033 1521 2075 unum
1564 2011 1783 2075 Taciti
1827 2010 2118 2074 libellum
2165 2018 2301 2074 tam
2359 2011 2827 2097 superstitiosa

597 2112 953 2178 sedulitate
999 2110 1506 2194 transcripsisse
1558 2109 1733 2174 ullus
1777 2108 1981 2172 homo
2037 2107 2364 2195 suspicari
2412 2109 2638 2193 potuit
2654 2159 2671 2184 ,
2702 2109 2826 2173 nisi

596 2211 946 2296 insigniter
974 2230 1334 2295 perversus
1353 2256 1368 2270 .
1391 2208 1620 2292 itaque
1651 2227 1732 2270 ea
1761 2208 1981 2271 omnia
2008 2207 2427 2271 auctoritatis
2455 2216 2825 2280 momenta,

598 2330 771 2395 quae
791 2357 807 2383 ,
840 2308 898 2371 si
934 2307 1153 2392 ipsum
1193 2305 1531 2390 exemplar
1573 2313 1950 2369 ceterorum
1988 2305 2354 2391 archetypa»
2393 2305 2797 2369 haberemus
2811 2354 2826 2378 ,

599 2407 809 2470 oculis
840 2403 1185 2469 observari
1211 2409 1498 2487 possent
1514 2451 1531 2478 ,
1551 2403 1649 2467 ita
1678 2402 1960 2468 confusa
1986 2411 2317 2491 apparent
2345 2411 2422 2467 ut
2447 2404 2826 2468 recensenti

598 2504 787 2589 paria
813 2500 1028 2566 videri
1055 2500 1379 2566 debeant.
1414 2501 1549 2565 hoc
1589 2500 1741 2566 dico
1772 2551 1785 2566 .
1829 2503 2229 2589 ubicumque
2257 2502 2660 2567 testimoniis
2699 2500 2826 2565 fide

603 2600 821 2686 dignis
864 2599 1041 2662 inter
1081 2619 1155 2662 se
1197 2598 1460 2663 collatis
1500 2600 1928 2686 perspicuum
1971 2608 2077 2665 est
2113 2601 2185 2664 in
2212 2600 2591 2687 archetypo
2621 2601 2826 2685 scrip·

598 2707 818 2763 turam
857 2695 1064 2760 fuisse
1110 2694 1440 2781 duplicem
1468 2690 1637 2782 (hoc
1668 2706 1887 2762 autem
1916 2698 2012 2763 ita
2041 2706 2147 2763 est
2163 2748 2178 2775 ‚
2203 2699 2515 2784 quotiens
2544 2700 2829 2784 oblmyus

602 2806 672 2860 et
711 2795 1046 2881 maadi-atus
1080 2793 1254 2857 inter
1301 2815 1375 2858 se
1422 2793 1826 2860 dissentiunt
1843 2845 1859 2871 ,
1895 2818 2115 2882 neque
2168 2818 2398 2861 eorum
2436 2796 2828 2861 alterutrum

600 2912 882 2980 peccare
921 2897 1038 2955 aut
1078 2911 1114 2954 e
1153 2891 1387 2956 schedis
1424 2899 1542 2956 aut
1583 2913 1667 2955 ex
1696 2894 1929 2958 Italicis
1968 2895 2108 2959 sive
2137 2917 2336 2959 manu
2377 2894 2653 2982 scriptis
2694 2894 2828 2957 sive

598 2992 907 3077 inpressi-s·
956 2991 1310 3076 apparet),
1356 2988 1448 3053 ad
1499 2992 1962 3057 recensionem
2009 2992 2324 3058 iudicium
2377 2991 2831 3056 adhibendum

603 3096 741 3165 est,
763 3108 983 3174 neque
1011 3094 1148 3152 tam
1177 3094 1365 3152 certo
1393 3095 1550 3180 utra
1575 3089 1913 3174 scriptura
1951 3091 2287 3176 antiquior
2314 3089 2517 3155 fuerit
2548 3089 2687 3154 dici
2715 3111 2829 3175 po-

602 3195 738 3254 test
755 3237 771 3264 ,
808 3209 1009 3273 quam
1046 3193 1200 3250 utra
1243 3193 1360 3250 aut
1398 3207 1563 3250 vera
1602 3196 1721 3252 aut
1756 3209 1958 3253 verae
1997 3191 2277 3276 propior
2322 3190 2411 3253 sit
2467 3187 2801 3275 disputari
2817 3235 2830 3249 .

602 3285 726 3350 sed
756 3305 880 3369 ego
911 3306 1061 3348 cum
1088 3284 1222 3348 hoc
1252 3282 1338 3347 de
1369 3285 1641 3349 testium
1664 3283 1976 3351 dissensu
2000 3285 2313 3352 iudicium
2341 3307 2556 3374 paene
2585 3287 2832 3372 ubique

604 3382 1041 3447 certissimum
1072 3388 1139 3444 et
1168 3388 1361 3445 extra
1388 3384 1754 3468 periculum
1783 3386 2076 3470 positum
2115 3385 2596 3449 intellexissem
2614 3434 2631 3459 ,
2653 3383 2834 3447 nolui

601 3477 860 3544 mendis
880 3526 896 3554 ,
933 3499 1106 3563 quae
1147 3478 1215 3541 in
1254 3478 1467 3544 altero
1504 3482 1678 3546 libro
1733 3490 1996 3559 essent,
2025 3484 2094 3547 in
2136 3473 2348 3547 altero
2387 3504 2525 3546 non
2572 3489 2836 3554 essent,

605 3575 1072 3641 enumerandis
1115 3574 1408 3641 taedium
1451 3585 1521 3643 et
1561 3579 1721 3643 mihi
1761 3588 1830 3645 et
1866 3580 2233 3645 lectoribus
2273 3579 2497 3644 facere
2527 3580 2676 3644 sine
2701 3580 2836 3643 ullo

604 3673 696 3739 ad
738 3694 970 3737 verum
1006 3673 1475 3739 inveniendum
1518 3677 1961 3743 emolumento
1983 3728 1996 3742 .
2022 3680 2162 3745 scio
2195 3677 2465 3765 quidem
2489 3679 2746 3743 multos
2773 3679 2838 3740 in

603 3773 733 3837 hac
772 3794 847 3837 re
890 3772 1356 3837 confidentiam
1394 3794 1606 3838 meam
1650 3777 2181 3862 reprehensuros
2227 3798 2377 3841 esse
2395 3826 2412 3852 ,
2435 3778 2554 3862 qui
2581 3777 2746 3841 mihi
2772 3774 2840 3840 id

606 3870 793 3956 quod
830 3870 958 3956 ipsi
996 3869 1229 3935 videre
1268 3872 1478 3936 velint
1518 3871 1703 3937 credi
1748 3874 2115 3960 postulem:
2146 3872 2269 3938 sed
2296 3874 2368 3937 hi
2398 3883 2600 3938 erunt
2625 3873 2773 3938 fere
2799 3872 2838 3935 ii

606 3969 723 4053 qui
750 3974 867 4031 aut
895 3989 968 4032 se
998 3967 1265 4055 Heynio
1297 3977 1367 4033 et
1394 3969 1708 4056 Philippo
1739 3971 2086 4057 Wagnero
2117 3970 2204 4035 de
2225 3971 2536 4036 Mediceo
2559 3971 2842 4058 Vergilii

605 4064 838 4131 codice
877 4064 1054 4130 idem
1094 4066 1464 4131 concedere
1481 4117 1497 4144 ,
1536 4069 1846 4153 quoniam
1884 4070 1978 4134 illi
2015 4091 2089 4134 se
2127 4069 2334 4133 multa
2379 4071 2673 4134 tacuisse
2704 4090 2838 4132 non

607 4163 920 4229 dixerunt
936 4213 951 4240 ,
972 4165 1277 4229 nesciant
1293 4213 1309 4241 ,
1332 4172 1450 4229 aut
1476 4166 1546 4229 in
1575 4166 1853 4231 alienam
1897 4165 2304 4253 diligentiam
2321 4216 2336 4242 ,
2358 4176 2436 4231 ut
2462 4167 2716 4253 ingenii
2743 4167 2844 4230 sui

604 4262 1085 4347 praestantiam
1117 4269 1492 4338 ostentent,
1517 4264 1792 4349 cupiant
1816 4265 2115 4329 involare
2133 4314 2148 4328 .
2174 4265 2416 4351 quibus
2447 4285 2573 4351 ego
2601 4272 2846 4328 auctor

605 4382 752 4423 sum
791 4366 868 4423 ut
907 4366 1058 4435 aut,
1089 4359 1143 4423 si
1172 4361 1475 4445 possint,
1497 4361 1656 4425 mihi
1675 4409 1690 4437 ,
1713 4361 1962 4427 homini
1994 4362 2260 4448 quidem
2288 4384 2507 4448 neque
2536 4383 2846 4427 errorum

608 4458 902 4545 experti,
933 4478 1069 4522 non
1108 4465 1329 4522 tamen
1368 4460 1560 4524 nimis
1598 4460 1934 4525 incurioso
1964 4470 2082 4526 aut
2111 4461 2488 4547 neglegenti
2506 4510 2521 4536 ,
2557 4458 2848 4524 credant
