3042 5192
1242 477 1344 545 VI
2259 484 2401 554 237

62 671 132 716 ⁹³6
247 652 445 717 Nunc
476 652 691 716 omnis
720 659 1023 740 repetam
1055 672 1255 737 quam
1283 672 1442 716 raro
1476 649 1764 738 corp'ore
1794 656 1929 720 sint
1956 678 2068 723 res

179 788 720 845 commemorare3
744 765 932 852 quod
959 767 1030 830 in
1058 767 1273 853 primo
1305 787 1579 853 quoque
1610 769 1899 833 carmine
1930 771 2170 839 claret:

180 883 413 970 quippe
444 883 687 948 etenim
710 931 725 958 ‚
749 902 1151 968 quamquam
1180 881 1424 946 multas
1453 880 1587 946 hoc
1615 884 1910 968 pertinet
1938 886 2029 951 ad
2054 910 2165 952 res

176 1019 444 1063 noscere
462 1047 479 1074 ‚
504 1019 653 1062 cum
680 997 909 1084 primis
936 997 1113 1060 hanc
1144 994 1232 1060 ad
1260 1015 1402 1060 rem
1430 997 1745 1083 protinus
1773 1000 1988 1086 ipsam
2006 1052 2022 1077 ‚

64 1131 136 1176 9⁴0
181 1136 299 1200 qua
328 1112 417 1177 de
448 1111 783 1176 disserere
813 1110 1210 1198 adgredior,
1229 1110 1493 1175 firmare
1520 1123 1868 1180 necessest

178 1228 255 1292 nil
282 1249 432 1293 esse
461 1229 531 1291 in
559 1232 874 1312 promptu
906 1225 1031 1289 nisi
1057 1226 1334 1290 mixtum
1364 1246 1615 1313 corpus
1642 1226 1852 1292 inani.

178 1341 489 1428 principio
518 1341 595 1405 fit
624 1348 700 1405 ut
725 1340 796 1404 in
824 1340 1161 1426 speluncis
1190 1361 1355 1404 saxa
1383 1360 1674 1427 superne

178 1455 410 1520 sudent
434 1476 668 1520 umore
701 1462 771 1520 et
797 1455 1008 1540 guttis
1036 1455 1442 1520 manantibu’
1473 1454 1727 1520 stillent
1744 1506 1758 1519 .

176 1579 386 1635 manat
411 1572 569 1635 item
598 1570 796 1634 nobis
827 1589 863 1632 e
894 1576 1039 1633 toto
1073 1591 1360 1656 corpore
1388 1568 1602 1635 sudor
1620 1619 1636 1646 ‚

56 1699 132 1746 945
178 1687 405 1751 erescit
430 1685 646 1750 barba
670 1685 921 1771 pilique
949 1706 1074 1770 per
1104 1685 1324 1749 omnia
1350 1684 1649 1748 membra
1665 1735 1682 1762 ‚
1702 1708 1827 1773 per
1857 1697 2043 1755 artus
2063 1742 2076 1754 .

176 1797 412 1864 diditur
437 1801 508 1864 in
535 1821 744 1865 venas
774 1799 963 1864 cibus
992 1800 1206 1864 omnis
1225 1849 1240 1876 ‚
1264 1806 1466 1886 auget
1481 1849 1498 1876 ‚
1521 1800 1771 1886 alitque

175 1915 462 2002 corporis
492 1924 826 1979 extremas
856 1936 1126 2001 quoque
1154 1914 1367 2002 partis
1395 1915 1928 2002 unguiculosque
1946 1968 1961 1994 ,

55 2041 131 2088 ⁹55
175 2028 461 2094 morbida
487 2030 729 2116 visque
758 2029 984 2105 simul,
1007 2051 1155 2093 cum
1186 2029 1602 2094 extrinsecus
1631 2030 2037 2098 insinuatur.

54 2155 130 2203 948
174 2140 365 2229 frigus
392 2145 553 2209 item
580 2144 871 2210 transire
899 2165 1022 2230 per
1049 2164 1165 2208 aes
1183 2192 1199 2220 ‚
1223 2142 1644 2230 calidumque
1675 2167 1992 2232 vaporem
2012 2198 2027 2224 ,

173 2259 474 2324 sentimus
492 2308 510 2337 ‚
534 2260 860 2324 sentimus
881 2258 1037 2324 item
1066 2259 1353 2324 transire
1382 2279 1507 2344 per
1538 2280 1770 2323 aurum

54 2383 129 2430 ⁹50
172 2379 359 2458 atque
386 2395 508 2460 per
538 2381 886 2459 argentum
903 2423 919 2450 ‚
942 2396 1094 2437 cum
1124 2372 1371 2459 pocula
1399 2373 1602 2459 plena
1631 2383 1931 2441 tenemus
1953 2429 1967 2442 .

175 2483 442 2573 denique
471 2509 598 2574 per
630 2487 933 2574 dissepta
964 2487 1315 2552 domorum
1347 2510 1554 2553 saxea
1581 2511 1786 2554 voces
1907 2503 1914 2510 '

174 2603 594 2687 pervolitant,
617 2611 965 2688 permanat
995 2601 1171 2667 odor
1198 2602 1543 2690 frigusque
1571 2626 1922 2692 vaposque

171 2715 356 2800 ignis,
379 2718 492 2804 qui
518 2717 682 2783 ferri
712 2738 982 2804 quoque
1009 2718 1143 2782 vim
1171 2726 1530 2805 penetrare
1560 2720 1777 2784 suevit

174 2828 443 2918 denique
473 2854 610 2918 qua
638 2833 886 2896 circum
916 2831 1089 2896 Galli
1118 2832 1327 2897 lorica
1356 2839 1658 2898 coercet.

55 2955 125 3003 ³⁵6
172 2953 234 3009 et
258 2955 651 3034 tempestate
677 2948 747 3011 in
774 2955 958 3012 terra
987 2947 1308 3032 caeloque
1339 2956 1578 3013 coorta
1594 2998 1610 3025 ,

169 3060 231 3123 in
258 3063 499 3127 caelum
529 3069 882 3148 terrasque
909 3070 1206 3127 remotae
1235 3061 1382 3127 iura
1407 3062 1790 3140 facessunt3

174 3176 698 3263 quandoquidem
723 3177 819 3241 nil
847 3185 952 3241 est
977 3178 1107 3241 nisi
1133 3197 1289 3242 raro
1322 3178 1621 3263 corpori’
1648 3198 1827 3241 nexu
1846 3227 1859 3240 .

244 3289 382 3355 Huc
409 3290 674 3356 accedit
698 3291 801 3357 uti
827 3313 965 3356 non
996 3292 1216 3356 omnia
1232 3340 1248 3366 ‚
1280 3313 1451 3377 quae
1480 3292 1811 3357 iaciuntur

58 3413 124 3462 ³6⁰
170 3423 433 3490 corpora
462 3428 749 3492 cumque
778 3406 863 3470 ab
892 3406 1095 3471 rebus
1113 3455 1129 3479 ,
1161 3405 1397 3470 eodem
1426 3406 1738 3494 praedita
1767 3428 1970 3472 sensu

172 3525 354 3604 atque
383 3521 624 3588 eodem
651 3528 854 3608 pacto
885 3521 1089 3586 rebus
1119 3521 1255 3585 sint
1285 3522 1592 3586 omnibus
1623 3529 1784 3609 apta
1802 3573 1815 3586 .

170 3634 468 3725 principio
497 3644 750 3702 terram
780 3636 886 3701 sol
917 3637 1294 3722 exquoquit
1323 3645 1391 3702 et
1417 3635 1580 3702 facit
1608 3658 1722 3701 are
1741 3686 1759 3713 ‚

169 3756 233 3810 at
256 3750 518 3834 glaciem
547 3749 858 3815 dissolvit
887 3758 957 3815 et
985 3751 1136 3815 altis
1164 3751 1504 3816 montibus
1535 3752 1707 3816 altas

171 3871 623 3951 extructasque
649 3866 839 3930 nives
868 3864 1074 3931 radiis
1104 3867 1450 3930 tabescere
1481 3867 1695 3952 cogit:

60 3986 121 4031 ²⁶5
172 3973 433 4066 denique
464 4001 623 4045 cera
650 3980 831 4066 lique
858 3980 935 4046 fit
961 3981 1030 4045 in
1061 3981 1202 4045 eius
1232 3988 1434 4069 posta
1460 4002 1717 4068 vapore
1737 4029 1751 4043 .

175 4283 259 4332 937
291 4282 446 4339 clare.
496 4284 518 4358 ΙΙ
569 4292 671 4340 938
709 4287 894 4343 ardes.
944 4290 964 4359 ΙΙ
1013 4295 1113 4343 940
1148 4291 1357 4345 firmare
1392 4291 1411 4360 11
1453 4298 1550 4345 941
1589 4291 1689 4344 msi
1726 4307 1921 4360 corpus
1958 4290 2178 4343 mixtum
2218 4291 2238 4359 ΙΙ
2275 4294 2374 4341 942

180 4377 409 4434 superna.
447 4369 469 4442 fl
504 4374 605 4423 954
642 4371 774 4424 caeli
813 4371 834 4444 ΙΙ
870 4377 972 4425 956
995 4380 1367 4445 tempestatem
1421 4375 1442 4448 ΙΙ
1480 4380 1579 4427 957
1619 4375 1763 4427 iux-ae
1811 4371 1832 4445 ΙΙ
1879 4378 1979 4426 958
2016 4387 2244 4442 corpore
2279 4386 2374 4422 ne-

172 4462 301 4502 xum.
335 4451 355 4519 ΙΙ
390 4458 487 4505 962
525 4471 632 4523 quo
669 4452 692 4526 1
729 4458 827 4508 964
866 4454 1153 4510 Extractus
