3042 5192
552 439 641 506 56
1631 436 1692 504 11

392 630 491 676 474
545 634 736 677 umor
765 610 979 676 dulcis
996 661 1013 688 ‚
1054 612 1169 676 ubi
1196 632 1321 698 per
1350 619 1568 677 terras
1598 610 1897 676 crebrius
1924 609 2102 675 idem

546 727 929 814 percolatur
946 776 961 803 ‚
982 735 1060 791 ut
1085 728 1159 791 in
1183 726 1447 792 foveam
1474 724 1640 792 fluat
1666 748 1746 791 ac
1773 734 2198 791 mansuescat
2215 775 2231 800 ‚

392 860 488 906 477
546 863 789 930 aspera
817 863 950 927 quo
980 842 1188 927 magis
1215 841 1284 904 in
1312 841 1511 905 terris
1540 841 1936 905 haerescere
1962 840 2231 927 possint
2250 889 2264 903 .

632 955 835 1037 Quod
864 956 1175 1042 quoniam
1204 954 1402 1020 docui
1418 1004 1434 1031 ‚
1456 976 1731 1043 pergam
1762 963 2114 1020 conectere
2144 976 2283 1019 rem
2316 976 2487 1040 quae

550 1092 635 1136 ex
661 1071 794 1136 hoc
823 1080 983 1156 apta
1008 1068 1209 1134 fidem
1240 1068 1447 1135 ducat
1462 1119 1479 1146 ‚
1500 1068 1868 1157 primordia
1893 1091 2117 1135 rerum

395 1202 493 1250 480
544 1185 731 1250 finita
758 1186 1018 1251 variare
1045 1185 1406 1271 figurarum
1433 1186 1694 1250 ratione
1714 1234 1728 1248 .

553 1298 738 1386 quod
767 1300 824 1364 si
850 1321 989 1364 non
1014 1300 1112 1364 ita
1140 1300 1262 1376 sit,
1284 1320 1552 1364 rursum
1578 1300 1710 1363 iam
1739 1299 1990 1363 semina
2019 1298 2349 1385 quaedam

552 1436 701 1478 esse
729 1413 983 1479 infinito
1015 1413 1359 1479 debebunt
1388 1415 1694 1500 corporis
1723 1422 1923 1478 auctu
1944 1463 1958 1476 .

552 1549 836 1615 namque
867 1527 1101 1593 eadem
1127 1528 1323 1593 unius
1354 1529 1644 1593 cuiusvis
1670 1529 1739 1593 in
1766 1528 2097 1593 brevitate

553 1643 856 1730 corporis
883 1643 1057 1707 inter
1087 1664 1160 1707 se
1188 1643 1467 1708 multum
1492 1643 1755 1708 variare
1783 1643 2034 1730 figurae

399 1775 495 1821 485
549 1780 688 1823 non
713 1766 1037 1846 possunt.
1060 1757 1169 1823 fac
1199 1758 1371 1821 enim
1396 1758 1677 1822 minimis
1708 1779 1743 1822 e
1773 1757 2078 1844 partibus
2109 1779 2260 1821 esse

554 1894 841 1961 corpora
866 1872 1080 1959 prima
1108 1873 1323 1938 tribus
1341 1922 1357 1949 ‚
1378 1874 1488 1937 vel
1515 1874 1718 1961 paulo
1748 1873 2051 1961 pluribus
2080 1893 2285 1959 auge:

556 2009 796 2075 nempe
824 1987 940 2052 ubi
971 2009 1085 2052 eas
1111 1988 1326 2076 partis
1354 1989 1552 2052 unius
1583 1988 1886 2075 corporis
1916 1988 2128 2052 omnis
2146 2035 2162 2063 ‚

558 2124 810 2167 summa
840 2110 1045 2188 atque
1073 2103 1204 2167 ima
1230 2102 1462 2168 locans
1481 2153 1495 2180 ,
1520 2101 1974 2169 transmutans
2007 2100 2288 2166 dextera
2317 2101 2524 2166 laevis
2545 2154 2559 2175 ,

556 2216 951 2283 omnimodis
982 2225 1303 2306 expertus
1334 2218 1498 2294 eris,
1524 2239 1724 2304 quam
1755 2217 2043 2303 quisque
2074 2215 2194 2281 det
2221 2215 2393 2281 ordo

403 2349 502 2397 490
556 2331 795 2398 formai
825 2333 1113 2420 speciem
1142 2332 1352 2397 totius
1383 2332 1687 2420 corporis
1719 2333 1860 2396 eius
1880 2381 1895 2407 ‚

559 2447 743 2532 quod
773 2469 977 2534 super
1007 2455 1143 2523 est,
1168 2448 1225 2510 si
1251 2446 1428 2511 forte
1456 2446 1646 2512 voles
1673 2447 1934 2511 variare
1960 2444 2209 2529 figuras
2229 2494 2243 2521 ‚

556 2559 941 2625 addendum
970 2562 1184 2647 partis
1214 2560 1377 2625 alias
1408 2560 1536 2624 erit
1555 2609 1568 2623 .
1591 2558 1750 2624 inde
1780 2566 2103 2645 sequetur
2121 2607 2138 2634 ‚

557 2675 839 2740 adsimili
866 2676 1127 2739 ratione
1157 2675 1322 2738 alias
1352 2681 1429 2739 ut
1456 2674 1758 2761 postulet
1788 2672 1959 2739 ordo
1979 2722 1996 2749 ‚

561 2785 618 2848 si
644 2792 720 2848 tu
749 2788 928 2852 forte
956 2788 1146 2853 voles
1179 2789 1375 2852 etiam
1403 2788 1664 2853 variare
1692 2788 1938 2875 figuras
1957 2837 1970 2851 .

407 2913 505 2960 495
563 2920 723 2987 ergo
754 2903 1114 2968 formarum
1141 2902 1509 2967 novitatem
1540 2904 1843 2989 corporis
1872 2923 2154 2988 augmen

564 3018 996 3104 subsequitur
1016 3068 1029 3081 .
1057 3039 1262 3104 quare
1290 3039 1430 3081 non
1460 3026 1567 3082 est
1593 3024 1672 3081 ut
1700 3017 1977 3081 credere
2005 3018 2226 3105 possis

563 3152 712 3197 esse
740 3133 1011 3198 infinitis
1042 3131 1361 3198 distantia
1391 3132 1645 3197 semina
1672 3132 1903 3196 formis
1922 3181 1937 3205 ,

562 3268 648 3310 ne
681 3247 1008 3333 quaedam
1038 3269 1243 3335 cogas
1271 3248 1517 3312 inmani
1547 3248 1952 3311 maximitate

564 3382 713 3426 esse
731 3412 746 3439 ‚
770 3383 977 3449 supra
1008 3361 1194 3448 quod
1220 3362 1351 3425 iam
1382 3360 1584 3424 docui
1610 3381 1751 3425 non
1781 3380 1984 3445 posse
2013 3360 2318 3446 probari.

415 3491 511 3537 500
565 3475 694 3540 iam
724 3477 846 3541 tibi
872 3475 1262 3541 barbaricae
1291 3483 1516 3539 vestes
1546 3474 2013 3558 Meliboeaque
2040 3472 2302 3559 fulgens

566 3613 866 3678 purpura
894 3590 1285 3656 Thessalico
1317 3588 1724 3654 concharum
1752 3595 1936 3652 tacta
1965 3588 2189 3653 colore
2210 3638 2225 3664 ‚

566 3726 769 3771 aurea
785 3755 801 3783 ‚
822 3728 1157 3793 pavonum
1186 3703 1429 3769 ridenti
1457 3703 1712 3767 imitata
1738 3703 1968 3790 lepore

569 3821 787 3886 saecla
805 3871 820 3897 ‚
842 3843 1021 3886 novo
1050 3841 1272 3884 rerum
1301 3827 1618 3905 superata
1646 3817 1870 3882 colore
1898 3818 2196 3882 iacerent

571 3941 639 3997 ct
669 3943 1092 4021 contemptus
1123 3933 1295 3998 odor
1327 3954 1638 4020 smyrnae
1668 3932 2011 4019 mellisque
2041 3954 2318 4019 sapores
2339 3982 2354 4006 ‚
2418 4015 2426 4022 ι

578 4245 676 4292 483
713 4241 765 4292 in
802 4239 985 4293 eadem
1019 4258 1125 4294 una
1161 4240 1181 4313 ΙΙ
1217 4250 1315 4295 486
1352 4243 1508 4314 paula
1546 4244 1566 4316 ΙΙ
1604 4250 1702 4296 488
1743 4249 2065 4295 transmutas
2102 4239 2121 4311 ΙΙ
2160 4245 2259 4293 489
2297 4240 2602 4296 Omnimodi
2639 4243 2659 4313 ΙΙ
2699 4250 2806 4296 495

579 4324 848 4394 augimen.
887 4321 908 4391 ΙΙ
945 4328 1043 4377 497
1068 4325 1263 4379 femina
1298 4328 1321 4397 ΙΙ
1356 4333 1456 4380 499
1481 4328 1734 4397 probare.
1775 4328 1795 4398 ΙΙ
1833 4333 1927 4379 501
1963 4334 2106 4378 tecta
2136 4323 2156 4395 ΙΙ
2195 4331 2292 4378 502
2329 4323 2505 4379 rident
2541 4327 2746 4380 imbuta
2788 4326 2809 4393 Η

581 4411 677 4459 503
703 4423 843 4460 nova
867 4406 887 4478 ΙΙ
917 4414 1013 4461 504
1041 4406 1177 4461 udor
