3042 5192
1321 469 1417 538 111
2353 478 2488 547 197

242 649 566 729 correpta
589 641 935 706 efferemus
951 690 967 716 ‚
1000 642 1288 708 Protinus
1310 666 1493 729 aeqer
1515 667 1633 731 ayo
1650 670 1671 708 .·
1699 646 1859 710 hcine
1880 650 2063 713 etiam
2082 625 2226 733 υ-ιζτζ
2254 654 2457 740 Tityre
2471 702 2489 734 ‚

241 744 400 807 duco
414 767 440 826 ‚-
471 741 600 805 nisi
628 739 807 806 forte
838 740 1268 806 scribendum
1294 748 1399 805 est
1421 765 1538 829 ayo
1552 792 1570 823 ,
1602 754 1659 808 et
1684 746 1815 808 iam
1840 747 2000 811 hanc
2025 751 2129 812 vix
2145 798 2158 811 .
2189 750 2489 816 Catullus

239 842 308 905 in
338 841 636 904 carmine
665 839 863 915 61,98
885 886 900 913 ,
932 839 1046 903 ubi
1073 839 1141 904 in
1170 840 1357 905 libris
1390 848 1493 905 est
1518 843 1699 906 viden
1726 844 1989 932 utfaces
2002 894 2021 927 ,
2050 867 2188 911 non
2219 851 2489 935 scripsit

239 942 378 1005 vide
407 945 476 1003 tu
483 940 672 1029 faces
702 940 1072 1025 Splendida-s*
1100 942 1384 1027 quatiunt
1408 963 1613 1004 comas
1627 989 1644 1020 ‚
1688 940 1813 1004 sed
1841 942 2064 1008 viden?
2086 945 2269 1032 faces
2286 973 2307 1011 .·
2333 969 2488 1011 nam

237 1051 338 1118 ut,
384 1037 702 1123 quotiens
730 1037 957 1101 valeat
991 1036 1067 1101 id
1098 1037 1283 1122 quod
1325 1040 1659 1125 quomodo,
1703 1047 1904 1105 acuto
1946 1052 2229 1108 accentu
2268 1041 2486 1110 efferri

238 1144 581 1201 testantur
612 1134 955 1200 Charisius
985 1158 1049 1221 p.
1065 1135 1188 1200 202
1206 1185 1222 1212 ‚
1262 1135 1628 1201 Diomedes
1658 1137 1895 1223 p.388‚
1928 1139 2206 1207 Servius
2235 1142 2325 1207 ad
2354 1145 2482 1208 Ae-

235 1234 482 1299 neidos
523 1233 734 1311 1‚667.
781 1251 998 1320 neque
1038 1233 1362 1298 Horatius
1403 1234 1472 1298 in
1515 1235 1948 1321 epistularum
1992 1261 2063 1314 11,
2080 1238 2138 1315 2,
2157 1239 2274 1304 163
2316 1240 2489 1306 dixit

234 1357 456 1419 nempe
491 1333 671 1396 modo
698 1332 811 1396 isto
826 1380 845 1413 ,
889 1330 1013 1395 sed
1039 1333 1218 1397 modo
1244 1343 1365 1398 sto.
1408 1334 1504 1396 sic
1542 1334 1612 1397 in
1641 1333 1980 1400 Aeneidos
2009 1337 2237 1412 v1‚389
2266 1337 2483 1402 Medi-

237 1453 404 1495 ceus
431 1431 645 1517 prima
668 1450 867 1494 manu
897 1430 1026 1494 iam
1051 1432 1221 1506 stine,
1246 1429 1419 1493 inM.
1436 1430 1637 1495 Tullii
1648 1431 2117 1498 Accusationis
2142 1435 2313 1500 libro
2327 1436 2484 1514 1‚47‚

240 1530 364 1595 123
393 1527 769 1593 Vaticanus
812 1551 993 1616 quem
1035 1529 1385 1593 amodum
1422 1540 1541 1609 ste,
1595 1529 1667 1592 in
1709 1528 2006 1594 eiusdem
2051 1532 2484 1620 epistularum

234 1650 348 1701 xv,
370 1626 522 1702 19‚4
550 1626 825 1691 Cassius
853 1637 1061 1691 umam
1086 1638 1182 1691 sta
1196 1675 1215 1707 ,
1243 1627 1390 1711 ipse
1417 1627 1488 1691 in
1518 1627 1730 1702 1v,3‚2
1757 1630 1912 1715 quid
1934 1653 2032 1695 me
2059 1642 2155 1695 sta
2177 1656 2276 1697 res
2291 1681 2309 1712 ,
2339 1631 2480 1696 No-

233 1727 392 1789 nius
420 1747 486 1809 p.
502 1724 697 1798 428‚4
741 1745 826 1787 ex
858 1724 1201 1788 Ciceronis
1246 1723 1331 1788 de
1377 1733 1646 1789 oratore
1689 1749 1732 1802 1,
1750 1727 1831 1791 87
1872 1751 2031 1814 quae
2071 1731 2148 1793 sti
2185 1730 2453 1796 rhetores
2462 1779 2481 1812 ,

233 1822 553 1908 idemque
581 1843 646 1908 p.
661 1822 804 1904 448,
820 1822 903 1887 30
933 1829 1002 1887 et
1031 1821 1171 1897 536,
1186 1822 1267 1886 33
1299 1844 1335 1886 e
1364 1822 1695 1887 Varronis
1725 1823 1959 1890 Modio
2002 1850 2191 1913 quam
2215 1839 2446 1892 storum
2463 1877 2479 1903 ‚

232 1924 368 1987 iam
404 1932 531 1985 stoc-
570 1921 728 1984 dicto
766 1942 831 2006 Ρ.
849 1920 992 1996 476,
1007 1919 1091 1985 20
1122 1940 1158 1983 e
1186 1920 1409 1986 Plauti
1435 1921 1794 1987 Bacchisin
1824 1945 1914 2000 w,
1929 1924 1987 2000 4,
2000 1924 2083 1990 28
2100 1975 2116 2002 ‚
2155 1928 2398 2012 inqenio
2425 1928 2482 1990 si

228 2033 322 2087 sto
356 2043 395 2084 e
426 2018 711 2084 Caecilio
744 2019 999 2083 comico
1029 2041 1093 2105 p.
1112 2018 1376 2096 127‚16‚
1420 2040 1457 2083 e
1485 2019 1742 2084 Patruo
1772 2019 2123 2107 Pomponii
2162 2023 2382 2110 p.474,
2397 2022 2477 2086 25

239 2120 484 2184 dliv-mn
504 2118 711 2206 facies
724 2166 743 2199 ,
776 2116 962 2204 fatue
976 2167 995 2198 ,
1039 2119 1096 2181 εἰ
1120 2119 1263 2182 stud
1284 2119 1544 2182 nimium
1584 2118 1770 2203 (libri
1798 2121 1853 2183 si
1878 2119 2179 2202 studium)
2223 2121 2480 2185 mirabis

232 2220 382 2298 diu,
419 2218 676 2280 nimium
714 2226 846 2279 stuc
887 2236 971 2279 ex
1014 2214 1345 2301 Adelphis
1391 2214 1691 2279 Terentii
1735 2215 1970 2290 11‚1‚15
2011 2215 2326 2301 p.367‚23
2355 2267 2371 2293 ,
2408 2218 2479 2281 in

233 2321 659 2380 consonante
688 2335 852 2378 vera
879 2325 947 2378 at
968 2325 1100 2378 stuc
1144 2335 1229 2377 ex
1258 2312 1515 2376 Andria
1545 2336 1645 2388 111,
1661 2313 1718 2388 3,
1732 2312 1813 2375 34
1844 2335 1906 2396 Ρ.
1926 2312 2067 2388 219,
2081 2311 2163 2377 20
2194 2320 2263 2377 et
2291 2314 2474 2400 apud

234 2414 631 2479 Ciceronem
659 2434 785 2500 pro
817 2410 1040 2475 Tullio
1073 2432 1218 2496 cap.
1238 2411 1279 2474 8
1309 2411 1463 2497 quid
1483 2411 1647 2474 vobis
1661 2457 1679 2488 ‚
1717 2410 1971 2495 inquid,
1999 2411 2111 2474 etio
2135 2414 2335 2496 neqoti
2358 2414 2473 2475 im-

229 2537 367 2578 meo
407 2510 539 2576 est?
587 2509 763 2574 idem
802 2509 935 2574 hoc
962 2508 1252 2594 Priapeo
1296 2507 1378 2572 69
1422 2505 1915 2571 restituendum
1960 2516 2163 2596 putu,
2208 2509 2324 2574 ubi
2372 2517 2477 2574 est

227 2613 353 2676 vai-si
364 2659 385 2691 ,
426 2611 523 2674 sic
542 2657 557 2684 ‚
600 2609 1000 2674 Smer-dalem
1042 2617 1200 2670 certe
1236 2608 1314 2670 sti
1338 2629 1438 2670 res
1462 2629 1583 2670 non
1619 2606 1853 2670 munda
1879 2618 2132 2673 vocatur
2156 2655 2177 2689 ‚
2220 2607 2474 2673 scilicet

229 2710 570 2782 Homer0‚
601 2706 789 2770 cuius
819 2711 980 2769 sunt
1006 2702 1357 2789 Σμερὸαλὲ
1396 2702 1726 2789 εῩρὼεΝτα
1759 2711 1828 2768 et
1857 2702 2274 2791 Σμερὸᾲλὲοε
2305 2706 2471 2779 Ka?-

229 2812 370 2895 τῷει
408 2805 583 2882 spana
620 2800 1079 2867 xenaxoemenoc
1102 2800 1272 2889 ἅλμῃ
1289 2850 1302 2863 .
1326 2809 1534 2887 atque
1560 2823 1640 2866 ea
1660 2804 2075 2890 pronominis
2096 2803 2312 2869 forma
2331 2826 2472 2869 non

225 2905 504 2970 videtur
532 2909 668 2967 tam
696 2899 950 2964 rustica
973 2898 1180 2963 fuisse
1210 2921 1407 2985 quam
1435 2901 1672 2986 putavi
1700 2923 1851 2966 cum
1881 2899 1968 2966 de
1999 2922 2079 2966 ea
2106 2903 2470 2967 scriberem

223 3003 322 3069 ad
365 2999 634 3087 Ulpiani
676 2998 1055 3084 regularum
1099 2997 1337 3062 librum
1382 2998 1493 3075 2‚7
1527 3006 1595 3063 et
1637 2997 1728 3062 ad
1759 2998 1998 3064 Gaium
2038 2998 2277 3086 9128.
2316 3021 2471 3063 nam

224 3105 342 3167 ἰειο
374 3098 754 3185 disyllabon
795 3096 865 3160 in
893 3095 1158 3160 Horatii
1201 3117 1404 3161 versu
1445 3104 1664 3162 totum
1691 3097 1956 3183 gravari
1994 3098 2297 3183 potuisse
2327 3118 2469 3162 cre-

226 3200 439 3264 dibile
479 3219 620 3261 non
664 3202 802 3272 est3
848 3215 1250 3280 quamquam
1291 3194 1588 3260 Lucilius
1635 3203 1703 3261 et
1746 3195 2047 3260 Catullus
2087 3194 2221 3260 hoc
2264 3195 2469 3260 modo

221 3295 510 3364 minoris
537 3292 864 3383 ponderis
892 3292 1225 3357 vocabulo
1255 3293 1359 3358 usi
1389 3301 1549 3358 sunt
1577 3305 1758 3382 atque
1773 3343 1792 3375 ‚
1835 3292 2039 3359 Silius
2071 3293 2470 3380 quibusdam

219 3392 844 3484 praepositionibus
873 3439 888 3454 .
933 3390 1168 3456 Lucilii
1213 3398 1319 3456 est
1355 3402 1474 3457 tute
1508 3393 1648 3460 vide
1688 3403 1870 3480 atque
1909 3386 2259 3480 disy'llabon
2286 3392 2471 3479 apud

218 3493 528 3561 Nonium
567 3515 632 3578 p.
646 3489 800 3564 26‚7
830 3537 845 3566 ‚
891 3488 1187 3554 eiusdem
1211 3490 1378 3579 firm
1433 3501 1612 3578 atque
1649 3491 1921 3555 such-dis
1961 3488 2145 3576 apud
2184 3489 2468 3555 eundem

223 3618 292 3681 p.
316 3590 457 3666 175,
475 3590 581 3666 13,
606 3588 847 3653 Catulli
872 3588 943 3652 in
971 3590 1103 3654 idco
1132 3601 1312 3677 atque
1338 3590 1476 3655 vino
1508 3588 1660 3666 12,2
1692 3597 1761 3655 et
1770 3590 1983 3679 frater
2003 3594 2113 3654 cive
2134 3600 2314 3676 atque
2333 3591 2470 3654 vdle

227 3693 372 3765 101,
396 3690 474 3753 10
506 3689 944 3774 (quamquam
976 3687 1423 3766 Quintilianus
1452 3711 1497 3763 1,
1511 3688 1660 3764 6‚21
1697 3710 1820 3753 suo
1850 3697 2157 3773 tempore
2186 3688 2335 3752 have
2364 3709 2467 3752 se-

223 3786 461 3855 cunda
501 3793 815 3874 correpta
854 3784 986 3850 dici
1027 3794 1318 3852 testatur
1347 3834 1363 3860 ‚
1422 3785 1610 3873 quod
1650 3794 1875 3851 tamen
1914 3791 2264 3874 poetarum
2303 3808 2468 3849 usus

223 3910 373 3954 non
405 3885 808 3969 confirmat),
838 3883 979 3948 Silii
1009 3907 1079 3962 11,
1096 3884 1218 3949 227
1250 3886 1417 3950 Inter
1445 3886 1708 3973 dumque
1734 3891 1925 3950 ma'nu
1938 3933 1959 3964 ,
1982 3886 2140 3948 inter
2166 3884 2311 3947 dum
2339 3884 2466 3947 cla-

222 4010 405 4052 more
430 3985 733 4071 minisque
757 4032 776 4065 ,
821 4005 971 4060 vm,
984 3981 1065 4046 75
1093 3985 1344 4070 mitique
1369 3989 1564 4049 mnu
1589 3986 1756 4049 intra
1784 3984 2001 4048 limina
2029 3983 2224 4061 ducit,
2266 4004 2330 4057 x,
2344 3981 2469 4045 309

221 4086 512 4171 misitque
539 4084 659 4148 viri
685 4085 842 4148 inter
867 4083 1076 4147 sidera
1103 4105 1321 4148 nomen
1343 4132 1356 4146 .
1400 4081 1715 4169 praemisi
1743 4082 2002 4146 rariora
2032 4088 2101 4145 et
2127 4100 2342 4167 prope
2370 4078 2465 4142 vi-

225 4186 454 4249 tiosa:
515 4181 727 4246 maior
770 4202 931 4267 pars
975 4187 1328 4266 poetarum
1369 4188 1530 4268 post
1572 4180 1904 4245 vocabula
1945 4178 2227 4244 iambica
2270 4175 2467 4240 nullis

224 4283 377 4347 aliis
416 4281 642 4346 locum
682 4279 1022 4344 concessit
1068 4280 1198 4343 nisi
1242 4301 1415 4365 quae
1458 4286 1576 4345 aut
1624 4278 2084 4366 monosyllaba
2124 4281 2355 4339 essent
2398 4280 2468 4337 et

223 4381 468 4468 gravia
532 4386 650 4444 aut
706 4377 1263 4467 hyperdisyllaba
1310 4385 1471 4465 post
1528 4377 1804 4463 primam
1856 4375 2180 4463 syllabam
2236 4377 2465 4435 acuta.

225 4480 404 4545 haec
443 4499 586 4544 non
625 4475 830 4543 modo
873 4477 918 4541 ii
958 4499 1132 4563 quos
1172 4477 1351 4542 ultra
1379 4495 1779 4561 progressos
1826 4495 1973 4539 esse
2004 4469 2141 4536 dixi
2181 4467 2465 4534 admise-
