3042 5192
1295 470 1359 536 V
2302 477 2441 546 339

209 669 252 708 A
270 668 310 708 u
328 667 364 708 c
382 668 423 707 ·r
437 666 480 707 u
495 666 542 707 11
561 691 574 705 .
605 643 711 708 Ita
731 643 900 707 haec
920 632 1460 730 interpungenda
1481 654 1640 710 sunt
1663 656 1901 710 contra
1926 658 2213 714 mentem
2241 652 2444 716 inter·

210 750 478 828 pretum
509 791 524 816 ‚
563 742 677 827 qui
705 742 800 805 ita
828 750 1233 827 acceperunt
1259 793 1274 818 ‚
1305 745 1496 829 quasi
1528 751 1712 808 esset
1741 746 1998 832 Nequid
2019 796 2037 826 ,
2079 750 2351 835 Neqaod
2374 752 2447 816 ob

210 840 746 927 admissumsoede
775 887 788 901 .
832 840 1059 925 itaque
1089 841 1456 906 scribemus
1487 843 1715 928 potius
1744 844 2032 930 Nequid,
2064 847 2121 910 si
2148 868 2257 911 res
2285 871 2444 933 pos-

211 939 490 1014 tulabit3
520 939 912 1023 praesertim
936 959 1084 1001 cum
1108 960 1187 1002 eo
1217 939 1424 1003 modo
1454 941 1564 1003 vel
1591 941 1660 1003 in
1684 940 1968 1025 publicis
1987 937 2446 1012 instrumean

208 1044 566 1124 peccatum
611 1057 760 1101 esse
802 1034 1147 1100 videamus
1176 1085 1189 1099 .
1237 1045 1417 1101 certe
1450 1038 1520 1101 in
1550 1038 1697 1124 lege
1725 1038 1891 1103 Iulia
1917 1042 2296 1128 municipali
2329 1044 2446 1109 120

210 1135 536 1221 scriptum
582 1141 686 1198 est
727 1157 976 1221 quemve
1015 1133 1366 1198 kalumniae
1396 1138 1951 1221 praevaricationis
1988 1163 2206 1204 caussa
2236 1165 2445 1206 accue-

209 1233 679 1320 msseseciseeve
700 1233 867 1319 quod
888 1232 1222 1296 iudicatum
1251 1245 1342 1297 est
1364 1236 1510 1314 erit,
1545 1234 1733 1319 quod
1756 1234 1961 1301 debet
1990 1258 2140 1303 esse
2151 1239 2448 1327 feci-§seve

210 1332 365 1418 quid
393 1356 416 1393 .·
456 1339 526 1393 et
560 1329 808 1394 ibidem
839 1330 913 1393 71
959 1354 1104 1394 neve
1142 1353 1352 1394 eorum
1391 1334 1559 1418 quod
1583 1381 1602 1412 ,
1643 1332 1776 1397 hoc
1809 1346 1916 1399 est
1943 1337 2095 1422 quid
2112 1386 2131 1418 ,
2172 1350 2447 1425 saeptum

209 1432 557 1494 clausumve
585 1429 795 1492 habeto
825 1478 839 1492 .
882 1429 1012 1493 iam
1040 1429 1295 1516 aliquod
1316 1431 1584 1494 solvendi
1610 1442 1840 1517 tempus
1880 1433 1936 1496 si
1967 1433 2305 1501 diceretur
2333 1439 2445 1501 ad-

207 1529 459 1592 ductum
502 1548 650 1590 esse
678 1575 694 1601 ‚
741 1527 1196 1612 intellegerem
1227 1550 1243 1590 ε
1285 1528 1573 1592 adactam
1597 1577 1616 1608 ,
1660 1529 1846 1614 quod
1884 1530 2046 1597 fecit
2083 1533 2444 1611 Marullus,

206 1647 346 1690 non
378 1625 574 1710 capio
605 1673 621 1700 ‚
660 1626 817 1711 quia
844 1626 1091 1711 adiyere
1120 1623 1301 1689 aliud
1330 1633 1436 1690 est
1465 1647 1666 1712 quam
1695 1628 2033 1694 adducere
2061 1679 2077 1694 .
2117 1633 2447 1697 adauctam

206 1745 406 1788 nemo
436 1723 567 1788 fuit
596 1724 710 1809 qui
739 1730 1073 1787 tueretur:
1124 1724 1235 1808 qui
1263 1745 1428 1788 vero
1460 1725 1768 1792 solvendi
1796 1734 2061 1814 tempus
2091 1730 2178 1794 ad
2202 1742 2447 1796 aucmm

213 1842 365 1886 esse
411 1821 726 1886 dixerunt
768 1820 876 1905 (id
918 1829 1023 1885 est
1051 1820 1141 1884 ad
1168 1822 1435 1909 plenam
1462 1826 1911 1890 maturitatem
1941 1848 2128 1891 suam
2154 1828 2444 1913 perduc-

207 1929 352 1985 tum
382 1969 398 1996 ‚
439 1927 518 1983 ut
547 1918 1039 2004 Wakefieldus)
1080 1928 1198 1984 aut
1240 1942 1388 1984 cum
1416 1922 1749 1987 Brixiensi
1790 1922 2081 1988 editione
2124 1927 2211 1990 ad
2246 1939 2448 1993 actum

211 2017 321 2103 (id
366 2025 474 2082 est
516 2018 819 2104 proxime
848 2025 1005 2082 ante
1035 2025 1255 2081 actum
1284 2040 1506 2082 rerum
1539 2028 1607 2083 et
1636 2019 1780 2084 dies
1808 2021 2023 2086 fastos
2053 2071 2068 2099 ‚
2108 2030 2188 2087 ut
2220 2025 2446 2109 priore

211 2119 595 2202 eclogarum
637 2116 931 2180 editione
963 2116 1288 2203 Orellius)
1318 2166 1334 2193 ‚
1376 2139 1514 2181 non
1556 2117 1871 2182 videntur
1910 2121 2285 2185 meminisse
2314 2123 2445 2207 gri-

207 2216 389 2302 phos
421 2223 490 2278 et
515 2214 998 2300 implicationes
1021 2214 1376 2278 verborum
1408 2215 1492 2279 ab
1517 2214 1978 2301 huius⁴poetae
2000 2218 2266 2302 ingenio
2292 2219 2446 2282 alie-

209 2336 335 2378 nas
360 2334 510 2377 esse
524 2361 538 2375 .
571 2334 731 2398 ergo
756 2314 812 2377 si
833 2312 1232 2376 vocabulum
1255 2313 1538 2398 simplex
1561 2322 1630 2377 et
1649 2315 1746 2376 rei
1770 2320 2224 2401 opportunum
2242 2337 2444 2400 quae-

207 2411 494 2478 rendum
525 2420 629 2475 est
646 2460 661 2487 ,
688 2411 881 2484 mihi,
910 2418 989 2475 ut
1018 2423 1186 2475 aetas
1215 2412 1427 2475 adulta
1452 2410 1724 2486 dicitur,
1762 2412 2053 2497 itemque
2080 2436 2187 2477 ver
2215 2421 2286 2478 et
2313 2438 2444 2478 aes-

209 2525 338 2592 taS,
368 2512 463 2574 ita
490 2531 627 2574 non
655 2511 871 2573 minus
901 2510 1173 2594 proprie
1200 2507 1470 2574 videtur
1501 2509 1631 2573 dici
1661 2531 1865 2595 posse
1886 2511 2238 2575 Poenarwm
2257 2534 2449 2598 ⁴qrave

207 2610 479 2677 solvendi
516 2620 748 2694 tempas
785 2629 1169 2671 Anun'rum
1198 2656 1214 2682 ‚
1260 2607 1532 2692 quando
1574 2617 1906 2672 maturum
1960 2615 2028 2672 et
2074 2609 2447 2696 perfectum

210 2718 320 2774 est
348 2758 363 2771 .
404 2708 537 2771 hoc
567 2715 787 2772 autem
829 2708 884 2771 si
915 2700 1276 2793 'probamus
1296 2755 1311 2782 ,
1341 2707 1615 2794 Nequod
1638 2709 1855 2771 locum
1884 2728 2022 2772 non
2050 2708 2291 2784 habet,
2323 2708 2449 2774 sed

211 2808 276 2873 N
292 2831 332 2871 E
350 2829 391 2883 Q
406 2829 450 2870 u
463 2829 486 2869 1
501 2829 544 2869 n
566 2854 581 2867 .

384 2904 561 2968 1226.
583 2903 860 2967 Suum:
890 2926 1139 2967 nrum
1170 2926 1325 2968 cunr
1353 2926 1510 2968 vis.
1537 2902 1922 2982 Quadratus
1943 2904 2219 2970 Sumnet
2235 2909 2415 2971 etiam
2433 2954 2446 2968 .

211 3003 541 3067 Marullus
565 3000 613 3064 S
628 3023 879 3065 UMMA.
903 3023 1105 3065 versu
1126 3002 1432 3087 proximo
1459 3001 1790 3087 oblongus
1815 3004 2038 3066 clausis
2056 3024 2183 3090 pro
2208 3006 2446 3068 classis.

385 3100 561 3164 1229.
590 3120 833 3164 νοτιε
861 3121 1117 3163 Anu-A
1144 3121 1400 3163 runos
1432 3121 1759 3175 Qunsrr.
1789 3101 2124 3164 Antonius
2153 3099 2351 3164 Marii
2382 3109 2451 3165 et

213 3198 542 3264 Marullus
572 3198 704 3261 adit
727 3219 771 3260 A
787 3219 822 3260 c
841 3220 1031 3282 prece
1048 3245 1061 3259 .
1096 3195 1466 3281 quadratus
1476 3221 1707 3283 praece
1720 3247 1739 3279 ,
1772 3196 1959 3283 quod
1986 3187 2448 3283 frequentissi-

210 3321 390 3364 mum
432 3296 771 3362 scribendi
813 3318 1026 3383 genus
1068 3306 1173 3361 est
1213 3297 1282 3359 in
1324 3296 1509 3360 libris
1545 3317 1726 3360 nono
1758 3295 2027 3360 saeculo
2057 3297 2448 3381 antiquiori-

211 3400 344 3464 bus
364 3446 380 3472 ,
407 3405 485 3460 ut
493 3398 809 3482 praetium
821 3445 840 3477 ,
859 3419 1185 3482 praemere
1199 3443 1217 3474 ,
1240 3417 1496 3481 qraeyes
1510 3443 1529 3475 ,
1558 3395 1772 3458 haebes
1786 3443 1805 3474 ,
1836 3395 2231 3458 adcaelerare
2245 3443 2263 3474 ‚
2286 3395 2447 3459 Pae-

211 3498 437 3561 dianus
462 3542 482 3575 ,
523 3495 808 3580 aepulari
821 3542 840 3574 ,
882 3494 1145 3572 caecidi,
1175 3495 1487 3580 quaerella
1503 3542 1521 3573 ‚
1550 3494 1915 3577 vaeprecala
1929 3540 1948 3572 ,
1976 3495 2415 3578 inter-praetavi
2429 3542 2448 3574 ,

197 3598 447 3682 piaetas
472 3642 491 3674 ‚
528 3595 822 3658 sociaetas
845 3642 864 3674 ,
905 3594 1058 3656 item
1079 3594 1345 3678 plaenus
1359 3640 1377 3671 ,
1410 3594 1689 3655 aliaenus
1701 3639 1720 3671 ,
1750 3591 1945 3654 raeda
1958 3638 1978 3671 ,
2008 3592 2414 3657 laenocinium
2428 3641 2447 3673 ,

198 3695 612 3779 piam-umque
626 3739 644 3770 ,
677 3712 849 3776 quae
876 3689 1123 3754 indicio
1155 3698 1313 3754 sunt
1340 3690 1509 3752 haec
1538 3687 1869 3753 vocabula
1896 3712 1929 3753 e
1957 3697 2194 3775 aperto
2213 3738 2230 3766 ‚
2260 3689 2448 3774 quod

208 3791 366 3856 Itali
397 3789 662 3863 dicunt,
691 3788 1100 3875 proferenda
1128 3809 1276 3852 esse
1295 3836 1309 3850 .
1340 3788 1473 3851 hoc
1496 3795 1734 3873 aperto
1765 3808 1936 3851 sono
1964 3788 2105 3851 ruri
2134 3787 2452 3853 dicebant

199 3902 421 3977 pretor
460 3910 594 3973 quo
633 3897 936 3974 tempore
972 3891 1041 3952 in
1081 3888 1249 3980 urbe
1290 3910 1364 3951 ae
1393 3883 1856 3971 diphthongus
1899 3884 2113 3949 audiri
2150 3885 2449 3950 nondum

211 3988 511 4052 desierat
528 4036 541 4050 .

386 4084 564 4148 1230.
588 4083 1038 4148 Vsuronum
1067 4104 1406 4147 PAvinus
1437 4103 1682 4147 PAcl-:s
1703 4130 1717 4146 .
1745 4082 1850 4146 De
1879 4082 2013 4146 hoc
2042 4102 2245 4145 versu
2272 4080 2451 4144 idem

212 4180 575 4247 dicendum
606 4191 712 4246 est
742 4180 929 4267 quod
959 4202 1167 4266 supra
1194 4180 1335 4244 dixi
1364 4180 1451 4244 de
1485 4180 1641 4246 1031
1673 4180 1826 4246 libri
1852 4180 2035 4245 tertii
2063 4228 2076 4242 .
2120 4200 2273 4242 nam
2310 4202 2450 4242 ven-

209 4293 415 4347 too-mn
431 4303 624 4366 paces
649 4279 1058 4364 ineptissime
1089 4279 1503 4344 subiciuntur
1532 4280 1729 4344 divom
1743 4281 1899 4365 paci
1913 4327 1931 4357 ,
1962 4297 2099 4362 qua
2125 4276 2452 4362 significa-

213 4391 326 4443 tur
367 4387 614 4465 pacata
656 4378 934 4442 deorum
972 4376 1205 4442 sedes.
1265 4376 1351 4441 ad
1392 4380 1631 4464 quaesit
1668 4386 1888 4442 autem
1932 4382 2155 4439 mente
2197 4372 2451 4438 adden-

214 4475 374 4541 dum
406 4483 514 4541 est
542 4500 671 4541 eos.

1926 4571 2043 4635 22·
