3042 5192
617 444 707 511 26
1721 439 1750 506 I

602 625 861 703 propter
875 615 1159 702 plurima
1187 624 1329 677 {ww
1357 624 1445 677 eet
1470 613 1714 677 Idcirco
1741 661 1761 693 ,
1796 610 1931 676 hoc
1961 620 2071 677 est
2097 625 2238 678 amc
2267 625 2324 679 et
2351 614 2635 695 Idcirco,
2669 614 2838 700 quod

614 737 655 779 a
681 713 994 779 Iuvenale
1025 713 1346 796 scriptum
1377 732 1529 776 esse
1559 732 1723 775 sane
1751 711 2104 795 probabile
2135 720 2241 776 est
2259 760 2273 775 .

785 812 919 877 134.
954 810 1337 874 Cunnum-2
1395 831 1532 873 UTI
1591 831 1673 873 v1
1692 831 2017 873 DEAMUR
2050 859 2064 873 .
2117 810 2319 875 Hunc
2373 832 2650 875 versum
2703 833 2837 876 cum

614 911 920 998 proximo
950 906 1336 972 Macrobius
1366 907 1898 972 Saturnaliorum
1939 907 2111 973 libro
2155 909 2295 984 v1‚1
2343 931 2380 973 e
2418 910 2594 974 libro
2638 910 2837 997 primo

618 1008 912 1073 Lucretii
941 1005 1224 1092 protulit
1253 1027 1402 1069 cum
1428 1005 1821 1092 Vergiliano
1854 1006 2169 1071 collatum
2187 1056 2201 1070 .

785 1105 1323 1179 141.Qm;1=1v1s
1380 1125 1753 1168 EFFERRE
1814 1124 2239 1168 Lanoanu.
2288 1104 2537 1193 Efferre
2581 1107 2839 1171 laborem

614 1206 729 1292 qui
759 1202 1005 1268 dixerit
1032 1202 1359 1265 neminem
1384 1201 1575 1277 novi,
1619 1202 1747 1265 nisi
1778 1222 1977 1287 quem
2006 1201 2366 1267 Turnebus
2393 1203 2526 1267 iam
2554 1204 2838 1270 advoca-

611 1305 710 1368 vit
727 1353 743 1379 ‚
765 1304 833 1366 in
874 1300 1275 1365 adversariis
1318 1323 1459 1375 xlx,
1477 1299 1552 1362 15
1570 1347 1588 1376 ‚
1609 1299 1864 1364 Attium
1882 1348 1898 1376 ‚
1932 1301 2121 1364 cuius
2161 1323 2363 1365 versu
2407 1301 2646 1367 Cicero
2684 1325 2840 1368 usus

614 1408 718 1466 est
754 1401 824 1463 in
855 1398 1166 1463 Sestiana
1199 1396 1351 1473 102,
1387 1400 1442 1462 εἰ
1469 1398 1740 1462 laborem
1780 1422 2021 1463 mna
2061 1422 2202 1464 owm
2241 1424 2396 1464 cura
2435 1401 2659 1489 efferas
2683 1403 2838 1466 Nul-

613 1501 740 1563 lum
758 1547 771 1561 .
807 1497 1103 1561 similiter
1142 1502 1366 1559 tamen
1404 1496 1553 1583 ipse
1597 1494 1829 1560 Cicero
1872 1498 1942 1561 in
1975 1496 2506 1562 Tusculanarum
2551 1497 2839 1584 disputa-

614 1598 867 1661 tionum
906 1595 1077 1659 libro
1121 1617 1213 1671 w,
1225 1593 1306 1658 62
1355 1615 1392 1657 e
1438 1593 1715 1659 Graecis
1756 1594 2100 1682 Euripidis
2120 1644 2136 1672 ‚
2191 1598 2332 1662 Neo
2353 1598 2504 1684 fors
2524 1646 2544 1677 ‚
2597 1622 2710 1662 nec
2746 1601 2841 1663 ira

612 1695 894 1758 caelitwm
938 1695 1238 1757 invectam»
1272 1693 1535 1772 malum,
1574 1692 1755 1772 Quod
1799 1717 1924 1759 non
1961 1705 2188 1759 natura
2239 1695 2512 1759 humana
2551 1698 2840 1781 patiendo

612 1791 868 1877 ecferat.
902 1787 1025 1854 sed
1051 1789 1157 1865 hi,
1206 1789 1335 1853 nisi
1362 1788 1559 1854 fallor
1577 1839 1593 1867 ,
1623 1788 1699 1854 id
1726 1793 1933 1880 ‹gfferm’
1971 1792 2206 1857 dicunt
2242 1792 2429 1879 quod
2458 1803 2839 1880 susceptum

614 1888 1001 1953 amoliamur
1021 1937 1035 1951 .
1069 1887 1258 1973 quod
1274 1887 1730 1954 Wakefieldus
1748 1912 1901 1954 cum
1921 1913 2060 1955 non
2079 1892 2500 1978 intellegeret
2516 1941 2532 1968 ‚
2555 1901 2841 1977 utroque

612 1995 889 2054 auctore
933 1987 1075 2052 sine
1112 1986 1359 2051 iudicio
1402 2009 1567 2052 usus
1607 1988 2010 2076 improbavit
2025 1989 2314 2078 perferre
2339 2038 2357 2069 ‚
2394 1989 2585 2075 quod
2621 1998 2703 2054 ut
2728 2011 2838 2075 ap·

610 2088 933 2151 tissimum
964 2084 1299 2150 dederunt
1325 2087 1661 2151 Antonius
1689 2087 1884 2151 Marii
1902 2137 1918 2164 ‚
1940 2086 2244 2152 Venetus
2275 2086 2495 2153 editor
2519 2088 2838 2172 (Brixian-

609 2186 701 2250 sis
735 2186 906 2249 enim
936 2192 1007 2270 et
1032 2183 1448 2250 Veronensis
1477 2186 1695 2273 efferre
1737 2185 2014 2271 habent)
2033 2235 2049 2262 ‚
2085 2186 2413 2251 Marullus
2430 2234 2446 2250 .
2482 2185 2612 2250 sed
2641 2187 2836 2250 veris-

609 2285 771 2348 sime
816 2282 1148 2369 Tanaquil
1188 2283 1408 2350 Faber
1456 2286 1725 2370 quemvis
1767 2306 2179 2348 surr-snas
2232 2285 2505 2349 laborem
2557 2307 2648 2349 ex
2687 2306 2835 2348 con·

609 2383 814 2446 stanti
857 2404 985 2445 usu
1030 2382 1326 2446 Lucretii
1344 2432 1357 2445 .
1396 2382 1507 2445 hic
1550 2382 1754 2467 igitur
1796 2406 1829 2446 ε
1869 2382 2095 2446 littera
2139 2404 2287 2447 cum
2330 2382 2435 2448 bis
2484 2382 2838 2447 scribenda

609 2487 792 2544 esset
820 2528 836 2555 ‚
871 2480 1123 2544 librarii
1150 2488 1550 2565 peccarunt:
1583 2501 1619 2543 e
1651 2482 1986 2546 contrario
2028 2502 2188 2545 mox
2220 2480 2337 2546 147
2368 2480 2747 2566 quadratus
2776 2489 2838 2544 et

604 2579 675 2641 in
705 2575 943 2640 eodem
968 2598 1171 2640 versu
1203 2624 1218 2652 ‚
1252 2577 1369 2642 ubi
1401 2584 1507 2641 est
1533 2579 1602 2640 in
1630 2579 1818 2654 v1‚40
1847 2628 1863 2654 ‚
1900 2578 2232 2669 oblongus
2261 2581 2412 2644 Non
2438 2581 2642 2644 radiis
2667 2581 2838 2660 soli-33

609 2695 808 2759 quem
844 2695 1117 2738 versum
1162 2674 1495 2738 Maximus
1537 2674 1934 2740 Victorinus
1971 2698 2035 2761 p.
2057 2676 2217 2742 1908
2257 2676 2522 2764 profert
2559 2685 2837 2764 propter

605 2775 822 2859 ipsum
848 2771 1015 2837 illud
1042 2775 1069 2836 i
1095 2774 1165 2837 in
1204 2774 1336 2838 fine
1364 2774 1676 2839 vocabuli
1715 2795 1857 2838 non
1900 2774 2165 2851 elisum,
2200 2773 2388 2860 quod
2426 2783 2673 2840 contra
2707 2775 2834 2838 fac-

605 2879 748 2936 tum
787 2871 877 2935 sit
917 2871 989 2934 in
1016 2870 1295 2957 Vergilii
1334 2894 1539 2936 versu
1580 2892 1806 2958 georg.
1821 2894 1864 2947 1,
1877 2872 2001 2936 446
2031 2920 2046 2946 ‚
2077 2873 2327 2937 Diversi
2363 2887 2658 2959 rumpent
2679 2875 2837 2939 radii

609 2982 720 3036 aut
744 2971 850 3035 ubi
865 2971 1118 3056 pallida
1152 2982 1359 3057 sur-yet
1374 3021 1388 3034 .
1420 2970 1546 3036 sed
1584 2971 1677 3035 ibi
1701 2967 2200 3035 Lindemannus
2228 2971 2532 3036 Maronis
2574 2993 2837 3037 versum

606 3068 1019 3134 dimidiatum
1064 3070 1464 3157 apposuisse
1518 3070 1683 3133 satis
1726 3067 1964 3133 habuit
1992 3118 2008 3146 ‚
2055 3069 2467 3155 grammatici
2512 3072 2728 3136 verba
2770 3079 2838 3134 ut

602 3167 899 3253 intellegi
926 3174 1211 3251 possent
1236 3167 1402 3230 nihil
1431 3188 1673 3231 curans
1691 3216 1705 3229 .

774 3264 1448 3330 149.Pn1nclr1tm
1479 3288 1721 3330 cums
1753 3287 1952 3330 lunc
1981 3265 2626 3330 Non1s.Maru]lus
2659 3267 2840 3330 Priu-

603 3364 831 3446 cipium
880 3362 1022 3425 hinc
1075 3365 1245 3426 cuius
1270 3411 1288 3442 ‚
1348 3364 1676 3430 Avantius
1714 3365 1897 3429 Cuius
1934 3366 2318 3451 prmcipium
2367 3363 2545 3444 hinc,
2601 3372 2841 3429 neuter

602 3459 767 3522 sau’s
808 3458 1026 3544 perite
1046 3508 1059 3521 .
1092 3458 1384 3524 Lucilius
1430 3460 1613 3547 apud
1640 3460 1933 3526 Nonium
1971 3486 2037 3549 p.
2051 3462 2174 3527 320
2204 3471 2273 3526 et
2299 3461 2422 3526 366
2459 3463 2650 3527 Cuius
2677 3463 2841 3527 vultu

602 3580 677 3621 ac
689 3555 867 3644 facie
887 3605 906 3638 ,
951 3557 1095 3621 ludo
1123 3580 1199 3621 ac
1225 3561 1588 3624 sermonibu'
1617 3563 1837 3626 nostri-s·
1860 3609 1878 3641 ‚
1930 3562 2189 3647 Viryinis·
2215 3561 2329 3625 Ιιοσ
2354 3563 2637 3646 pretiwn
2665 3574 2842 3648 abque

600 3656 761 3720 hum
798 3655 1195 3719 reddebamus
1251 3657 1540 3722 honorem
1565 3708 1578 3720 .
1619 3658 1753 3722 hoc
1807 3659 2027 3746 ipsum
2084 3662 2258 3723 cuius
2300 3660 2841 3746 monosyllabum

600 3751 882 3818 reddam
910 3753 1226 3819 Lucretio
1265 3756 1334 3819 in
1372 3756 1546 3821 libro
1578 3756 1847 3832 1v‚1089
1867 3807 1880 3820 .
1915 3757 2148 3821 Cicero
2177 3757 2246 3820 in
2274 3756 2545 3821 Arateis
2564 3805 2581 3832 ,
2606 3756 2693 3821 de
2725 3777 2838 3820 na·

598 3862 751 3918 tura
790 3852 1069 3918 deorum
1105 3877 1178 3930 11,
1200 3854 1317 3918 109
1336 3904 1352 3931 ‚
1386 3857 1587 3943 Atque
1627 3859 1756 3920 eius
1807 3858 1937 3941 ipse
1987 3867 2194 3920 manet
2239 3857 2535 3941 rel-iyatus
2585 3877 2839 3941 corpore

600 3963 791 4036 tort05
814 3951 900 4015 de
932 3974 1068 4038 quo
1097 3974 1299 4017 versu
1331 3955 1466 4039 egit
1495 3952 1833 4039 Hauptius
1872 3954 1942 4017 in
1971 3954 2561 4019 observationibus
2591 3953 2838 4018 criticis

597 4073 661 4135 p.
680 4050 763 4114 46
791 4100 805 4114 .
861 4050 1096 4115 eadem
1157 4051 1425 4116 licentia
1477 4059 1744 4117 veteres
1797 4052 1948 4116 Itali
2010 4051 2328 4116 dixerunt
2367 4051 2539 4116 Ecco
2590 4053 2700 4116 Ciu
2753 4050 2834 4112 da

602 4149 832 4212 Pistoia
858 4197 877 4228 ,
927 4149 1177 4214 Gnidon
1220 4151 1544 4234 dAre2205
1596 4151 1835 4230 Quanto
1887 4152 1954 4215 di
2005 4174 2130 4237 qua
2158 4174 2281 4235 per
2331 4173 2418 4214 tm
2467 4151 2744 4235 miqliaio
2781 4145 2835 4208 εἰ

599 4257 808 4330 conten
834 4268 1004 4332 quae
1034 4248 1193 4311 mihi
1222 4247 1538 4314 videntur
1565 4250 1663 4315 ita
1688 4249 2053 4337 protulisse
2073 4298 2089 4324 ‚
2110 4255 2189 4312 ut
2215 4250 2241 4311 i
2267 4248 2496 4313 littera
2523 4248 2695 4311 inter
2724 4263 2828 4308 ce-

601 4351 784 4408 teras
833 4345 1044 4430 magis
1088 4356 1408 4412 sonantes
1450 4347 1875 4413 delitesceret
1903 4373 1917 4412 t
1952 4369 2105 4412 nam
2127 4350 2287 4433 yuaj
2309 4368 2457 4410 cum
2493 4339 2830 4428 monosyl-

600 4441 819 4506 labum
848 4442 1183 4509 faciebant
1210 4495 1226 4521 ‚
1264 4445 1580 4511 dicebant
1610 4469 1646 4510 e
1679 4447 1939 4512 duabus
1971 4449 1994 4511 i
2020 4445 2246 4532 priore
2279 4444 2442 4509 elisa
2464 4448 2644 4531 quai,
2680 4441 2830 4507 Non
