3042 5192
70 904 155 949 145

70 1474 151 1518 150

68 2049 149 2092 155

68 2622 149 2668 160

67 3425 146 3471 165

1305 481 1368 549 II

213 642 608 769 corpdribus
628 703 644 729 ‚
666 655 904 742 paucis
935 654 1090 718 licet
1118 653 1271 718 hinc
1304 675 1712 740 cognoscere
1731 707 1747 732 ‚
1770 657 2067 722 Memmi.

211 771 483 857 primum
514 780 765 833 aurora
793 790 974 832 novo
1007 771 1444 857 cum-spargit
1471 771 1712 835 lumine
1743 780 1959 838 terras
1978 824 1993 848 ‚

204 896 265 948 et
292 886 518 949 variae
550 883 864 949 volucres
891 906 1166 950 nemora
1194 886 1341 950 avia
1370 886 1851 973 pervolitantes

205 1008 355 1064 aera
380 1022 510 1088 per
540 1008 845 1064 tenerum
874 999 1145 1086 liquidis
1173 1000 1322 1064 loca
1350 1001 1631 1065 vocibus
1662 1002 1944 1088 opplent
1961 1052 1976 1075 ‚

204 1137 396 1200 quam
428 1116 657 1180 subito
685 1114 902 1178 soleat
930 1114 1034 1178 sol
1063 1121 1252 1179 ortus
1282 1123 1585 1202 tempore
1615 1115 1732 1180 tali

204 1231 597 1294 convestirev
612 1250 736 1293 sua
762 1227 1175 1316 perfundens
1206 1231 1426 1294 omnia
1455 1229 1602 1293 luce
1620 1279 1636 1307 ‚

202 1346 509 1409 omnibus
536 1345 606 1407 in
633 1353 955 1433 promptu
979 1342 1539 1431 manifestumque
1568 1366 1718 1409 esse
1746 1343 2080 1410 videmus.

203 1467 271 1522 at
298 1480 517 1546 vapor
543 1459 604 1522 is
634 1480 834 1545 quem
864 1460 968 1524 sol
993 1460 1199 1525 mittit
1224 1461 1581 1545 lumenque
1612 1481 1917 1524 serenum
1935 1510 1951 1535 ‚

200 1595 335 1637 non
363 1596 491 1661 per
517 1574 715 1638 inane
746 1582 924 1639 meat
949 1596 1267 1653 vacuum3
1291 1597 1426 1661 quo
1456 1572 1716 1639 tardius
1745 1575 1840 1638 ire

203 1689 465 1774 cogitur
482 1738 499 1762 ‚
521 1689 737 1752 aerias
768 1691 960 1774 quasi
988 1688 1145 1753 dum
1178 1688 1562 1754 diverberet
1589 1688 1845 1753 undas:

202 1824 321 1866 nec
350 1803 730 1889 singillatim
760 1804 1159 1892 corpuscula
1191 1826 1497 1890 quaeque
1524 1805 1798 1892 vaporis

204 1918 323 1981 sed
350 1919 705 2006 complexa
730 1928 955 1983 meant
979 1921 1155 1984 inter
1185 1942 1257 1984 se
1288 1941 1551 2005 conque
1580 1919 1886 2005 globata3

207 2055 335 2118 qua
362 2041 649 2121 propter
678 2033 873 2098 simul
897 2035 1071 2099 inter
1102 2057 1176 2099 se
1205 2035 1641 2099 retrahuntur
1672 2044 1741 2099 et
1771 2044 1964 2100 extra

203 2147 582 2213 officiuntur
600 2197 615 2223 ‚
638 2149 733 2213 uti
764 2157 1091 2234 cogantur
1119 2150 1380 2214 tardius
1408 2151 1504 2214 ire
1524 2200 1538 2213 .

200 2270 269 2326 at
297 2284 471 2348 quae
500 2272 660 2328 sunt
690 2262 908 2328 solida
934 2263 1301 2350 primordia
1329 2266 1748 2353 simplicitate
1767 2315 1782 2340 ‚

200 2399 345 2441 cum
374 2400 500 2467 per
525 2380 723 2443 inane
749 2388 975 2444 meant
999 2401 1281 2444 vacuum
1300 2431 1316 2457 ‚
1337 2402 1463 2444 nec
1490 2402 1600 2445 res
1628 2390 2003 2445 remoratur

198 2492 327 2556 ulla
353 2492 519 2557 foris
536 2543 552 2567 ‚
576 2501 781 2579 atque
806 2496 957 2582 ipsa
985 2496 1124 2559 suis
1156 2517 1192 2559 e
1218 2496 1527 2584 partibus
1556 2518 1760 2561 unum
1777 2545 1793 2571 ‚

198 2629 392 2671 unum
410 2658 427 2683 ‚
448 2609 519 2672 in
550 2630 747 2694 quem
778 2630 1065 2696 coepere
1093 2610 1315 2677 locum
1344 2612 1583 2676 conixa
1611 2611 1915 2675 feruntur
1933 2662 1949 2685 ‚

201 2721 443 2788 debent
461 2774 479 2798 ‚
501 2724 572 2787 ni
600 2724 834 2787 mirum
852 2773 868 2798 ‚
890 2725 1292 2811 praecellere
1320 2726 1689 2790 mobilitate
1707 2775 1723 2800 ,

199 2846 265 2900 et
290 2838 497 2902 multo
528 2839 721 2903 citius
749 2838 911 2903 ferri
939 2860 1140 2924 quam
1165 2840 1410 2904 lumina
1440 2840 1602 2905 solis
1621 2890 1637 2917 ‚

194 2952 672 3040 multiplexque
702 2954 833 3019 loci
863 2955 1153 3042 spatium
1183 2962 1645 3023 transcurrere
1675 2955 1912 3019 eodem

194 3076 505 3154 tempore
534 3090 665 3154 quo
697 3069 861 3134 solis
888 3070 1290 3157 pervolgant
1316 3070 1582 3157 fulgura
1610 3070 1864 3134 caelum
1883 3118 1896 3134 .

1283 3237 1320 3275 ὴ

200 3412 357 3495 [nec
385 3416 759 3502 persectari
785 3414 1153 3501 primordia
1182 3415 1441 3501 singula
1473 3437 1777 3502 quaeque
1797 3466 1814 3492 ,

192 3538 263 3591 ut
288 3527 736 3614 videantqua
766 3531 1056 3616 quicque
1084 3539 1361 3617 geratur
1392 3552 1541 3595 cum
1570 3531 1829 3595 ratione
1849 3582 1863 3595 .

268 3644 357 3707 At
388 3641 662 3729 quidam
693 3654 935 3709 contra
959 3645 1131 3709 haec
1148 3694 1165 3721 ‚
1184 3646 1398 3731 ignari
1426 3636 1758 3721 materiai,

190 3768 493 3823 naturam
518 3780 659 3822 non
686 3779 887 3846 posse
906 3809 922 3836 ‚
953 3760 1149 3825 deum
1180 3760 1323 3824 sine
1352 3762 1618 3825 numine
1639 3810 1655 3835 ‚
1686 3771 1919 3827 rentur

190 3882 373 3937 tanto
404 3895 613 3962 opere
643 3873 948 3940 humanis
975 3876 1348 3941 rationibus
1378 3875 1795 3941 atmoderate

65 3998 139 4044 150
188 3996 487 4076 tempora
512 3998 773 4054 mutare
801 3978 1127 4055 annorum
1145 4041 1160 4067 ‚
1183 3989 1546 4077 frugesque
1576 4013 1803 4056 creare
1824 4040 1838 4057 .

195 4112 257 4166 et
286 4105 415 4168 iam
447 4113 674 4169 cetera
694 4154 709 4179 ,
732 4106 1035 4171 mortalis
1066 4127 1238 4192 quae
1269 4104 1516 4170 suadet
1545 4104 1727 4170 adire

2356 489 2445 555 45

199 4385 287 4432 144
324 4398 499 4434 novor
545 4384 566 4450 Η
618 4389 713 4436 147
752 4383 903 4437 solea
949 4385 969 4454 Η
1023 4391 1112 4437 152
1151 4387 1304 4456 quosi
1344 4388 1363 4456 ΙΙ
1405 4394 1498 4439 155
1536 4387 1816 4439 trahuntur
1852 4389 1872 4456 Η
1913 4392 2008 4439 158
2045 4390 2356 4440 remor-avit.
2398 4390 2417 4455 ΙΙ

198 4467 284 4513 160
318 4482 524 4517 conexa
575 4466 596 4533 ΙΙ
650 4472 743 4517 163
784 4466 1165 4539 Multiplesquc
1204 4472 1223 4538 Η
1266 4475 1361 4521 166
1400 4470 1477 4521 Ut
1514 4469 1670 4522 deant
1713 4470 1734 4538 ΙΙ
1778 4468 2084 4522 168·1·eddi.
