3042 5192
1263 454 1359 522 III
2283 462 2417 530 143

190 628 412 714 ipsum
443 627 795 691 'Antonius
835 625 1033 690 Marii
1076 625 1350 691 exhibet
1376 677 1390 691 .
1434 627 1589 691 olim
1635 628 1939 716 impressi
1991 640 2060 697 et
2095 633 2420 701 Marullus

189 734 377 790 recte
405 724 468 788 E
499 723 756 789 tenebris
783 725 963 788 tantis
980 772 994 787 .

357 823 416 886 7.
462 821 820 886 Cycnus
854 871 868 885 .
911 822 1022 886 Sic
1053 823 1418 909 oblongus:
1452 825 1826 910 quadratus
1864 830 2082 894 Giniis.
2110 832 2179 894 in
2210 834 2414 909 11‚505

189 928 480 1006 uterque
503 942 728 1007 cycnea
746 968 760 982 .
785 921 1121 1005 oblongus
1147 921 1217 985 in
1247 944 1316 997 11,
1331 922 1458 987 824
1485 945 1574 999 w,
1594 924 1707 989 181
1728 925 1851 990 910
1874 950 2094 1014 cyqnos
2117 939 2185 993 et
2206 935 2384 1018 cyyni
2396 981 2415 1013 ,

188 1020 299 1082 ubi
330 1017 711 1103 quadratus
742 1042 776 1082 c
800 1018 1092 1082 litteram
1123 1019 1398 1085 exhibet
1415 1070 1430 1084 .
1459 1021 1816 1088 Lucretius
1844 1032 2067 1089 utrum
2091 1026 2414 1093 Graecam

187 1138 273 1180 an
301 1117 617 1181 Latinam
645 1117 974 1180 rationem
1002 1119 1398 1202 praetulerit
1421 1121 1650 1185 nescio
1680 1144 1694 1184 ε
1738 1129 1919 1186 certe
1949 1125 2272 1210 syllabam
2299 1149 2414 1191 ne·

188 1237 319 1301 que
347 1214 464 1278 hic
490 1237 714 1300 neque
734 1213 1072 1300 Vergilius
1107 1217 1432 1303 corripuit
1449 1266 1463 1280 .
1497 1239 1579 1282 ea
1605 1227 1923 1306 correpta
1941 1221 2316 1289 Martialem
2344 1227 2413 1290 in

188 1337 275 1388 rx,
293 1313 420 1377 103
445 1336 636 1400 cyfflw
658 1313 1008 1398 scripsisse
1035 1334 1174 1376 non
1197 1313 1467 1380 videtur
1490 1316 1806 1382 credibile
1825 1367 1840 1382 .
1863 1340 2023 1383 mox
2043 1320 2185 1397 hedi
2202 1323 2415 1409 prima

183 1433 388 1477 manu
417 1412 752 1496 oblongus
782 1461 797 1487 ‚
837 1411 1021 1476 haedi
1047 1411 1222 1476 idem
1253 1435 1294 1476 a
1321 1422 1707 1481 correctore
1737 1423 1806 1480 et
1835 1417 2206 1502 quadratus
2226 1468 2242 1496 ,
2270 1420 2415 1485 No-

183 1512 338 1576 nius
367 1536 432 1599 p.
451 1512 649 1588 306‚9
681 1524 740 1576 et
761 1560 779 1592 ‚
809 1511 952 1589 420,
970 1512 1052 1576 32
1080 1515 1217 1577 aevi
1243 1561 1257 1575 .
1301 1514 1372 1577 in
1401 1536 1470 1588 11,
1486 1514 1607 1578 367
1636 1515 2060 1580 membranae
2088 1518 2272 1583 haedi
2289 1568 2302 1582 .
2343 1521 2411 1583 in

183 1609 522 1675 Varronis
577 1608 665 1673 de
716 1610 944 1696 lingua
982 1610 1225 1675 Latina
1279 1634 1324 1676 v
1353 1634 1418 1697 p.
1436 1612 1518 1676 99
1559 1612 1908 1677 Mediceus
1957 1614 2175 1679 codex
2220 1617 2411 1703 (nam

183 1707 590 1795 Spengelius
627 1729 767 1771 non
797 1710 1019 1774 omnia
1044 1717 1231 1774 recte
1257 1709 1556 1795 rettulit)
1584 1712 1752 1775 irem
1779 1713 1945 1798 quod
1966 1715 2377 1803 savinifirom
2395 1766 2409 1780 .

181 1808 352 1894 quod
385 1808 517 1871 illio
537 1806 749 1894 foedus
786 1808 854 1870 iu
889 1809 1041 1872 latio
1076 1832 1228 1873 rure
1261 1808 1407 1895 [qui
1433 1810 1501 1872 in
1528 1810 1678 1873 urbe
1706 1808 1969 1896 deleta]
1994 1811 2182 1877 kedw
2209 1817 2318 1900 qui
2344 1818 2411 1878 in

179 1906 333 1969 vrbe
361 1917 431 1969 ut
454 1906 522 1968 in
546 1906 751 1968 multis
779 1927 860 1968 Ἀ·
890 1906 1097 1971 addito
1126 1907 1316 1971 aedua
1345 1955 1357 1968 .
1399 1928 1605 1971 versu
1631 1908 1939 1992 proximo
1970 1911 2231 1999 etsortis
2256 1912 2409 1978 libri

182 2012 251 2067 et
277 2001 545 2067 Nonius
574 2002 775 2090 p.306
792 2051 808 2078 ‚
836 2001 1013 2067 idem
1040 2025 1103 2089 p.
1119 2002 1243 2068 420
1272 2027 1349 2069 ac
1366 2052 1380 2066 .

350 2101 410 2164 9.
455 2099 573 2164 Tu
604 2149 619 2176 ‚
662 2121 926 2164 PATER
953 2149 969 2177 ,
1008 2123 1096 2165 Es
1125 2124 1399 2165 menum
1428 2124 1842 2166 mvmwron
1870 2152 1884 2166 .
1931 2103 2281 2190 Oblongus
2313 2133 2406 2180 es,

180 2197 563 2285 quadratus
592 2223 658 2279 e,
685 2198 885 2263 huius
915 2206 1260 2265 corrector
1287 2202 1324 2263 ό
1342 2248 1356 2262 .

357 2298 452 2361 11.
498 2318 758 2361 onum
801 2320 1111 2361 LmAn‘r
1145 2346 1159 2360 .
1198 2297 1409 2361 Recte
1452 2297 1782 2361 Avantius
1825 2319 2128 2363 LrnAN‘r
2162 2348 2177 2376 ‚
2221 2303 2407 2386 quod

175 2396 334 2459 lima
377 2395 564 2459 nulla
592 2403 699 2460 est
724 2396 795 2459 in
825 2416 943 2460 ore
971 2396 1194 2484 apium
1222 2396 1634 2482 pascentium
1664 2445 1679 2472 ,
1717 2396 1980 2481 qualem
2008 2398 2242 2463 tribuit
2270 2403 2407 2465 aeri

175 2493 411 2559 subtili
440 2492 792 2558 Vitruvius
821 2542 838 2569 ‚
881 2515 1032 2559 cum
1062 2492 1225 2558 dicit
1250 2494 1320 2556 in
1346 2516 1410 2571 v,
1422 2493 1480 2570 9,
1497 2495 1536 2557 5
1566 2495 1732 2580 quod
1756 2518 1832 2558 ea·
1857 2495 2152 2560 viridibus
2176 2498 2408 2564 subtilis

173 2604 228 2657 et
252 2603 620 2658 ammam
647 2603 1021 2678 aerpropter
1039 2595 1361 2657 motionem
1390 2593 1664 2678 corporis
1689 2592 1947 2683 fufium-3
1954 2596 2250 2679 perlimat
2272 2621 2405 2683 spe-

175 2693 330 2755 ciem
346 2739 370 2770 ,
392 2689 528 2754 hoc
558 2697 664 2754 est
692 2690 956 2753 oculum
975 2739 989 2752 .
1013 2688 1299 2754 Horatio
1327 2689 1560 2754 ludere
1588 2691 1773 2755 licuit
1790 2740 1805 2767 ,
1828 2694 1979 2756 Non
2004 2694 2137 2758 isac
2164 2695 2405 2782 obliquo

172 2790 354 2853 oculo
374 2812 517 2853 mea
537 2789 848 2852 conmoda
872 2789 1193 2875 quisquam
1213 2790 1440 2871 Limen,
1461 2790 1654 2875 quasi
1675 2791 1810 2854 limi
1816 2793 1978 2856 oculi
1998 2812 2039 2855 a
2059 2793 2210 2857 lima
2225 2793 2403 2858 dice-

172 2896 418 2952 rentur
449 2911 467 2961 3
508 2907 704 2972 quem
734 2884 1098 2950 admodum
1129 2896 1197 2951 et
1222 2886 1504 2951 Plautus
1533 2887 1707 2952 ludit
1740 2936 1754 2963 ‚
1796 2908 1946 2952 cum
1974 2891 2179 2954 dobwm
2207 2893 2409 2956 dolari

173 2982 346 3048 dicit
378 3030 395 3057 ‚
436 2989 507 3046 et
545 2984 763 3047 nostri
802 2982 1107 3049 homines
1145 2985 1386 3072 partim
1424 2986 1763 3061 iocantur,
1803 2988 2043 3071 partim
2067 2987 2404 3063 falluntur,

170 3103 326 3147 cum
341 3081 622 3167 yeruloen
644 3080 991 3146 deducunt
1019 3103 1060 3146 a
1083 3083 1280 3147 ruben
1293 3131 1312 3164 ,
1337 3105 1623 3168 quorum
1651 3084 1864 3148 altero
1889 3086 2182 3151 studium
2204 3088 2404 3173 signi-

165 3181 454 3255 ficatur,
499 3180 713 3244 altero
745 3180 935 3264 quies
967 3229 981 3243 .
1026 3180 1210 3265 apud
1235 3180 1619 3246 Phaedrum
1646 3183 1715 3245 in
1745 3205 1845 3258 111,
1863 3184 1956 3259 10,
1970 3184 2052 3248 49
2080 3184 2241 3249 ferri
2266 3208 2404 3250 non

170 3277 389 3344 debet
414 3279 470 3341 εἰ
495 3279 880 3342 mendacium
904 3278 1198 3343 Subtilius
1224 3281 1521 3362 limasset,
1553 3280 1677 3346 sed
1704 3302 1841 3345 non
1862 3290 2000 3345 tam
2029 3304 2177 3346 cum
2197 3283 2403 3348 Bent-

165 3376 298 3442 leio
325 3378 594 3440 rimatus
616 3375 1042 3441 scribendum
1072 3384 1177 3441 est
1206 3399 1406 3462 quam
1433 3381 1709 3444 rimasset
1720 3428 1740 3460 ‚
1772 3401 1906 3465 quo
1936 3388 2205 3467 praeter
2234 3383 2401 3446 anti-

164 3476 453 3561 quiores
494 3476 672 3539 circa
708 3474 887 3539 idem
914 3482 1179 3561 tempus
1211 3475 1461 3541 Iliados
1500 3478 1837 3563 interpres
1856 3502 2052 3545 ‚usus
2098 3488 2204 3545 est
2241 3481 2367 3546 456
2385 3531 2400 3557 ‚

171 3573 469 3661 Undique
496 3574 803 3638 Amabant
826 3575 1072 3639 inimico
1102 3598 1364 3660 corpora
1373 3576 1559 3663 ferro
1578 3625 1591 3639 .

340 3671 444 3736 15.
505 3671 915 3737 NATURAM
971 3695 1241 3737 RERUM
1298 3697 1595 3738 nlvnffA
1653 3697 1921 3738 MENTE
1981 3697 2396 3741 coonrAm.

155 3769 566 3848 Quadratus
597 3782 870 3835 coar-tam
903 3820 918 3834 .
961 3772 1189 3858 inepte
1219 3771 1580 3837 Lambinus
1612 3772 1699 3836 de
1728 3773 2119 3838 coniectura
2146 3774 2397 3839 Donati

153 3867 484 3933 Iannocti
511 3868 880 3934 Florentini
912 3869 1085 3934 haud
1109 3872 1318 3934 divina
1344 3896 1366 3934 .·
1402 3871 1696 3957 ineptius
1724 3870 2184 3936 Wakefieldus
2221 3885 2399 3937 natu-

149 3991 298 4031 ram
343 3967 835 4052 interpretatur
876 3967 1203 4032 rationem
1243 3975 1524 4032 naturae
1568 3991 1787 4033 rerum
1823 4018 1837 4032 .
1886 3978 2069 4034 recte
2112 3971 2399 4035 Orellius

147 4067 322 4129 ratio
353 4076 468 4128 tua
496 4067 692 4151 coepit
714 4067 1042 4155 vomjferari
1060 4067 1380 4131 Naturam
1407 4091 1617 4131 rerum
1630 4116 1649 4149 ,
1672 4069 1881 4133 divina
1898 4081 2094 4134 mmte
2106 4117 2124 4149 ‚
2149 4070 2402 4134 seilicet

147 4170 273 4227 tua
306 4212 326 4239 ‚
376 4184 702 4228 coos-ra
734 4212 748 4227 .
788 4163 960 4228 haec
1002 4172 1107 4229 est
1133 4164 1247 4228 illa
1273 4162 1403 4249 ῖερᾶ
1436 4169 1620 4244 cottia
1645 4167 2047 4251 ἘπικοῨρογ,
2091 4165 2261 4231 haec
2289 4168 2399 4231 illa

145 4258 288 4347 ἱερὰ
344 4260 602 4337 κεφαλὴ
653 4262 689 4324 ἡ
736 4262 961 4348 πρώτη
1004 4261 1122 4327 τὴκ
1169 4264 1395 4340 εοφίακ
1441 4263 1780 4350 ἑΞεγΡοῨω
1817 4312 1831 4338 ,
1876 4265 2063 4329 cuius
2105 4286 2398 4328 summae

143 4359 352 4445 apud
401 4358 714 4424 familiam
772 4360 1009 4426 laudes
1038 4411 1051 4425 .
1102 4384 1261 4426 mox
1309 4373 1496 4427 totum
1537 4364 1709 4427 video
1739 4386 1863 4448 per
1902 4366 2086 4427 inane
2123 4363 2263 4447 qeri
2301 4386 2399 4426 res

145 4458 362 4543 quasi
396 4479 480 4522 ex
510 4459 683 4524 libro
713 4461 926 4546 primo
956 4459 1218 4526 Nonius
1247 4462 1511 4548 profert
1540 4485 1604 4547 p.
1619 4462 1815 4538 446‚5
1836 4509 1849 4523 .
