<?xml version="1.0" encoding="UTF-8"?>
<!DOCTYPE html PUBLIC "-//W3C//DTD XHTML 1.0 Transitional//EN"
    "http://www.w3.org/TR/xhtml1/DTD/xhtml1-transitional.dtd">
<html xmlns="http://www.w3.org/1999/xhtml" xml:lang="en" lang="en">
 <head>
  <title>
</title>
<meta http-equiv="Content-Type" content="text/html;charset=utf-8" />
  <meta name='ocr-system' content='tesseract 3.04.00' />
  <meta name='ocr-capabilities' content='ocr_page ocr_carea ocr_par ocr_line ocrx_word'/>
</head>
<body>
  <div class='ocr_page' id='page_1' title='image "./tlucreticarider04unkngoog_0239.png"; bbox 0 0 3042 5192; ppageno 0'>
   <div class='ocr_carea' id='block_1_1' title="bbox 124 755 194 801">
    <p class='ocr_par' dir='ltr' id='par_1_1' title="bbox 124 755 194 801">
     <span class='ocr_line' id='line_1_1' title="bbox 124 755 194 801; baseline 0 -1"><span class='ocrx_word' id='word_1_1' title='bbox 124 755 194 801; x_wconf 71' lang='lat'>645</span> 
     </span>
    </p>
   </div>
   <div class='ocr_carea' id='block_1_2' title="bbox 123 1327 200 1372">
    <p class='ocr_par' dir='ltr' id='par_1_2' title="bbox 123 1327 200 1372">
     <span class='ocr_line' id='line_1_2' title="bbox 123 1327 200 1372; baseline 0.013 -1"><span class='ocrx_word' id='word_1_2' title='bbox 123 1327 200 1372; x_wconf 80' lang='lat'>650</span> 
     </span>
    </p>
   </div>
   <div class='ocr_carea' id='block_1_3' title="bbox 121 1898 201 1944">
    <p class='ocr_par' dir='ltr' id='par_1_3' title="bbox 121 1898 201 1944">
     <span class='ocr_line' id='line_1_3' title="bbox 121 1898 201 1944; baseline 0 0"><span class='ocrx_word' id='word_1_3' title='bbox 121 1898 201 1944; x_wconf 77' lang='lat'>655</span> 
     </span>
    </p>
   </div>
   <div class='ocr_carea' id='block_1_4' title="bbox 118 2470 205 2517">
    <p class='ocr_par' dir='ltr' id='par_1_4' title="bbox 118 2470 205 2517">
     <span class='ocr_line' id='line_1_4' title="bbox 118 2470 205 2517; baseline 0.011 -1"><span class='ocrx_word' id='word_1_4' title='bbox 118 2470 205 2517; x_wconf 76' lang='lat'>560</span> 
     </span>
    </p>
   </div>
   <div class='ocr_carea' id='block_1_5' title="bbox 110 3043 199 3088">
    <p class='ocr_par' dir='ltr' id='par_1_5' title="bbox 110 3043 199 3088">
     <span class='ocr_line' id='line_1_5' title="bbox 110 3043 199 3088; baseline 0.034 -3"><span class='ocrx_word' id='word_1_5' title='bbox 110 3043 199 3088; x_wconf 75' lang='lat'>665</span> 
     </span>
    </p>
   </div>
   <div class='ocr_carea' id='block_1_6' title="bbox 106 3613 201 3660">
    <p class='ocr_par' dir='ltr' id='par_1_6' title="bbox 106 3613 201 3660">
     <span class='ocr_line' id='line_1_6' title="bbox 106 3613 201 3660; baseline 0.063 -6"><span class='ocrx_word' id='word_1_6' title='bbox 106 3613 201 3660; x_wconf 73' lang='lat'>570</span> 
     </span>
    </p>
   </div>
   <div class='ocr_carea' id='block_1_7' title="bbox 1320 445 1420 512">
    <p class='ocr_par' dir='ltr' id='par_1_7' title="bbox 1320 445 1420 512">
     <span class='ocr_line' id='line_1_7' title="bbox 1320 445 1420 512; baseline 0.03 -3"><span class='ocrx_word' id='word_1_7' title='bbox 1320 445 1420 512; x_wconf 83' lang='lat' dir='ltr'>VI</span> 
     </span>
    </p>
   </div>
   <div class='ocr_carea' id='block_1_8' title="bbox 236 617 2053 1374">
    <p class='ocr_par' dir='ltr' id='par_1_8' title="bbox 236 617 1869 939">
     <span class='ocr_line' id='line_1_8' title="bbox 236 617 1795 704; baseline -0.002 -19"><span class='ocrx_word' id='word_1_8' title='bbox 236 619 494 685; x_wconf 87' lang='lat' dir='ltr'>fumida</span> <span class='ocrx_word' id='word_1_9' title='bbox 525 643 678 685; x_wconf 90' lang='lat' dir='ltr'>cum</span> <span class='ocrx_word' id='word_1_10' title='bbox 710 619 877 684; x_wconf 86' lang='lat' dir='ltr'>caeli</span> <span class='ocrx_word' id='word_1_11' title='bbox 906 617 1265 684; x_wconf 78' lang='lat' dir='ltr'><strong>scintillare</strong></span> <span class='ocrx_word' id='word_1_12' title='bbox 1297 618 1515 681; x_wconf 89' lang='lat' dir='ltr'>omnia</span> <span class='ocrx_word' id='word_1_13' title='bbox 1547 618 1795 704; x_wconf 88' lang='lat' dir='ltr'>templa</span> 
     </span>
     <span class='ocr_line' id='line_1_9' title="bbox 239 733 1869 819; baseline -0.001 -18"><span class='ocrx_word' id='word_1_14' title='bbox 239 743 600 801; x_wconf 75' lang='lat' dir='ltr'>cernentes</span> <span class='ocrx_word' id='word_1_15' title='bbox 630 733 880 819; x_wconf 85' lang='lat' dir='ltr'>pavida</span> <span class='ocrx_word' id='word_1_16' title='bbox 908 733 1336 818; x_wconf 75' lang='lat' dir='ltr'>complebant</span> <span class='ocrx_word' id='word_1_17' title='bbox 1363 741 1645 818; x_wconf 89' lang='lat' dir='ltr'>pectora</span> <span class='ocrx_word' id='word_1_18' title='bbox 1673 755 1834 799; x_wconf 88' lang='lat' dir='ltr'>cura</span> <span class='ocrx_word' id='word_1_19' title='bbox 1853 783 1869 809; x_wconf 87' lang='lat'><strong>‚</strong></span> 
     </span>
     <span class='ocr_line' id='line_1_10' title="bbox 242 850 1691 939; baseline -0.003 -24"><span class='ocrx_word' id='word_1_20' title='bbox 242 850 409 939; x_wconf 90' lang='lat' dir='ltr'>quid</span> <span class='ocrx_word' id='word_1_21' title='bbox 437 850 787 914; x_wconf 81' lang='lat' dir='ltr'>moliretur</span> <span class='ocrx_word' id='word_1_22' title='bbox 815 869 1036 914; x_wconf 90' lang='lat' dir='ltr'>rerum</span> <span class='ocrx_word' id='word_1_23' title='bbox 1063 855 1306 912; x_wconf 88' lang='lat' dir='ltr'>natura</span> <span class='ocrx_word' id='word_1_24' title='bbox 1331 870 1659 913; x_wconf 80' lang='lat' dir='ltr'>novarum</span> <span class='ocrx_word' id='word_1_25' title='bbox 1678 898 1691 911; x_wconf 93' lang='lat'><em>.</em></span> 
     </span>
    </p>

    <p class='ocr_par' dir='ltr' id='par_1_9' title="bbox 241 943 2053 1374">
     <span class='ocr_line' id='line_1_11' title="bbox 325 943 1943 1049; baseline 0.001 -20"><span class='ocrx_word' id='word_1_26' title='bbox 325 966 536 1030; x_wconf 80' lang='lat' dir='ltr'>Hisce</span> <span class='ocrx_word' id='word_1_27' title='bbox 566 965 689 1030; x_wconf 89' lang='lat' dir='ltr'>tibi</span> <span class='ocrx_word' id='word_1_28' title='bbox 717 966 785 1027; x_wconf 91' lang='lat' dir='ltr'>in</span> <span class='ocrx_word' id='word_1_29' title='bbox 815 964 1017 1029; x_wconf 89' lang='lat' dir='ltr'>rebus</span> <span class='ocrx_word' id='word_1_30' title='bbox 1045 963 1252 1028; x_wconf 84' lang='lat' dir='ltr'>latest</span> <span class='ocrx_word' id='word_1_31' title='bbox 1280 943 1549 1049; x_wconf 80' lang='lat' dir='ltr'>alteque</span> <span class='ocrx_word' id='word_1_32' title='bbox 1578 962 1943 1030; x_wconf 83' lang='lat' dir='ltr'>videndum</span> 
     </span>
     <span class='ocr_line' id='line_1_12' title="bbox 241 1075 1750 1165; baseline -0.001 -20"><span class='ocrx_word' id='word_1_33' title='bbox 241 1091 311 1145; x_wconf 87' lang='lat' dir='ltr'>et</span> <span class='ocrx_word' id='word_1_34' title='bbox 339 1080 545 1165; x_wconf 85' lang='lat' dir='ltr'>longe</span> <span class='ocrx_word' id='word_1_35' title='bbox 576 1086 854 1143; x_wconf 85' lang='lat' dir='ltr'>cunctas</span> <span class='ocrx_word' id='word_1_36' title='bbox 881 1080 951 1142; x_wconf 90' lang='lat' dir='ltr'>in</span> <span class='ocrx_word' id='word_1_37' title='bbox 980 1078 1195 1163; x_wconf 88' lang='lat' dir='ltr'>partis</span> <span class='ocrx_word' id='word_1_38' title='bbox 1229 1075 1717 1164; x_wconf 87' lang='lat' dir='ltr'>dispiciendum</span> <span class='ocrx_word' id='word_1_39' title='bbox 1734 1128 1750 1154; x_wconf 90' lang='lat'>‚</span> 
     </span>
     <span class='ocr_line' id='line_1_13' title="bbox 242 1192 2053 1279; baseline 0.001 -21"><span class='ocrx_word' id='word_1_40' title='bbox 242 1205 323 1259; x_wconf 88' lang='lat' dir='ltr'>ut</span> <span class='ocrx_word' id='word_1_41' title='bbox 350 1193 804 1258; x_wconf 82' lang='lat' dir='ltr'>reminiscaris</span> <span class='ocrx_word' id='word_1_42' title='bbox 834 1213 1152 1258; x_wconf 82' lang='lat' dir='ltr'>summam</span> <span class='ocrx_word' id='word_1_43' title='bbox 1182 1213 1403 1257; x_wconf 89' lang='lat' dir='ltr'>rerum</span> <span class='ocrx_word' id='word_1_44' title='bbox 1436 1215 1588 1257; x_wconf 88' lang='lat' dir='ltr'>esse</span> <span class='ocrx_word' id='word_1_45' title='bbox 1616 1192 2020 1279; x_wconf 84' lang='lat' dir='ltr'>profundam</span> <span class='ocrx_word' id='word_1_46' title='bbox 2038 1245 2053 1270; x_wconf 90' lang='lat'>‚</span> 
     </span>
     <span class='ocr_line' id='line_1_14' title="bbox 245 1307 1649 1374; baseline -0.002 -1"><span class='ocrx_word' id='word_1_47' title='bbox 245 1319 313 1374; x_wconf 89' lang='lat' dir='ltr'>et</span> <span class='ocrx_word' id='word_1_48' title='bbox 342 1307 582 1373; x_wconf 84' lang='lat' dir='ltr'>videas</span> <span class='ocrx_word' id='word_1_49' title='bbox 613 1308 865 1373; x_wconf 90' lang='lat' dir='ltr'>caelum</span> <span class='ocrx_word' id='word_1_50' title='bbox 897 1308 1174 1371; x_wconf 88' lang='lat' dir='ltr'>summai</span> <span class='ocrx_word' id='word_1_51' title='bbox 1202 1307 1413 1371; x_wconf 87' lang='lat' dir='ltr'>totius</span> <span class='ocrx_word' id='word_1_52' title='bbox 1442 1329 1649 1371; x_wconf 88' lang='lat' dir='ltr'>unum</span> 
     </span>
    </p>
   </div>
   <div class='ocr_carea' id='block_1_9' title="bbox 244 1421 2125 1510">
    <p class='ocr_par' dir='ltr' id='par_1_10' title="bbox 244 1421 2125 1510">
     <span class='ocr_line' id='line_1_15' title="bbox 244 1421 2125 1510; baseline 0.002 -23"><span class='ocrx_word' id='word_1_53' title='bbox 244 1445 448 1510; x_wconf 84' lang='lat' dir='ltr'>quam</span> <span class='ocrx_word' id='word_1_54' title='bbox 478 1424 569 1488; x_wconf 91' lang='lat' dir='ltr'>sit</span> <span class='ocrx_word' id='word_1_55' title='bbox 594 1423 878 1510; x_wconf 85' lang='lat' dir='ltr'>parvula</span> <span class='ocrx_word' id='word_1_56' title='bbox 904 1443 1065 1508; x_wconf 87' lang='lat' dir='ltr'>pars</span> <span class='ocrx_word' id='word_1_57' title='bbox 1099 1430 1168 1486; x_wconf 89' lang='lat' dir='ltr'>et</span> <span class='ocrx_word' id='word_1_58' title='bbox 1196 1442 1396 1506; x_wconf 88' lang='lat' dir='ltr'>quam</span> <span class='ocrx_word' id='word_1_59' title='bbox 1423 1421 1798 1485; x_wconf 84' lang='lat' dir='ltr'>multesima</span> <span class='ocrx_word' id='word_1_60' title='bbox 1828 1433 2095 1490; x_wconf 89' lang='lat' dir='ltr'>constet</span> <span class='ocrx_word' id='word_1_61' title='bbox 2112 1476 2125 1500; x_wconf 94' lang='lat'>‚</span> 
     </span>
    </p>
   </div>
   <div class='ocr_carea' id='block_1_10' title="bbox 246 1537 2031 2539">
    <p class='ocr_par' dir='ltr' id='par_1_11' title="bbox 246 1537 1953 1738">
     <span class='ocr_line' id='line_1_16' title="bbox 246 1537 1953 1622; baseline 0 -20"><span class='ocrx_word' id='word_1_62' title='bbox 246 1559 372 1603; x_wconf 87' lang='lat' dir='ltr'>nec</span> <span class='ocrx_word' id='word_1_63' title='bbox 402 1546 551 1602; x_wconf 90' lang='lat' dir='ltr'>tota</span> <span class='ocrx_word' id='word_1_64' title='bbox 578 1559 740 1622; x_wconf 85' lang='lat' dir='ltr'>pars</span> <span class='ocrx_word' id='word_1_65' title='bbox 759 1586 775 1613; x_wconf 92' lang='lat'>‚</span> <span class='ocrx_word' id='word_1_66' title='bbox 798 1537 1002 1601; x_wconf 91' lang='lat' dir='ltr'>homo</span> <span class='ocrx_word' id='word_1_67' title='bbox 1033 1537 1238 1601; x_wconf 83' lang='lat' dir='ltr'>terrai</span> <span class='ocrx_word' id='word_1_68' title='bbox 1269 1544 1481 1621; x_wconf 87' lang='lat' dir='ltr'>quota</span> <span class='ocrx_word' id='word_1_69' title='bbox 1505 1537 1718 1601; x_wconf 88' lang='lat' dir='ltr'>totius</span> <span class='ocrx_word' id='word_1_70' title='bbox 1747 1559 1921 1602; x_wconf 88' lang='lat' dir='ltr'>unus</span> <span class='ocrx_word' id='word_1_71' title='bbox 1940 1588 1953 1601; x_wconf 93' lang='lat'><em>.</em></span> 
     </span>
     <span class='ocr_line' id='line_1_17' title="bbox 249 1651 1801 1738; baseline 0 -22"><span class='ocrx_word' id='word_1_72' title='bbox 249 1651 441 1738; x_wconf 88' lang='lat' dir='ltr'>quod</span> <span class='ocrx_word' id='word_1_73' title='bbox 467 1652 642 1717; x_wconf 89' lang='lat' dir='ltr'>bene</span> <span class='ocrx_word' id='word_1_74' title='bbox 670 1652 1093 1738; x_wconf 84' lang='lat' dir='ltr'>propositum</span> <span class='ocrx_word' id='word_1_75' title='bbox 1124 1652 1181 1715; x_wconf 85' lang='lat' dir='ltr'>si</span> <span class='ocrx_word' id='word_1_76' title='bbox 1209 1651 1408 1737; x_wconf 89' lang='lat' dir='ltr'>plane</span> <span class='ocrx_word' id='word_1_77' title='bbox 1439 1661 1801 1716; x_wconf 88' lang='lat' dir='ltr'>contueare</span> 
     </span>
    </p>

    <p class='ocr_par' dir='ltr' id='par_1_12' title="bbox 249 1765 1992 2083">
     <span class='ocr_line' id='line_1_18' title="bbox 251 1765 1740 1852; baseline -0.001 -21"><span class='ocrx_word' id='word_1_78' title='bbox 251 1789 330 1831; x_wconf 85' lang='lat' dir='ltr'>ae</span> <span class='ocrx_word' id='word_1_79' title='bbox 358 1765 593 1831; x_wconf 84' lang='lat' dir='ltr'>videas</span> <span class='ocrx_word' id='word_1_80' title='bbox 623 1766 819 1852; x_wconf 89' lang='lat' dir='ltr'>plane</span> <span class='ocrx_word' id='word_1_81' title='bbox 837 1814 853 1841; x_wconf 89' lang='lat'>‚</span> <span class='ocrx_word' id='word_1_82' title='bbox 874 1765 1100 1830; x_wconf 86' lang='lat' dir='ltr'>mirari</span> <span class='ocrx_word' id='word_1_83' title='bbox 1126 1767 1336 1831; x_wconf 89' lang='lat' dir='ltr'>multa</span> <span class='ocrx_word' id='word_1_84' title='bbox 1364 1765 1704 1851; x_wconf 86' lang='lat' dir='ltr'>relinquas</span> <span class='ocrx_word' id='word_1_85' title='bbox 1726 1814 1740 1829; x_wconf 88' lang='lat'><strong>.</strong></span> 
     </span>
     <span class='ocr_line' id='line_1_19' title="bbox 249 1881 1992 1966; baseline 0.001 -21"><span class='ocrx_word' id='word_1_86' title='bbox 249 1882 571 1966; x_wconf 68' lang='lat' dir='ltr'>numquis*</span> <span class='ocrx_word' id='word_1_87' title='bbox 592 1881 764 1945; x_wconf 91' lang='lat' dir='ltr'>enim</span> <span class='ocrx_word' id='word_1_88' title='bbox 792 1888 1102 1946; x_wconf 88' lang='lat' dir='ltr'>nostrum</span> <span class='ocrx_word' id='word_1_89' title='bbox 1128 1883 1405 1945; x_wconf 87' lang='lat' dir='ltr'>miratur</span> <span class='ocrx_word' id='word_1_90' title='bbox 1424 1930 1439 1956; x_wconf 96' lang='lat'>,</span> <span class='ocrx_word' id='word_1_91' title='bbox 1464 1881 1674 1965; x_wconf 88' lang='lat' dir='ltr'>siquis</span> <span class='ocrx_word' id='word_1_92' title='bbox 1703 1881 1774 1945; x_wconf 91' lang='lat' dir='ltr'>in</span> <span class='ocrx_word' id='word_1_93' title='bbox 1803 1889 1992 1946; x_wconf 88' lang='lat' dir='ltr'>artus</span> 
     </span>
     <span class='ocr_line' id='line_1_20' title="bbox 251 1994 1653 2083; baseline -0.002 -22"><span class='ocrx_word' id='word_1_94' title='bbox 251 1996 515 2083; x_wconf 86' lang='lat' dir='ltr'>accepit</span> <span class='ocrx_word' id='word_1_95' title='bbox 543 1994 760 2060; x_wconf 84' lang='lat' dir='ltr'>calido</span> <span class='ocrx_word' id='word_1_96' title='bbox 790 1995 1027 2062; x_wconf 87' lang='lat' dir='ltr'>febrim</span> <span class='ocrx_word' id='word_1_97' title='bbox 1056 1995 1321 2061; x_wconf 89' lang='lat' dir='ltr'>fervore</span> <span class='ocrx_word' id='word_1_98' title='bbox 1352 2004 1653 2061; x_wconf 83' lang='lat' dir='ltr'>coortam</span> 
     </span>
    </p>

    <p class='ocr_par' dir='ltr' id='par_1_13' title="bbox 253 2108 2031 2312">
     <span class='ocr_line' id='line_1_21' title="bbox 254 2108 2031 2198; baseline -0.001 -23"><span class='ocrx_word' id='word_1_99' title='bbox 254 2119 370 2176; x_wconf 89' lang='lat' dir='ltr'>aut</span> <span class='ocrx_word' id='word_1_100' title='bbox 399 2110 598 2174; x_wconf 86' lang='lat' dir='ltr'>alium</span> <span class='ocrx_word' id='word_1_101' title='bbox 631 2112 929 2196; x_wconf 86' lang='lat' dir='ltr'>quemvis</span> <span class='ocrx_word' id='word_1_102' title='bbox 959 2111 1173 2176; x_wconf 88' lang='lat' dir='ltr'>morbi</span> <span class='ocrx_word' id='word_1_103' title='bbox 1199 2132 1323 2198; x_wconf 93' lang='lat' dir='ltr'>per</span> <span class='ocrx_word' id='word_1_104' title='bbox 1352 2111 1649 2174; x_wconf 87' lang='lat' dir='ltr'>membra</span> <span class='ocrx_word' id='word_1_105' title='bbox 1678 2108 1980 2175; x_wconf 90' lang='lat' dir='ltr'>dolorem</span> <span class='ocrx_word' id='word_1_106' title='bbox 1997 2111 2031 2173; x_wconf 76' lang='grc' dir='ltr'><em>Ρ</em></span> 
     </span>
     <span class='ocr_line' id='line_1_22' title="bbox 253 2225 1762 2312; baseline -0.002 -22"><span class='ocrx_word' id='word_1_107' title='bbox 253 2225 672 2312; x_wconf 84' lang='lat' dir='ltr'>opturgescit</span> <span class='ocrx_word' id='word_1_108' title='bbox 700 2226 871 2288; x_wconf 89' lang='lat' dir='ltr'>enim</span> <span class='ocrx_word' id='word_1_109' title='bbox 901 2226 1124 2291; x_wconf 92' lang='lat' dir='ltr'>subito</span> <span class='ocrx_word' id='word_1_110' title='bbox 1153 2247 1278 2310; x_wconf 88' lang='lat' dir='ltr'>pes</span> <span class='ocrx_word' id='word_1_111' title='bbox 1297 2273 1312 2300; x_wconf 86' lang='lat'>‚</span> <span class='ocrx_word' id='word_1_112' title='bbox 1340 2226 1577 2310; x_wconf 85' lang='lat' dir='ltr'>arripit</span> <span class='ocrx_word' id='word_1_113' title='bbox 1606 2245 1762 2289; x_wconf 86' lang='lat' dir='ltr'>acer</span> 
     </span>
    </p>

    <p class='ocr_par' dir='ltr' id='par_1_14' title="bbox 252 2338 1884 2539">
     <span class='ocr_line' id='line_1_23' title="bbox 252 2338 1884 2426; baseline -0.001 -21"><span class='ocrx_word' id='word_1_114' title='bbox 252 2362 457 2426; x_wconf 89' lang='lat' dir='ltr'>saepe</span> <span class='ocrx_word' id='word_1_115' title='bbox 488 2338 684 2403; x_wconf 90' lang='lat' dir='ltr'>dolor</span> <span class='ocrx_word' id='word_1_116' title='bbox 716 2338 955 2405; x_wconf 85' lang='lat' dir='ltr'>dentes</span> <span class='ocrx_word' id='word_1_117' title='bbox 975 2390 991 2417; x_wconf 89' lang='lat'>,</span> <span class='ocrx_word' id='word_1_118' title='bbox 1014 2341 1248 2406; x_wconf 88' lang='lat' dir='ltr'>oculos</span> <span class='ocrx_word' id='word_1_119' title='bbox 1277 2338 1538 2404; x_wconf 80' lang='lat' dir='ltr'>invadit</span> <span class='ocrx_word' id='word_1_120' title='bbox 1563 2340 1633 2403; x_wconf 90' lang='lat' dir='ltr'>in</span> <span class='ocrx_word' id='word_1_121' title='bbox 1661 2339 1884 2423; x_wconf 82' lang='lat' dir='ltr'>ipsos,</span> 
     </span>
     <span class='ocr_line' id='line_1_24' title="bbox 260 2454 1802 2539; baseline -0.002 -20"><span class='ocrx_word' id='word_1_122' title='bbox 260 2455 487 2519; x_wconf 83' lang='lat' dir='ltr'>existit</span> <span class='ocrx_word' id='word_1_123' title='bbox 516 2474 709 2517; x_wconf 89' lang='lat' dir='ltr'>sacer</span> <span class='ocrx_word' id='word_1_124' title='bbox 736 2454 910 2539; x_wconf 86' lang='lat' dir='ltr'>ignis</span> <span class='ocrx_word' id='word_1_125' title='bbox 942 2461 1010 2517; x_wconf 85' lang='lat' dir='ltr'>et</span> <span class='ocrx_word' id='word_1_126' title='bbox 1036 2454 1174 2516; x_wconf 90' lang='lat' dir='ltr'>urit</span> <span class='ocrx_word' id='word_1_127' title='bbox 1202 2475 1489 2539; x_wconf 90' lang='lat' dir='ltr'>corpore</span> <span class='ocrx_word' id='word_1_128' title='bbox 1521 2474 1802 2539; x_wconf 88' lang='lat' dir='ltr'>serpens</span> 
     </span>
    </p>
   </div>
   <div class='ocr_carea' id='block_1_11' title="bbox 254 2567 2124 2655">
    <p class='ocr_par' dir='ltr' id='par_1_15' title="bbox 254 2567 2124 2655">
     <span class='ocr_line' id='line_1_25' title="bbox 254 2567 2124 2655; baseline 0.001 -22"><span class='ocrx_word' id='word_1_129' title='bbox 254 2591 457 2655; x_wconf 87' lang='lat' dir='ltr'>quam</span> <span class='ocrx_word' id='word_1_130' title='bbox 488 2589 771 2653; x_wconf 88' lang='lat' dir='ltr'>cumque</span> <span class='ocrx_word' id='word_1_131' title='bbox 803 2567 1084 2654; x_wconf 81' lang='lat' dir='ltr'>arripuit</span> <span class='ocrx_word' id='word_1_132' title='bbox 1111 2569 1386 2654; x_wconf 87' lang='lat' dir='ltr'>partim,</span> <span class='ocrx_word' id='word_1_133' title='bbox 1409 2569 1719 2655; x_wconf 85' lang='lat' dir='ltr'>repitque</span> <span class='ocrx_word' id='word_1_134' title='bbox 1749 2590 1873 2654; x_wconf 88' lang='lat' dir='ltr'>per</span> <span class='ocrx_word' id='word_1_135' title='bbox 1903 2578 2089 2636; x_wconf 88' lang='lat' dir='ltr'>artus</span> <span class='ocrx_word' id='word_1_136' title='bbox 2109 2620 2124 2645; x_wconf 90' lang='lat'>‚</span> 
     </span>
    </p>
   </div>
   <div class='ocr_carea' id='block_1_12' title="bbox 254 2682 2080 3569">
    <p class='ocr_par' dir='ltr' id='par_1_16' title="bbox 262 2682 1949 2768">
     <span class='ocr_line' id='line_1_26' title="bbox 262 2682 1949 2768; baseline 0.001 -21"><span class='ocrx_word' id='word_1_137' title='bbox 262 2685 329 2747; x_wconf 89' lang='lat' dir='ltr'>ni</span> <span class='ocrx_word' id='word_1_138' title='bbox 355 2684 596 2747; x_wconf 88' lang='lat' dir='ltr'>mirum</span> <span class='ocrx_word' id='word_1_139' title='bbox 616 2732 632 2759; x_wconf 84' lang='lat'>‚</span> <span class='ocrx_word' id='word_1_140' title='bbox 657 2683 813 2768; x_wconf 89' lang='lat' dir='ltr'>quia</span> <span class='ocrx_word' id='word_1_141' title='bbox 842 2690 1000 2748; x_wconf 90' lang='lat' dir='ltr'>sunt</span> <span class='ocrx_word' id='word_1_142' title='bbox 1027 2682 1380 2747; x_wconf 88' lang='lat' dir='ltr'>multarum</span> <span class='ocrx_word' id='word_1_143' title='bbox 1409 2683 1664 2747; x_wconf 90' lang='lat' dir='ltr'>semina</span> <span class='ocrx_word' id='word_1_144' title='bbox 1692 2705 1912 2748; x_wconf 84' lang='lat' dir='ltr'>rerum</span> <span class='ocrx_word' id='word_1_145' title='bbox 1933 2734 1949 2760; x_wconf 90' lang='lat'><strong>‚</strong></span> 
     </span>
    </p>

    <p class='ocr_par' dir='ltr' id='par_1_17' title="bbox 254 2796 1926 2998">
     <span class='ocr_line' id='line_1_27' title="bbox 258 2796 1926 2882; baseline 0.001 -20"><span class='ocrx_word' id='word_1_146' title='bbox 258 2806 330 2863; x_wconf 86' lang='lat' dir='ltr'>et</span> <span class='ocrx_word' id='word_1_147' title='bbox 358 2799 523 2863; x_wconf 88' lang='lat' dir='ltr'>satis</span> <span class='ocrx_word' id='word_1_148' title='bbox 553 2796 722 2862; x_wconf 88' lang='lat' dir='ltr'>haec</span> <span class='ocrx_word' id='word_1_149' title='bbox 750 2797 949 2862; x_wconf 90' lang='lat' dir='ltr'>tellus</span> <span class='ocrx_word' id='word_1_150' title='bbox 981 2797 1128 2861; x_wconf 89' lang='lat' dir='ltr'>orbi</span> <span class='ocrx_word' id='word_1_151' title='bbox 1160 2798 1547 2882; x_wconf 90' lang='lat' dir='ltr'>caelumque</span> <span class='ocrx_word' id='word_1_152' title='bbox 1575 2800 1730 2862; x_wconf 91' lang='lat' dir='ltr'>mali</span> <span class='ocrx_word' id='word_1_153' title='bbox 1758 2798 1926 2874; x_wconf 87' lang='lat' dir='ltr'>fert,</span> 
     </span>
     <span class='ocr_line' id='line_1_28' title="bbox 254 2912 1872 2998; baseline 0 -21"><span class='ocrx_word' id='word_1_154' title='bbox 254 2912 437 2977; x_wconf 87' lang='lat' dir='ltr'>unde</span> <span class='ocrx_word' id='word_1_155' title='bbox 470 2920 675 2998; x_wconf 89' lang='lat' dir='ltr'>queat</span> <span class='ocrx_word' id='word_1_156' title='bbox 700 2913 804 2975; x_wconf 88' lang='lat' dir='ltr'>vis</span> <span class='ocrx_word' id='word_1_157' title='bbox 831 2912 1134 2976; x_wconf 89' lang='lat' dir='ltr'>immensi</span> <span class='ocrx_word' id='word_1_158' title='bbox 1160 2933 1595 2996; x_wconf 90' lang='lat' dir='ltr'>procrescere</span> <span class='ocrx_word' id='word_1_159' title='bbox 1623 2913 1872 2977; x_wconf 89' lang='lat' dir='ltr'>morbi.</span> 
     </span>
    </p>

    <p class='ocr_par' dir='ltr' id='par_1_18' title="bbox 256 3026 1817 3114">
     <span class='ocr_line' id='line_1_29' title="bbox 256 3026 1817 3114; baseline 0 -23"><span class='ocrx_word' id='word_1_160' title='bbox 256 3028 355 3091; x_wconf 87' lang='lat' dir='ltr'>sie</span> <span class='ocrx_word' id='word_1_161' title='bbox 380 3027 587 3112; x_wconf 87' lang='lat' dir='ltr'>igitur</span> <span class='ocrx_word' id='word_1_162' title='bbox 612 3027 741 3091; x_wconf 90' lang='lat' dir='ltr'>toti</span> <span class='ocrx_word' id='word_1_163' title='bbox 773 3027 956 3092; x_wconf 89' lang='lat' dir='ltr'>caelo</span> <span class='ocrx_word' id='word_1_164' title='bbox 990 3032 1343 3112; x_wconf 87' lang='lat' dir='ltr'>terraeque</span> <span class='ocrx_word' id='word_1_165' title='bbox 1370 3026 1817 3114; x_wconf 85' lang='lat' dir='ltr'>putandumst</span> 
     </span>
    </p>

    <p class='ocr_par' dir='ltr' id='par_1_19' title="bbox 259 3140 1575 3228">
     <span class='ocr_line' id='line_1_30' title="bbox 259 3140 1575 3228; baseline 0.001 -25"><span class='ocrx_word' id='word_1_166' title='bbox 259 3162 347 3204; x_wconf 82' lang='lat' dir='ltr'>ex</span> <span class='ocrx_word' id='word_1_167' title='bbox 370 3142 631 3206; x_wconf 90' lang='lat' dir='ltr'>infinito</span> <span class='ocrx_word' id='word_1_168' title='bbox 663 3141 828 3206; x_wconf 88' lang='lat' dir='ltr'>satis</span> <span class='ocrx_word' id='word_1_169' title='bbox 856 3141 1075 3206; x_wconf 89' lang='lat' dir='ltr'>omnia</span> <span class='ocrx_word' id='word_1_170' title='bbox 1105 3140 1540 3228; x_wconf 87' lang='lat' dir='ltr'>suppeditare</span> <span class='ocrx_word' id='word_1_171' title='bbox 1559 3191 1575 3218; x_wconf 87' lang='lat'>‚</span> 
     </span>
    </p>

    <p class='ocr_par' dir='ltr' id='par_1_20' title="bbox 255 3254 2080 3569">
     <span class='ocr_line' id='line_1_31' title="bbox 258 3254 1858 3343; baseline 0.001 -24"><span class='ocrx_word' id='word_1_172' title='bbox 258 3254 441 3319; x_wconf 87' lang='lat' dir='ltr'>unde</span> <span class='ocrx_word' id='word_1_173' title='bbox 470 3265 749 3343; x_wconf 88' lang='lat' dir='ltr'>repente</span> <span class='ocrx_word' id='word_1_174' title='bbox 778 3264 983 3342; x_wconf 89' lang='lat' dir='ltr'>queat</span> <span class='ocrx_word' id='word_1_175' title='bbox 1010 3256 1211 3320; x_wconf 89' lang='lat' dir='ltr'>tellus</span> <span class='ocrx_word' id='word_1_176' title='bbox 1242 3277 1579 3321; x_wconf 89' lang='lat' dir='ltr'>concussa</span> <span class='ocrx_word' id='word_1_177' title='bbox 1604 3257 1858 3322; x_wconf 86' lang='lat' dir='ltr'>moveri</span> 
     </span>
     <span class='ocr_line' id='line_1_32' title="bbox 256 3369 2080 3457; baseline 0.002 -25"><span class='ocrx_word' id='word_1_178' title='bbox 256 3390 517 3455; x_wconf 88' lang='lat' dir='ltr'>perque</span> <span class='ocrx_word' id='word_1_179' title='bbox 545 3392 730 3435; x_wconf 87' lang='lat' dir='ltr'>mare</span> <span class='ocrx_word' id='word_1_180' title='bbox 759 3392 837 3435; x_wconf 86' lang='lat' dir='ltr'>ac</span> <span class='ocrx_word' id='word_1_181' title='bbox 867 3379 1085 3436; x_wconf 86' lang='lat' dir='ltr'>terras</span> <span class='ocrx_word' id='word_1_182' title='bbox 1113 3369 1391 3457; x_wconf 89' lang='lat' dir='ltr'>rapidus</span> <span class='ocrx_word' id='word_1_183' title='bbox 1419 3392 1815 3456; x_wconf 90' lang='lat' dir='ltr'>percurrere</span> <span class='ocrx_word' id='word_1_184' title='bbox 1845 3371 2045 3436; x_wconf 89' lang='lat' dir='ltr'>turbo</span> <span class='ocrx_word' id='word_1_185' title='bbox 2064 3421 2080 3448; x_wconf 89' lang='lat'>‚</span> 
     </span>
     <span class='ocr_line' id='line_1_33' title="bbox 255 3484 2004 3569; baseline 0.001 -21"><span class='ocrx_word' id='word_1_186' title='bbox 255 3484 433 3569; x_wconf 85' lang='lat' dir='ltr'>ignis</span> <span class='ocrx_word' id='word_1_187' title='bbox 465 3484 811 3551; x_wconf 86' lang='lat' dir='ltr'>abundare</span> <span class='ocrx_word' id='word_1_188' title='bbox 840 3487 1180 3550; x_wconf 89' lang='lat' dir='ltr'>Aetnaeus</span> <span class='ocrx_word' id='word_1_189' title='bbox 1199 3535 1214 3561; x_wconf 88' lang='lat'><strong>‚</strong></span> <span class='ocrx_word' id='word_1_190' title='bbox 1236 3485 1690 3551; x_wconf 88' lang='lat' dir='ltr'>flammescere</span> <span class='ocrx_word' id='word_1_191' title='bbox 1721 3487 2004 3551; x_wconf 87' lang='lat' dir='ltr'>caelum:</span> 
     </span>
    </p>
   </div>
   <div class='ocr_carea' id='block_1_13' title="bbox 257 3596 2108 3687">
    <p class='ocr_par' dir='ltr' id='par_1_21' title="bbox 257 3596 2108 3687">
     <span class='ocr_line' id='line_1_34' title="bbox 257 3596 2108 3687; baseline 0.002 -25"><span class='ocrx_word' id='word_1_192' title='bbox 257 3596 339 3662; x_wconf 89' lang='lat' dir='ltr'>id</span> <span class='ocrx_word' id='word_1_193' title='bbox 367 3621 637 3686; x_wconf 88' lang='lat' dir='ltr'>quoque</span> <span class='ocrx_word' id='word_1_194' title='bbox 667 3602 840 3664; x_wconf 92' lang='lat' dir='ltr'>enim</span> <span class='ocrx_word' id='word_1_195' title='bbox 866 3601 943 3665; x_wconf 87' lang='lat' dir='ltr'>fit</span> <span class='ocrx_word' id='word_1_196' title='bbox 960 3649 974 3677; x_wconf 89' lang='lat'>‚</span> <span class='ocrx_word' id='word_1_197' title='bbox 1000 3608 1066 3666; x_wconf 90' lang='lat' dir='ltr'>et</span> <span class='ocrx_word' id='word_1_198' title='bbox 1095 3598 1459 3666; x_wconf 88' lang='lat' dir='ltr'>ardescunt</span> <span class='ocrx_word' id='word_1_199' title='bbox 1488 3601 1801 3666; x_wconf 89' lang='lat' dir='ltr'>caelestia</span> <span class='ocrx_word' id='word_1_200' title='bbox 1832 3602 2072 3687; x_wconf 86' lang='lat' dir='ltr'>templa</span> <span class='ocrx_word' id='word_1_201' title='bbox 2093 3651 2108 3676; x_wconf 87' lang='lat'>‚</span> 
     </span>
    </p>
   </div>
   <div class='ocr_carea' id='block_1_14' title="bbox 250 3716 2079 4144">
    <p class='ocr_par' dir='ltr' id='par_1_22' title="bbox 257 3716 1706 3801">
     <span class='ocr_line' id='line_1_35' title="bbox 257 3716 1706 3801; baseline 0.003 -26"><span class='ocrx_word' id='word_1_202' title='bbox 257 3722 335 3775; x_wconf 90' lang='lat' dir='ltr'>et</span> <span class='ocrx_word' id='word_1_203' title='bbox 363 3722 798 3800; x_wconf 87' lang='lat' dir='ltr'>tempestates</span> <span class='ocrx_word' id='word_1_204' title='bbox 829 3716 1094 3800; x_wconf 85' lang='lat' dir='ltr'>pluviae</span> <span class='ocrx_word' id='word_1_205' title='bbox 1122 3718 1433 3801; x_wconf 85' lang='lat' dir='ltr'>graviore</span> <span class='ocrx_word' id='word_1_206' title='bbox 1465 3724 1706 3782; x_wconf 86' lang='lat' dir='ltr'>coortu</span> 
     </span>
    </p>

    <p class='ocr_par' dir='ltr' id='par_1_23' title="bbox 250 3828 2079 4144">
     <span class='ocr_line' id='line_1_36' title="bbox 256 3828 2079 3916; baseline 0.003 -26"><span class='ocrx_word' id='word_1_207' title='bbox 256 3836 421 3891; x_wconf 87' lang='lat' dir='ltr'>sunt</span> <span class='ocrx_word' id='word_1_208' title='bbox 437 3877 452 3905; x_wconf 91' lang='lat'>,</span> <span class='ocrx_word' id='word_1_209' title='bbox 473 3829 589 3893; x_wconf 92' lang='lat' dir='ltr'>ubi</span> <span class='ocrx_word' id='word_1_210' title='bbox 615 3828 793 3893; x_wconf 86' lang='lat' dir='ltr'>forte</span> <span class='ocrx_word' id='word_1_211' title='bbox 818 3830 916 3894; x_wconf 90' lang='lat' dir='ltr'>ita</span> <span class='ocrx_word' id='word_1_212' title='bbox 944 3852 1018 3894; x_wconf 88' lang='lat' dir='ltr'>se</span> <span class='ocrx_word' id='word_1_213' title='bbox 1048 3831 1416 3897; x_wconf 87' lang='lat' dir='ltr'>tetulerunt</span> <span class='ocrx_word' id='word_1_214' title='bbox 1446 3833 1697 3895; x_wconf 87' lang='lat' dir='ltr'>semina</span> <span class='ocrx_word' id='word_1_215' title='bbox 1725 3852 2046 3916; x_wconf 88' lang='lat' dir='ltr'>aquarum</span> <span class='ocrx_word' id='word_1_216' title='bbox 2065 3882 2079 3895; x_wconf 92' lang='lat'><em>.</em></span> 
     </span>
     <span class='ocr_line' id='line_1_37' title="bbox 250 3937 1905 4030; baseline 0.003 -26"><span class='ocrx_word' id='word_1_217' title='bbox 250 3937 365 4005; x_wconf 82' lang='lat' dir='ltr'>‘at</span> <span class='ocrx_word' id='word_1_218' title='bbox 389 3944 578 4008; x_wconf 89' lang='lat' dir='ltr'>nimis</span> <span class='ocrx_word' id='word_1_219' title='bbox 612 3951 721 4007; x_wconf 87' lang='lat' dir='ltr'>est</span> <span class='ocrx_word' id='word_1_220' title='bbox 747 3945 982 4030; x_wconf 86' lang='lat' dir='ltr'>ingens</span> <span class='ocrx_word' id='word_1_221' title='bbox 1009 3944 1278 4009; x_wconf 88' lang='lat' dir='ltr'>incendi</span> <span class='ocrx_word' id='word_1_222' title='bbox 1307 3945 1620 4011; x_wconf 83' lang='lat' dir='ltr'>turbidus</span> <span class='ocrx_word' id='word_1_223' title='bbox 1649 3945 1854 4011; x_wconf 86' lang='lat' dir='ltr'>ardor</span> <span class='ocrx_word' id='word_1_224' title='bbox 1873 3948 1905 4009; x_wconf 91' lang='lat'>.&#39;</span> 
     </span>
     <span class='ocr_line' id='line_1_38' title="bbox 254 4057 1749 4144; baseline 0.002 -23"><span class='ocrx_word' id='word_1_225' title='bbox 254 4057 518 4122; x_wconf 86' lang='lat' dir='ltr'>scilieet</span> <span class='ocrx_word' id='word_1_226' title='bbox 536 4107 552 4134; x_wconf 88' lang='lat'>‚</span> <span class='ocrx_word' id='word_1_227' title='bbox 578 4066 648 4122; x_wconf 90' lang='lat' dir='ltr'>et</span> <span class='ocrx_word' id='word_1_228' title='bbox 677 4057 918 4123; x_wconf 87' lang='lat' dir='ltr'>fluvius</span> <span class='ocrx_word' id='word_1_229' title='bbox 949 4060 1167 4144; x_wconf 85' lang='lat' dir='ltr'>quivis</span> <span class='ocrx_word' id='word_1_230' title='bbox 1200 4068 1305 4124; x_wconf 88' lang='lat' dir='ltr'>est</span> <span class='ocrx_word' id='word_1_231' title='bbox 1332 4060 1656 4125; x_wconf 84' lang='lat' dir='ltr'>maximus</span> <span class='ocrx_word' id='word_1_232' title='bbox 1689 4061 1749 4124; x_wconf 91' lang='lat' dir='ltr'>ei</span> 
     </span>
    </p>
   </div>
   <div class='ocr_carea' id='block_1_15' title="bbox 342 4256 599 4265">
    <p class='ocr_par' dir='ltr' id='par_1_24' title="bbox 342 4256 599 4265">
     <span class='ocr_line' id='line_1_39' title="bbox 342 4256 599 4265; baseline 0 927"><span class='ocrx_word' id='word_1_233' title='bbox 342 4256 599 4265; x_wconf 95' lang='lat' dir='ltr'> </span> 
     </span>
    </p>
   </div>
   <div class='ocr_carea' id='block_1_16' title="bbox 2342 451 2482 520">
    <p class='ocr_par' dir='ltr' id='par_1_25' title="bbox 2342 451 2482 520">
     <span class='ocr_line' id='line_1_40' title="bbox 2342 451 2482 520; baseline 0.014 -2"><span class='ocrx_word' id='word_1_234' title='bbox 2342 451 2482 520; x_wconf 85' lang='lat'>227</span> 
     </span>
    </p>
   </div>
   <div class='ocr_carea' id='block_1_17' title="bbox 258 4331 2501 4409">
    <p class='ocr_par' dir='ltr' id='par_1_26' title="bbox 258 4331 2501 4409">
     <span class='ocr_line' id='line_1_41' title="bbox 258 4331 2501 4409; baseline 0 -25"><span class='ocrx_word' id='word_1_235' title='bbox 258 4336 381 4384; x_wconf 76' lang='grc'>648</span> <span class='ocrx_word' id='word_1_236' title='bbox 401 4331 820 4403; x_wconf 81' lang='lat' dir='ltr'>despiciendum.</span> <span class='ocrx_word' id='word_1_237' title='bbox 861 4335 881 4407; x_wconf 83' lang='grc' dir='ltr'>ΙΙ</span> <span class='ocrx_word' id='word_1_238' title='bbox 918 4341 1016 4389; x_wconf 84' lang='grc'>653</span> <span class='ocrx_word' id='word_1_239' title='bbox 1041 4338 1356 4408; x_wconf 84' lang='lat' dir='ltr'>propositus</span> <span class='ocrx_word' id='word_1_240' title='bbox 1396 4338 1416 4409; x_wconf 85' lang='grc' dir='ltr'>ΙΙ</span> <span class='ocrx_word' id='word_1_241' title='bbox 1451 4336 1595 4408; x_wconf 78' lang='lat' dir='ltr'>plani</span> <span class='ocrx_word' id='word_1_242' title='bbox 1631 4335 1652 4407; x_wconf 88' lang='grc' dir='ltr'>ΙΙ</span> <span class='ocrx_word' id='word_1_243' title='bbox 1690 4343 1792 4390; x_wconf 82' lang='grc'>658</span> <span class='ocrx_word' id='word_1_244' title='bbox 1817 4337 2158 4392; x_wconf 87' lang='lat' dir='ltr'>Obturcescit</span> <span class='ocrx_word' id='word_1_245' title='bbox 2181 4335 2205 4407; x_wconf 75' lang='lat' dir='ltr'>ss</span> <span class='ocrx_word' id='word_1_246' title='bbox 2231 4339 2329 4387; x_wconf 84' lang='grc'>662</span> <span class='ocrx_word' id='word_1_247' title='bbox 2355 4333 2443 4403; x_wconf 88' lang='lat' dir='ltr'>qui</span> <span class='ocrx_word' id='word_1_248' title='bbox 2480 4333 2501 4404; x_wconf 81' lang='grc' dir='ltr'>ΙΙ</span> 
     </span>
    </p>
   </div>
   <div class='ocr_carea' id='block_1_18' title="bbox 258 4417 2097 4581">
    <p class='ocr_par' dir='ltr' id='par_1_27' title="bbox 258 4417 2097 4581">
     <span class='ocr_line' id='line_1_42' title="bbox 258 4417 1586 4491; baseline 0.005 -27"><span class='ocrx_word' id='word_1_249' title='bbox 258 4419 376 4465; x_wconf 81' lang='grc'>663</span> <span class='ocrx_word' id='word_1_250' title='bbox 413 4417 574 4469; x_wconf 86' lang='lat' dir='ltr'>morbi</span> <span class='ocrx_word' id='word_1_251' title='bbox 612 4417 633 4486; x_wconf 82' lang='grc' dir='ltr'>ΙΙ</span> <span class='ocrx_word' id='word_1_252' title='bbox 672 4422 773 4472; x_wconf 85' lang='grc'>667</span> <span class='ocrx_word' id='word_1_253' title='bbox 811 4435 1077 4474; x_wconf 81' lang='lat' dir='ltr'>concusso</span> <span class='ocrx_word' id='word_1_254' title='bbox 1116 4418 1137 4490; x_wconf 74' lang='grc' dir='ltr'>ΙΙ</span> <span class='ocrx_word' id='word_1_255' title='bbox 1175 4426 1273 4473; x_wconf 84' lang='grc'>674</span> <span class='ocrx_word' id='word_1_256' title='bbox 1311 4422 1399 4491; x_wconf 89' lang='lat' dir='ltr'>qui</span> <span class='ocrx_word' id='word_1_257' title='bbox 1438 4420 1586 4474; x_wconf 85' lang='lat' dir='ltr'>visus</span> 
     </span>
     <span class='ocr_line' id='line_1_43' title="bbox 1975 4518 2097 4581; baseline -0.025 0"><span class='ocrx_word' id='word_1_258' title='bbox 1975 4518 2050 4581; x_wconf 84' lang='lat'>15</span> <span class='ocrx_word' id='word_1_259' title='bbox 2074 4521 2097 4544; x_wconf 81' lang='lat'><strong>‘</strong></span> 
     </span>
    </p>
   </div>
  </div>
 </body>
</html>
