<?xml version="1.0" encoding="UTF-8"?>
<!DOCTYPE html PUBLIC "-//W3C//DTD XHTML 1.0 Transitional//EN"
    "http://www.w3.org/TR/xhtml1/DTD/xhtml1-transitional.dtd">
<html xmlns="http://www.w3.org/1999/xhtml" xml:lang="en" lang="en">
 <head>
  <title>
</title>
<meta http-equiv="Content-Type" content="text/html;charset=utf-8" />
  <meta name='ocr-system' content='tesseract 3.04.00' />
  <meta name='ocr-capabilities' content='ocr_page ocr_carea ocr_par ocr_line ocrx_word'/>
</head>
<body>
  <div class='ocr_page' id='page_1' title='image "./tlucreticarider04unkngoog_0544.png"; bbox 0 0 3042 5192; ppageno 0'>
   <div class='ocr_carea' id='block_1_1' title="bbox 666 452 1833 528">
    <p class='ocr_par' dir='ltr' id='par_1_1' title="bbox 666 452 1833 528">
     <span class='ocr_line' id='line_1_1' title="bbox 666 452 1833 528; baseline -0.004 -6"><span class='ocrx_word' id='word_1_1' title='bbox 666 455 805 522; x_wconf 83' lang='lat'><strong>242</strong></span> <span class='ocrx_word' id='word_1_2' title='bbox 1566 523 1571 528; x_wconf 84' lang='grc'>,</span> <span class='ocrx_word' id='word_1_3' title='bbox 1732 452 1833 518; x_wconf 84' lang='lat' dir='ltr'><strong>IV</strong></span> 
     </span>
    </p>
   </div>
   <div class='ocr_carea' id='block_1_2' title="bbox 640 624 2823 4530">
    <p class='ocr_par' dir='ltr' id='par_1_2' title="bbox 663 624 2793 889">
     <span class='ocr_line' id='line_1_2' title="bbox 667 624 2791 714; baseline 0 -22"><span class='ocrx_word' id='word_1_4' title='bbox 667 630 828 692; x_wconf 90' lang='lat' dir='ltr'><strong>mire</strong></span> <span class='ocrx_word' id='word_1_5' title='bbox 859 628 1108 692; x_wconf 90' lang='lat' dir='ltr'><strong>Caesar</strong></span> <span class='ocrx_word' id='word_1_6' title='bbox 1142 625 1228 688; x_wconf 90' lang='lat' dir='ltr'><strong>de</strong></span> <span class='ocrx_word' id='word_1_7' title='bbox 1268 626 1446 689; x_wconf 90' lang='lat' dir='ltr'><strong>bello</strong></span> <span class='ocrx_word' id='word_1_8' title='bbox 1478 626 1737 690; x_wconf 81' lang='lat' dir='ltr'><strong>Gallico</strong></span> <span class='ocrx_word' id='word_1_9' title='bbox 1771 649 1832 701; x_wconf 78' lang='lat' dir='ltr'><strong>v,</strong></span> <span class='ocrx_word' id='word_1_10' title='bbox 1851 624 1931 689; x_wconf 84' lang='lat'><strong>32</strong></span> <span class='ocrx_word' id='word_1_11' title='bbox 1961 637 2018 690; x_wconf 74' lang='lat' dir='ltr'><strong>et</strong></span> <span class='ocrx_word' id='word_1_12' title='bbox 2044 649 2181 690; x_wconf 78' lang='lat' dir='ltr'><strong>cwm</strong></span> <span class='ocrx_word' id='word_1_13' title='bbox 2206 650 2266 691; x_wconf 78' lang='lat' dir='ltr'><strong>se</strong></span> <span class='ocrx_word' id='word_1_14' title='bbox 2290 630 2473 692; x_wconf 79' lang='lat' dir='ltr'><strong>maior</strong></span> <span class='ocrx_word' id='word_1_15' title='bbox 2488 652 2621 713; x_wconf 78' lang='lat' dir='ltr'><strong>pars</strong></span> <span class='ocrx_word' id='word_1_16' title='bbox 2645 632 2791 714; x_wconf 73' lang='lat' dir='ltr'><strong>aymi-</strong></span> 
     </span>
     <span class='ocr_line' id='line_1_3' title="bbox 669 717 2793 811; baseline -0 -21"><span class='ocrx_word' id='word_1_17' title='bbox 669 730 765 790; x_wconf 64' lang='grc' dir='ltr'><strong>πίε</strong></span> <span class='ocrx_word' id='word_1_18' title='bbox 792 729 859 790; x_wconf 79' lang='lat' dir='ltr'><strong>in</strong></span> <span class='ocrx_word' id='word_1_19' title='bbox 886 749 1176 811; x_wconf 66' lang='lat' dir='ltr'><strong>‘maynam</strong></span> <span class='ocrx_word' id='word_1_20' title='bbox 1206 726 1536 790; x_wconf 77' lang='lat' dir='ltr'><strong>convallem</strong></span> <span class='ocrx_word' id='word_1_21' title='bbox 1566 717 1891 788; x_wconf 58' lang='lat' dir='ltr'><strong>demisisset</strong></span> <span class='ocrx_word' id='word_1_22' title='bbox 1919 774 1936 803; x_wconf 85' lang='lat'><strong><em>,</em></strong></span> <span class='ocrx_word' id='word_1_23' title='bbox 1978 748 2054 787; x_wconf 75' lang='lat' dir='ltr'><strong>ex</strong></span> <span class='ocrx_word' id='word_1_24' title='bbox 2080 737 2330 811; x_wconf 74' lang='lat' dir='ltr'><strong>utraque</strong></span> <span class='ocrx_word' id='word_1_25' title='bbox 2348 738 2511 810; x_wconf 81' lang='lat' dir='ltr'><strong>parte</strong></span> <span class='ocrx_word' id='word_1_26' title='bbox 2536 729 2639 789; x_wconf 77' lang='lat' dir='ltr'><strong>eins</strong></span> <span class='ocrx_word' id='word_1_27' title='bbox 2662 728 2793 789; x_wconf 69' lang='lat' dir='ltr'><strong>callis</strong></span> 
     </span>
     <span class='ocr_line' id='line_1_4' title="bbox 663 825 1381 889; baseline -0.003 -1"><span class='ocrx_word' id='word_1_28' title='bbox 663 827 852 889; x_wconf 57' lang='lat' dir='ltr'><strong>mabito</strong></span> <span class='ocrx_word' id='word_1_29' title='bbox 879 849 942 887; x_wconf 77' lang='lat' dir='ltr'><strong>se</strong></span> <span class='ocrx_word' id='word_1_30' title='bbox 970 825 1381 887; x_wconf 77' lang='lat' dir='ltr'><strong>ostenderunt.</strong></span> 
     </span>
    </p>

    <p class='ocr_par' dir='ltr' id='par_1_3' title="bbox 662 921 2793 1084">
     <span class='ocr_line' id='line_1_5' title="bbox 830 921 2793 1006; baseline -0.001 -22"><span class='ocrx_word' id='word_1_31' title='bbox 830 923 970 986; x_wconf 76' lang='lat'>548.</span> <span class='ocrx_word' id='word_1_32' title='bbox 1025 943 1296 985; x_wconf 73' lang='lat' dir='ltr'><strong>ronAs</strong></span> <span class='ocrx_word' id='word_1_33' title='bbox 1348 944 1838 985; x_wconf 66' lang='lat' dir='ltr'><strong>murrinum.</strong></span> <span class='ocrx_word' id='word_1_34' title='bbox 1907 921 2267 985; x_wconf 87' lang='lat' dir='ltr'><strong>Corrector</strong></span> <span class='ocrx_word' id='word_1_35' title='bbox 2316 921 2557 1006; x_wconf 85' lang='lat' dir='ltr'>oblongi</span> <span class='ocrx_word' id='word_1_36' title='bbox 2601 944 2793 983; x_wconf 73' lang='lat' dir='ltr'><strong>sni-r-</strong></span> 
     </span>
     <span class='ocr_line' id='line_1_6' title="bbox 662 1042 961 1084; baseline -0.003 0"><span class='ocrx_word' id='word_1_37' title='bbox 662 1042 961 1084; x_wconf 74' lang='lat' dir='ltr'><strong>rimus,</strong></span> 
     </span>
    </p>

    <p class='ocr_par' dir='ltr' id='par_1_4' title="bbox 662 1115 2797 1282">
     <span class='ocr_line' id='line_1_7' title="bbox 829 1115 2797 1201; baseline -0.002 -20"><span class='ocrx_word' id='word_1_38' title='bbox 829 1119 969 1182; x_wconf 79' lang='lat'>549.</span> <span class='ocrx_word' id='word_1_39' title='bbox 1023 1142 1068 1182; x_wconf 78' lang='lat' dir='ltr'>N</span> <span class='ocrx_word' id='word_1_40' title='bbox 1087 1141 1125 1180; x_wconf 80' lang='lat' dir='ltr'>E</span> <span class='ocrx_word' id='word_1_41' title='bbox 1144 1140 1301 1182; x_wconf 74' lang='lat' dir='ltr'><strong>nvo</strong></span> <span class='ocrx_word' id='word_1_42' title='bbox 1321 1142 1362 1181; x_wconf 82' lang='lat' dir='ltr'>R</span> <span class='ocrx_word' id='word_1_43' title='bbox 1380 1140 1422 1181; x_wconf 81' lang='lat' dir='ltr'><strong>u</strong></span> <span class='ocrx_word' id='word_1_44' title='bbox 1441 1141 1490 1180; x_wconf 80' lang='lat' dir='ltr'>M</span> <span class='ocrx_word' id='word_1_45' title='bbox 1541 1140 1585 1180; x_wconf 86' lang='lat' dir='ltr'>D</span> <span class='ocrx_word' id='word_1_46' title='bbox 1606 1141 1644 1180; x_wconf 84' lang='lat' dir='ltr'>E</span> <span class='ocrx_word' id='word_1_47' title='bbox 1664 1139 1765 1180; x_wconf 82' lang='lat' dir='ltr'><strong>DA</strong></span> <span class='ocrx_word' id='word_1_48' title='bbox 1787 1140 1825 1180; x_wconf 83' lang='lat' dir='ltr'>L</span> <span class='ocrx_word' id='word_1_49' title='bbox 1845 1140 1890 1180; x_wconf 77' lang='lat' dir='ltr'>A</span> <span class='ocrx_word' id='word_1_50' title='bbox 1928 1167 1941 1181; x_wconf 88' lang='lat'><strong><em>.</em></strong></span> <span class='ocrx_word' id='word_1_51' title='bbox 1993 1117 2349 1183; x_wconf 82' lang='lat' dir='ltr'>Lambinus</span> <span class='ocrx_word' id='word_1_52' title='bbox 2398 1115 2567 1180; x_wconf 83' lang='lat' dir='ltr'><strong>dedit</strong></span> <span class='ocrx_word' id='word_1_53' title='bbox 2608 1116 2797 1201; x_wconf 85' lang='lat' dir='ltr'><strong>primus</strong></span> 
     </span>
     <span class='ocr_line' id='line_1_8' title="bbox 662 1239 1127 1282; baseline -0.006 -1"><span class='ocrx_word' id='word_1_54' title='bbox 662 1239 1127 1282; x_wconf 57' lang='lat' dir='ltr'><strong>vuasonem.</strong></span> 
     </span>
    </p>

    <p class='ocr_par' dir='ltr' id='par_1_5' title="bbox 658 1312 2799 1793">
     <span class='ocr_line' id='line_1_9' title="bbox 834 1312 2796 1385; baseline -0.003 -7"><span class='ocrx_word' id='word_1_55' title='bbox 834 1316 974 1379; x_wconf 83' lang='lat'>553.</span> <span class='ocrx_word' id='word_1_56' title='bbox 1023 1337 1232 1378; x_wconf 69' lang='lat' dir='ltr'><strong>cuns</strong></span> <span class='ocrx_word' id='word_1_57' title='bbox 1287 1335 1475 1377; x_wconf 78' lang='lat' dir='ltr'>ILLA</span> <span class='ocrx_word' id='word_1_58' title='bbox 1516 1333 1943 1378; x_wconf 53' lang='lat' dir='ltr'><strong>raom-:crim</strong></span> <span class='ocrx_word' id='word_1_59' title='bbox 1985 1312 2451 1377; x_wconf 75' lang='lat' dir='ltr'><strong>PERVEmAr</strong></span> <span class='ocrx_word' id='word_1_60' title='bbox 2491 1334 2620 1376; x_wconf 77' lang='lat' dir='ltr'><strong>vox</strong></span> <span class='ocrx_word' id='word_1_61' title='bbox 2655 1331 2796 1385; x_wconf 74' lang='lat' dir='ltr'><strong>ocr-</strong></span> 
     </span>
     <span class='ocr_line' id='line_1_10' title="bbox 662 1408 2799 1495; baseline -0.005 -17"><span class='ocrx_word' id='word_1_62' title='bbox 662 1437 809 1490; x_wconf 75' lang='lat' dir='ltr'><strong>Qun</strong></span> <span class='ocrx_word' id='word_1_63' title='bbox 843 1464 856 1477; x_wconf 90' lang='lat'><strong><em>.</em></strong></span> <span class='ocrx_word' id='word_1_64' title='bbox 900 1414 1052 1477; x_wconf 91' lang='lat' dir='ltr'><strong>Hoc</strong></span> <span class='ocrx_word' id='word_1_65' title='bbox 1090 1434 1175 1476; x_wconf 90' lang='lat' dir='ltr'><strong>ne</strong></span> <span class='ocrx_word' id='word_1_66' title='bbox 1220 1412 1531 1475; x_wconf 89' lang='lat' dir='ltr'><strong>Latinum</strong></span> <span class='ocrx_word' id='word_1_67' title='bbox 1572 1410 1839 1495; x_wconf 87' lang='lat' dir='ltr'><strong>quidem</strong></span> <span class='ocrx_word' id='word_1_68' title='bbox 1881 1420 1986 1476; x_wconf 90' lang='lat' dir='ltr'><strong>est</strong></span> <span class='ocrx_word' id='word_1_69' title='bbox 2018 1460 2031 1474; x_wconf 90' lang='lat'><strong>.</strong></span> <span class='ocrx_word' id='word_1_70' title='bbox 2075 1419 2259 1475; x_wconf 87' lang='lat' dir='ltr'><strong>recte</strong></span> <span class='ocrx_word' id='word_1_71' title='bbox 2305 1433 2385 1474; x_wconf 84' lang='lat' dir='ltr'><strong>ex</strong></span> <span class='ocrx_word' id='word_1_72' title='bbox 2425 1408 2799 1478; x_wconf 74' lang='lat' dir='ltr'>emendatione</span> 
     </span>
     <span class='ocr_line' id='line_1_11' title="bbox 659 1506 2799 1597; baseline -0.005 -21"><span class='ocrx_word' id='word_1_73' title='bbox 659 1512 943 1576; x_wconf 79' lang='lat' dir='ltr'><strong>Bentleii</strong></span> <span class='ocrx_word' id='word_1_74' title='bbox 974 1510 1433 1574; x_wconf 84' lang='lat' dir='ltr'><strong>Wakefieldus</strong></span> <span class='ocrx_word' id='word_1_75' title='bbox 1475 1511 1638 1573; x_wconf 68' lang='lat' dir='ltr'><strong>‘tende</strong></span> <span class='ocrx_word' id='word_1_76' title='bbox 1678 1532 1839 1572; x_wconf 78' lang='lat' dir='ltr'><strong>UNA</strong></span> <span class='ocrx_word' id='word_1_77' title='bbox 1859 1511 2146 1597; x_wconf 78' lang='lat' dir='ltr'><strong>profecta</strong></span> <span class='ocrx_word' id='word_1_78' title='bbox 2174 1533 2442 1597; x_wconf 79' lang='lat' dir='ltr'><strong>quaeque</strong></span> <span class='ocrx_word' id='word_1_79' title='bbox 2472 1558 2484 1571; x_wconf 95' lang='lat'>.</span> <span class='ocrx_word' id='word_1_80' title='bbox 2525 1506 2631 1571; x_wconf 87' lang='lat' dir='ltr'><strong>sed</strong></span> <span class='ocrx_word' id='word_1_81' title='bbox 2652 1526 2799 1569; x_wconf 79' lang='lat' dir='ltr'><strong>versu</strong></span> 
     </span>
     <span class='ocr_line' id='line_1_12' title="bbox 661 1603 2799 1695; baseline -0.004 -23"><span class='ocrx_word' id='word_1_82' title='bbox 661 1612 784 1675; x_wconf 87' lang='lat'><strong>560</strong></span> <span class='ocrx_word' id='word_1_83' title='bbox 828 1617 1011 1674; x_wconf 88' lang='lat' dir='ltr'><strong>recte</strong></span> <span class='ocrx_word' id='word_1_84' title='bbox 1051 1609 1202 1673; x_wconf 86' lang='lat' dir='ltr'><strong>libri</strong></span> <span class='ocrx_word' id='word_1_85' title='bbox 1247 1616 1515 1671; x_wconf 84' lang='lat' dir='ltr'><strong>veteres</strong></span> <span class='ocrx_word' id='word_1_86' title='bbox 1556 1610 1776 1671; x_wconf 77' lang='lat' dir='ltr'><strong>sentire</strong></span> <span class='ocrx_word' id='word_1_87' title='bbox 1824 1632 2016 1695; x_wconf 78' lang='lat' dir='ltr'><strong>neque</strong></span> <span class='ocrx_word' id='word_1_88' title='bbox 2055 1609 2230 1672; x_wconf 77' lang='lat' dir='ltr'><strong>illam</strong></span> <span class='ocrx_word' id='word_1_89' title='bbox 2271 1609 2679 1680; x_wconf 68' lang='lat' dir='ltr'><strong>Immoscere,</strong></span> <span class='ocrx_word' id='word_1_90' title='bbox 2720 1603 2799 1665; x_wconf 90' lang='lat' dir='ltr'><strong>ubi</strong></span> 
     </span>
     <span class='ocr_line' id='line_1_13' title="bbox 658 1705 1739 1793; baseline -0.003 -22"><span class='ocrx_word' id='word_1_91' title='bbox 658 1708 1019 1772; x_wconf 85' lang='lat' dir='ltr'><strong>Lambinus</strong></span> <span class='ocrx_word' id='word_1_92' title='bbox 1049 1708 1267 1771; x_wconf 80' lang='lat' dir='ltr'><strong>audire</strong></span> <span class='ocrx_word' id='word_1_93' title='bbox 1293 1729 1484 1793; x_wconf 78' lang='lat' dir='ltr'><strong>neque</strong></span> <span class='ocrx_word' id='word_1_94' title='bbox 1512 1705 1706 1769; x_wconf 74' lang='lat' dir='ltr'><strong>hilum</strong></span> <span class='ocrx_word' id='word_1_95' title='bbox 1726 1756 1739 1769; x_wconf 90' lang='lat'><strong>.</strong></span> 
     </span>
    </p>

    <p class='ocr_par' dir='ltr' id='par_1_6' title="bbox 659 1803 2800 1991">
     <span class='ocr_line' id='line_1_14' title="bbox 826 1803 2800 1892; baseline -0.004 -26"><span class='ocrx_word' id='word_1_96' title='bbox 826 1804 964 1868; x_wconf 87' lang='lat'>561.</span> <span class='ocrx_word' id='word_1_97' title='bbox 1013 1826 1164 1880; x_wconf 68' lang='lat' dir='ltr'><strong>Qun</strong></span> <span class='ocrx_word' id='word_1_98' title='bbox 1207 1826 1334 1867; x_wconf 72' lang='lat' dir='ltr'><strong>srr</strong></span> <span class='ocrx_word' id='word_1_99' title='bbox 1367 1851 1379 1864; x_wconf 90' lang='lat'><strong>.</strong></span> <span class='ocrx_word' id='word_1_100' title='bbox 1422 1803 1528 1867; x_wconf 87' lang='lat' dir='ltr'><strong>Ita</strong></span> <span class='ocrx_word' id='word_1_101' title='bbox 1569 1803 1899 1890; x_wconf 83' lang='lat' dir='ltr'><strong>oblongus</strong></span> <span class='ocrx_word' id='word_1_102' title='bbox 1931 1812 1999 1868; x_wconf 89' lang='lat' dir='ltr'><strong>et</strong></span> <span class='ocrx_word' id='word_1_103' title='bbox 2027 1804 2290 1870; x_wconf 87' lang='lat' dir='ltr'><strong>Nonius</strong></span> <span class='ocrx_word' id='word_1_104' title='bbox 2319 1829 2382 1892; x_wconf 91' lang='lat' dir='ltr'><strong>p.</strong></span> <span class='ocrx_word' id='word_1_105' title='bbox 2406 1805 2530 1878; x_wconf 82' lang='lat'>173,</span> <span class='ocrx_word' id='word_1_106' title='bbox 2548 1803 2616 1867; x_wconf 84' lang='lat'><strong>16</strong></span> <span class='ocrx_word' id='word_1_107' title='bbox 2642 1826 2654 1864; x_wconf 74' lang='grc' dir='ltr'><strong><em>ε</em></strong></span> <span class='ocrx_word' id='word_1_108' title='bbox 2686 1818 2800 1884; x_wconf 82' lang='lat' dir='ltr'><strong>qua·</strong></span> 
     </span>
     <span class='ocr_line' id='line_1_15' title="bbox 659 1903 1184 1991; baseline -0.006 -24"><span class='ocrx_word' id='word_1_109' title='bbox 659 1903 894 1967; x_wconf 88' lang='lat' dir='ltr'><strong>dratus</strong></span> <span class='ocrx_word' id='word_1_110' title='bbox 933 1926 1050 1989; x_wconf 81' lang='lat' dir='ltr'><strong>que</strong></span> <span class='ocrx_word' id='word_1_111' title='bbox 1069 1903 1157 1991; x_wconf 78' lang='lat' dir='ltr'><strong>fit</strong></span> <span class='ocrx_word' id='word_1_112' title='bbox 1170 1951 1184 1964; x_wconf 92' lang='lat'><strong>.</strong></span> 
     </span>
    </p>

    <p class='ocr_par' dir='ltr' id='par_1_7' title="bbox 655 2000 2803 2384">
     <span class='ocr_line' id='line_1_16' title="bbox 825 2000 2802 2066; baseline -0.005 -3"><span class='ocrx_word' id='word_1_113' title='bbox 825 2002 963 2066; x_wconf 84' lang='lat'><strong>567.</strong></span> <span class='ocrx_word' id='word_1_114' title='bbox 1018 2000 1505 2064; x_wconf 69' lang='lat' dir='ltr'><strong>OnsmNANs</strong></span> <span class='ocrx_word' id='word_1_115' title='bbox 1558 2021 1892 2063; x_wconf 75' lang='lat' dir='ltr'>FORMAM</span> <span class='ocrx_word' id='word_1_116' title='bbox 1942 2024 2240 2065; x_wconf 67' lang='lat' dir='ltr'><strong>venius</strong></span> <span class='ocrx_word' id='word_1_117' title='bbox 2282 2050 2296 2064; x_wconf 91' lang='lat'>.</span> <span class='ocrx_word' id='word_1_118' title='bbox 2356 2001 2552 2064; x_wconf 88' lang='lat' dir='ltr'><strong>Immo</strong></span> <span class='ocrx_word' id='word_1_119' title='bbox 2595 2015 2802 2060; x_wconf 72' lang='lat' dir='ltr'><strong>vrum.</strong></span> 
     </span>
     <span class='ocr_line' id='line_1_17' title="bbox 658 2088 2803 2188; baseline -0.006 -23"><span class='ocrx_word' id='word_1_120' title='bbox 658 2102 814 2186; x_wconf 85' lang='lat' dir='ltr'><strong>quia</strong></span> <span class='ocrx_word' id='word_1_121' title='bbox 840 2106 1308 2188; x_wconf 81' lang='lat' dir='ltr'>praecesserat</span> <span class='ocrx_word' id='word_1_122' title='bbox 1333 2098 1581 2161; x_wconf 81' lang='lat' dir='ltr'><strong>verbum</strong></span> <span class='ocrx_word' id='word_1_123' title='bbox 1606 2147 1625 2178; x_wconf 88' lang='lat'><em>,</em></span> <span class='ocrx_word' id='word_1_124' title='bbox 1668 2098 1999 2166; x_wconf 79' lang='lat' dir='ltr'><strong>Praeterea</strong></span> <span class='ocrx_word' id='word_1_125' title='bbox 2026 2100 2275 2164; x_wconf 78' lang='lat' dir='ltr'><strong>verbum</strong></span> <span class='ocrx_word' id='word_1_126' title='bbox 2302 2123 2477 2186; x_wconf 70' lang='lat' dir='ltr'><strong>saepe</strong></span> <span class='ocrx_word' id='word_1_127' title='bbox 2498 2119 2663 2160; x_wconf 70' lang='lat' dir='ltr'><strong>urium</strong></span> <span class='ocrx_word' id='word_1_128' title='bbox 2684 2142 2697 2166; x_wconf 86' lang='lat'><strong>‚</strong></span> <span class='ocrx_word' id='word_1_129' title='bbox 2724 2088 2803 2154; x_wconf 89' lang='lat' dir='ltr'><strong>ubi</strong></span> 
     </span>
     <span class='ocr_line' id='line_1_18' title="bbox 655 2190 2803 2282; baseline -0.005 -19"><span class='ocrx_word' id='word_1_130' title='bbox 655 2200 822 2263; x_wconf 89' lang='lat' dir='ltr'><strong>miro</strong></span> <span class='ocrx_word' id='word_1_131' title='bbox 866 2219 1093 2262; x_wconf 85' lang='lat' dir='ltr'><strong>errore</strong></span> <span class='ocrx_word' id='word_1_132' title='bbox 1124 2199 1455 2262; x_wconf 72' lang='lat' dir='ltr'><strong>Praeterea</strong></span> <span class='ocrx_word' id='word_1_133' title='bbox 1485 2197 1765 2282; x_wconf 65' lang='lat' dir='ltr'><strong>peditum</strong></span> <span class='ocrx_word' id='word_1_134' title='bbox 1793 2198 2127 2262; x_wconf 84' lang='lat' dir='ltr'><strong>Antonius</strong></span> <span class='ocrx_word' id='word_1_135' title='bbox 2156 2197 2573 2262; x_wconf 84' lang='lat' dir='ltr'><strong>Florentinus</strong></span> <span class='ocrx_word' id='word_1_136' title='bbox 2610 2205 2667 2257; x_wconf 85' lang='lat' dir='ltr'><strong>et</strong></span> <span class='ocrx_word' id='word_1_137' title='bbox 2697 2190 2803 2254; x_wconf 89' lang='lat' dir='ltr'><strong>olim</strong></span> 
     </span>
     <span class='ocr_line' id='line_1_19' title="bbox 659 2294 2086 2384; baseline -0.002 -23"><span class='ocrx_word' id='word_1_138' title='bbox 659 2297 1002 2384; x_wconf 81' lang='lat' dir='ltr'><strong>impressi,</strong></span> <span class='ocrx_word' id='word_1_139' title='bbox 1036 2295 1224 2382; x_wconf 89' lang='lat' dir='ltr'><strong>quod</strong></span> <span class='ocrx_word' id='word_1_140' title='bbox 1252 2295 1579 2359; x_wconf 88' lang='lat' dir='ltr'><strong>Marullus</strong></span> <span class='ocrx_word' id='word_1_141' title='bbox 1608 2294 1770 2358; x_wconf 88' lang='lat' dir='ltr'><strong>feeit</strong></span> <span class='ocrx_word' id='word_1_142' title='bbox 1799 2297 2053 2360; x_wconf 67' lang='lat' dir='ltr'><strong>edicmm</strong></span> <span class='ocrx_word' id='word_1_143' title='bbox 2072 2345 2086 2358; x_wconf 93' lang='lat'><strong><em>.</em></strong></span> 
     </span>
    </p>

    <p class='ocr_par' dir='ltr' id='par_1_8' title="bbox 640 2395 2823 4530">
     <span class='ocr_line' id='line_1_20' title="bbox 824 2395 2803 2473; baseline -0.002 -15"><span class='ocrx_word' id='word_1_144' title='bbox 824 2396 964 2460; x_wconf 82' lang='lat'><strong>568.</strong></span> <span class='ocrx_word' id='word_1_145' title='bbox 1017 2418 1180 2459; x_wconf 70' lang='lat' dir='ltr'><strong>Non</strong></span> <span class='ocrx_word' id='word_1_146' title='bbox 1231 2415 1473 2458; x_wconf 71' lang='lat' dir='ltr'><strong>Aulus</strong></span> <span class='ocrx_word' id='word_1_147' title='bbox 1533 2415 1853 2457; x_wconf 71' lang='lat' dir='ltr'><strong>mcmt‘r</strong></span> <span class='ocrx_word' id='word_1_148' title='bbox 1911 2416 2147 2458; x_wconf 53' lang='lat' dir='ltr'><strong>mstis</strong></span> <span class='ocrx_word' id='word_1_149' title='bbox 2183 2444 2197 2458; x_wconf 89' lang='lat'><strong>.</strong></span> <span class='ocrx_word' id='word_1_150' title='bbox 2249 2395 2459 2458; x_wconf 84' lang='lat' dir='ltr'><strong>Recte</strong></span> <span class='ocrx_word' id='word_1_151' title='bbox 2493 2443 2506 2469; x_wconf 77' lang='grc'><em>,</em></span> <span class='ocrx_word' id='word_1_152' title='bbox 2556 2400 2621 2455; x_wconf 87' lang='lat' dir='ltr'><strong>ut</strong></span> <span class='ocrx_word' id='word_1_153' title='bbox 2660 2396 2803 2473; x_wconf 81' lang='lat' dir='ltr'><strong>puto·</strong></span> 
     </span>
     <span class='ocr_line' id='line_1_21' title="bbox 654 2485 2805 2558; baseline -0.005 0"><span class='ocrx_word' id='word_1_154' title='bbox 654 2495 1016 2558; x_wconf 84' lang='lat' dir='ltr'><strong>Lambinus</strong></span> <span class='ocrx_word' id='word_1_155' title='bbox 1047 2493 1303 2556; x_wconf 76' lang='lat' dir='ltr'><strong>accidit:</strong></span> <span class='ocrx_word' id='word_1_156' title='bbox 1329 2492 1464 2555; x_wconf 90' lang='lat' dir='ltr'><strong>hoc</strong></span> <span class='ocrx_word' id='word_1_157' title='bbox 1496 2493 1667 2555; x_wconf 86' lang='lat' dir='ltr'><strong>enim</strong></span> <span class='ocrx_word' id='word_1_158' title='bbox 1698 2514 1846 2556; x_wconf 88' lang='lat' dir='ltr'><strong>cum</strong></span> <span class='ocrx_word' id='word_1_159' title='bbox 1877 2493 2263 2557; x_wconf 83' lang='lat' dir='ltr'><strong>accusativo</strong></span> <span class='ocrx_word' id='word_1_160' title='bbox 2292 2514 2432 2557; x_wconf 88' lang='lat' dir='ltr'><strong>non</strong></span> <span class='ocrx_word' id='word_1_161' title='bbox 2459 2488 2641 2554; x_wconf 89' lang='lat' dir='ltr'><strong>modo</strong></span> <span class='ocrx_word' id='word_1_162' title='bbox 2666 2485 2805 2549; x_wconf 74' lang='lat' dir='ltr'><strong>Plau-</strong></span> 
     </span>
     <span class='ocr_line' id='line_1_22' title="bbox 655 2588 2809 2677; baseline -0.004 -19"><span class='ocrx_word' id='word_1_163' title='bbox 655 2602 767 2658; x_wconf 91' lang='lat' dir='ltr'><strong>tus</strong></span> <span class='ocrx_word' id='word_1_164' title='bbox 808 2592 933 2657; x_wconf 89' lang='lat' dir='ltr'><strong>sed</strong></span> <span class='ocrx_word' id='word_1_165' title='bbox 971 2592 1323 2655; x_wconf 87' lang='lat' dir='ltr'><strong>Lueretius</strong></span> <span class='ocrx_word' id='word_1_166' title='bbox 1366 2591 1511 2677; x_wconf 90' lang='lat' dir='ltr'><strong>ipse</strong></span> <span class='ocrx_word' id='word_1_167' title='bbox 1546 2640 1561 2666; x_wconf 87' lang='lat'>‚</span> <span class='ocrx_word' id='word_1_168' title='bbox 1604 2600 1682 2655; x_wconf 87' lang='lat' dir='ltr'><strong>ut</strong></span> <span class='ocrx_word' id='word_1_169' title='bbox 1720 2590 2022 2666; x_wconf 85' lang='lat' dir='ltr'><strong>videtur,</strong></span> <span class='ocrx_word' id='word_1_170' title='bbox 2064 2592 2287 2655; x_wconf 81' lang='lat' dir='ltr'><strong>iunxit</strong></span> <span class='ocrx_word' id='word_1_171' title='bbox 2325 2592 2393 2654; x_wconf 89' lang='lat' dir='ltr'><strong>in</strong></span> <span class='ocrx_word' id='word_1_172' title='bbox 2433 2588 2621 2664; x_wconf 77' lang='lat' dir='ltr'>v‚608</span> <span class='ocrx_word' id='word_1_173' title='bbox 2650 2593 2809 2668; x_wconf 68' lang='lat' dir='ltr'><strong>seyetes</strong></span> 
     </span>
     <span class='ocr_line' id='line_1_23' title="bbox 651 2689 2809 2777; baseline -0.002 -22"><span class='ocrx_word' id='word_1_174' title='bbox 651 2693 1024 2777; x_wconf 65' lang='lat' dir='ltr'><strong>stipulasque</strong></span> <span class='ocrx_word' id='word_1_175' title='bbox 1060 2691 1330 2753; x_wconf 74' lang='lat' dir='ltr'><strong>videmus</strong></span> <span class='ocrx_word' id='word_1_176' title='bbox 1369 2692 1670 2755; x_wconf 78' lang='lat' dir='ltr'><strong>Accidere</strong></span> <span class='ocrx_word' id='word_1_177' title='bbox 1711 2714 1787 2754; x_wconf 76' lang='lat' dir='ltr'><strong>ex</strong></span> <span class='ocrx_word' id='word_1_178' title='bbox 1825 2715 1954 2754; x_wconf 68' lang='lat' dir='ltr'><strong>‘etna</strong></span> <span class='ocrx_word' id='word_1_179' title='bbox 1991 2692 2259 2754; x_wconf 70' lang='lat' dir='ltr'><strong>scintilla</strong></span> <span class='ocrx_word' id='word_1_180' title='bbox 2300 2689 2575 2753; x_wconf 81' lang='lat' dir='ltr'><strong>incendia</strong></span> <span class='ocrx_word' id='word_1_181' title='bbox 2603 2703 2809 2771; x_wconf 61' lang='lat' dir='ltr'><strong>pas-³⁸¹³</strong></span> 
     </span>
     <span class='ocr_line' id='line_1_24' title="bbox 656 2787 2809 2876; baseline -0.006 -23"><span class='ocrx_word' id='word_1_182' title='bbox 656 2789 958 2876; x_wconf 80' lang='lat' dir='ltr'><strong>quamvis</strong></span> <span class='ocrx_word' id='word_1_183' title='bbox 989 2788 1143 2852; x_wconf 90' lang='lat' dir='ltr'><strong>alibi</strong></span> <span class='ocrx_word' id='word_1_184' title='bbox 1172 2809 1322 2851; x_wconf 86' lang='lat' dir='ltr'><strong>cum</strong></span> <span class='ocrx_word' id='word_1_185' title='bbox 1351 2789 1854 2875; x_wconf 79' lang='lat' dir='ltr'><strong>praepositione</strong></span> <span class='ocrx_word' id='word_1_186' title='bbox 1887 2787 2132 2852; x_wconf 84' lang='lat' dir='ltr'><strong>dixerit</strong></span> <span class='ocrx_word' id='word_1_187' title='bbox 2158 2788 2417 2864; x_wconf 83' lang='lat'>11,1024</span> <span class='ocrx_word' id='word_1_188' title='bbox 2449 2809 2599 2850; x_wconf 74' lang='lat' dir='ltr'><strong>nova</strong></span> <span class='ocrx_word' id='word_1_189' title='bbox 2620 2805 2702 2846; x_wconf 71' lang='lat' dir='ltr'><strong>res</strong></span> <span class='ocrx_word' id='word_1_190' title='bbox 2720 2800 2809 2841; x_wconf 76' lang='lat' dir='ltr'><strong>mo-</strong></span> 
     </span>
     <span class='ocr_line' id='line_1_25' title="bbox 653 2875 2810 2952; baseline -0.006 0"><span class='ocrx_word' id='word_1_191' title='bbox 653 2890 800 2952; x_wconf 72' lang='lat' dir='ltr'><strong>litur</strong></span> <span class='ocrx_word' id='word_1_192' title='bbox 827 2889 913 2950; x_wconf 85' lang='lat' dir='ltr'><strong>ad</strong></span> <span class='ocrx_word' id='word_1_193' title='bbox 937 2890 1110 2951; x_wconf 68' lang='lat' dir='ltr'><strong>auri-s·</strong></span> <span class='ocrx_word' id='word_1_194' title='bbox 1136 2890 1478 2952; x_wconf 74' lang='lat' dir='ltr'><strong>Accidere.</strong></span> <span class='ocrx_word' id='word_1_195' title='bbox 1522 2895 1595 2951; x_wconf 87' lang='lat' dir='ltr'><strong>at</strong></span> <span class='ocrx_word' id='word_1_196' title='bbox 1631 2888 1900 2950; x_wconf 75' lang='lat' dir='ltr'><strong>incidere</strong></span> <span class='ocrx_word' id='word_1_197' title='bbox 1938 2887 2397 2950; x_wconf 82' lang='lat' dir='ltr'><strong>accusativum</strong></span> <span class='ocrx_word' id='word_1_198' title='bbox 2422 2885 2534 2948; x_wconf 78' lang='lat' dir='ltr'><strong>vix</strong></span> <span class='ocrx_word' id='word_1_199' title='bbox 2561 2875 2810 2947; x_wconf 78' lang='lat' dir='ltr'><strong>admittit:</strong></span> 
     </span>
     <span class='ocr_line' id='line_1_26' title="bbox 656 2983 2811 3072; baseline -0.003 -23"><span class='ocrx_word' id='word_1_200' title='bbox 656 3008 809 3049; x_wconf 88' lang='lat' dir='ltr'><strong>nam</strong></span> <span class='ocrx_word' id='word_1_201' title='bbox 837 2985 919 3048; x_wconf 93' lang='lat' dir='ltr'><strong>N.</strong></span> <span class='ocrx_word' id='word_1_202' title='bbox 942 2985 1257 3049; x_wconf 88' lang='lat' dir='ltr'><strong>Heinsius</strong></span> <span class='ocrx_word' id='word_1_203' title='bbox 1298 2986 1593 3060; x_wconf 79' lang='lat' dir='ltr'><strong>erravit,</strong></span> <span class='ocrx_word' id='word_1_204' title='bbox 1635 3007 1784 3048; x_wconf 88' lang='lat' dir='ltr'><strong>cum</strong></span> <span class='ocrx_word' id='word_1_205' title='bbox 1820 2984 2184 3072; x_wconf 86' lang='lat' dir='ltr'><strong>adscripsit</strong></span> <span class='ocrx_word' id='word_1_206' title='bbox 2214 2983 2463 3049; x_wconf 84' lang='lat' dir='ltr'><strong>ovidio</strong></span> <span class='ocrx_word' id='word_1_207' title='bbox 2492 2989 2716 3045; x_wconf 81' lang='lat' dir='ltr'><strong>metam.</strong></span> <span class='ocrx_word' id='word_1_208' title='bbox 2730 2994 2811 3034; x_wconf 72' lang='lat' dir='ltr'><strong>vn-</strong></span> 
     </span>
     <span class='ocr_line' id='line_1_27' title="bbox 655 3034 2812 3171; baseline -0.004 -24"><span class='ocrx_word' id='word_1_209' title='bbox 655 3085 778 3149; x_wconf 81' lang='lat'><strong>524</strong></span> <span class='ocrx_word' id='word_1_210' title='bbox 810 3093 878 3149; x_wconf 91' lang='lat' dir='ltr'><strong>et</strong></span> <span class='ocrx_word' id='word_1_211' title='bbox 907 3083 1203 3171; x_wconf 85' lang='lat' dir='ltr'><strong>Vergilio</strong></span> <span class='ocrx_word' id='word_1_212' title='bbox 1233 3085 1396 3147; x_wconf 89' lang='lat' dir='ltr'><strong>Aen.</strong></span> <span class='ocrx_word' id='word_1_213' title='bbox 1429 3108 1517 3160; x_wconf 77' lang='lat' dir='ltr'><strong>nt,</strong></span> <span class='ocrx_word' id='word_1_214' title='bbox 1538 3034 1690 3149; x_wconf 82' lang='grc'><strong>721.</strong></span> <span class='ocrx_word' id='word_1_215' title='bbox 1724 3083 1809 3146; x_wconf 90' lang='lat' dir='ltr'><strong>de</strong></span> <span class='ocrx_word' id='word_1_216' title='bbox 1839 3083 1913 3146; x_wconf 86' lang='lat' dir='ltr'>L</span> <span class='ocrx_word' id='word_1_217' title='bbox 1897 3084 2029 3147; x_wconf 73' lang='lat' dir='ltr'><strong>lvio</strong></span> <span class='ocrx_word' id='word_1_218' title='bbox 2063 3091 2287 3147; x_wconf 88' lang='lat' dir='ltr'><strong>tamen</strong></span> <span class='ocrx_word' id='word_1_219' title='bbox 2319 3105 2401 3147; x_wconf 87' lang='lat' dir='ltr'><strong>ac</strong></span> <span class='ocrx_word' id='word_1_220' title='bbox 2428 3081 2648 3145; x_wconf 86' lang='lat' dir='ltr'><strong>Tacito</strong></span> <span class='ocrx_word' id='word_1_221' title='bbox 2675 3070 2812 3139; x_wconf 78' lang='lat' dir='ltr'><strong>dubi-</strong></span> 
     </span>
     <span class='ocr_line' id='line_1_28' title="bbox 651 3179 2811 3269; baseline -0.006 -21"><span class='ocrx_word' id='word_1_222' title='bbox 651 3193 883 3248; x_wconf 85' lang='lat' dir='ltr'><strong>tatur.</strong></span> <span class='ocrx_word' id='word_1_223' title='bbox 933 3183 1285 3269; x_wconf 89' lang='lat' dir='ltr'><strong>Apuleium</strong></span> <span class='ocrx_word' id='word_1_224' title='bbox 1322 3183 1417 3246; x_wconf 87' lang='lat' dir='ltr'><strong>ita</strong></span> <span class='ocrx_word' id='word_1_225' title='bbox 1457 3182 1958 3268; x_wconf 84' lang='lat' dir='ltr'><strong>praepositione</strong></span> <span class='ocrx_word' id='word_1_226' title='bbox 2001 3183 2251 3246; x_wconf 88' lang='lat' dir='ltr'><strong>omissa</strong></span> <span class='ocrx_word' id='word_1_227' title='bbox 2294 3182 2539 3245; x_wconf 82' lang='lat' dir='ltr'><strong>dixisse</strong></span> <span class='ocrx_word' id='word_1_228' title='bbox 2578 3179 2811 3240; x_wconf 79' lang='lat' dir='ltr'><strong>constat</strong></span> 
     </span>
     <span class='ocr_line' id='line_1_29' title="bbox 653 3269 2814 3357; baseline -0.005 -13"><span class='ocrx_word' id='word_1_229' title='bbox 653 3282 810 3344; x_wconf 80' lang='lat' dir='ltr'><strong>vide</strong></span> <span class='ocrx_word' id='word_1_230' title='bbox 851 3280 1475 3345; x_wconf 86' lang='lat' dir='ltr'><strong>Drakenborchium</strong></span> <span class='ocrx_word' id='word_1_231' title='bbox 1532 3279 1621 3343; x_wconf 88' lang='lat' dir='ltr'><strong>ad</strong></span> <span class='ocrx_word' id='word_1_232' title='bbox 1657 3279 1824 3344; x_wconf 85' lang='lat' dir='ltr'><strong>Livii</strong></span> <span class='ocrx_word' id='word_1_233' title='bbox 1877 3282 2118 3345; x_wconf 88' lang='lat' dir='ltr'><strong>librum</strong></span> <span class='ocrx_word' id='word_1_234' title='bbox 2150 3304 2219 3357; x_wconf 84' lang='lat'><strong>11,</strong></span> <span class='ocrx_word' id='word_1_235' title='bbox 2239 3282 2341 3355; x_wconf 82' lang='lat'><strong>30,</strong></span> <span class='ocrx_word' id='word_1_236' title='bbox 2366 3280 2443 3345; x_wconf 89' lang='lat'><strong>13</strong></span> <span class='ocrx_word' id='word_1_237' title='bbox 2478 3329 2491 3342; x_wconf 92' lang='lat'><strong><em>.</em></strong></span> <span class='ocrx_word' id='word_1_238' title='bbox 2532 3269 2779 3342; x_wconf 87' lang='lat' dir='ltr'><strong>Paulus</strong></span> <span class='ocrx_word' id='word_1_239' title='bbox 2767 3288 2814 3330; x_wconf 84' lang='lat' dir='ltr'><strong>m</strong></span> 
     </span>
     <span class='ocr_line' id='line_1_30' title="bbox 651 3377 2815 3465; baseline -0.002 -23"><span class='ocrx_word' id='word_1_240' title='bbox 651 3380 691 3442; x_wconf 86' lang='lat' dir='ltr'><strong>l.</strong></span> <span class='ocrx_word' id='word_1_241' title='bbox 715 3380 797 3442; x_wconf 85' lang='lat'><strong>34</strong></span> <span class='ocrx_word' id='word_1_242' title='bbox 825 3400 925 3465; x_wconf 91' lang='lat' dir='ltr'><strong>pr.</strong></span> <span class='ocrx_word' id='word_1_243' title='bbox 951 3378 1030 3441; x_wconf 89' lang='lat' dir='ltr'><strong>D.</strong></span> <span class='ocrx_word' id='word_1_244' title='bbox 1066 3377 1150 3441; x_wconf 89' lang='lat' dir='ltr'><strong>de</strong></span> <span class='ocrx_word' id='word_1_245' title='bbox 1183 3401 1242 3443; x_wconf 91' lang='lat' dir='ltr'><strong>o.</strong></span> <span class='ocrx_word' id='word_1_246' title='bbox 1268 3386 1336 3442; x_wconf 87' lang='lat' dir='ltr'><strong>et</strong></span> <span class='ocrx_word' id='word_1_247' title='bbox 1365 3400 1421 3442; x_wconf 90' lang='lat' dir='ltr'><strong>a.</strong></span> <span class='ocrx_word' id='word_1_248' title='bbox 1452 3402 1632 3454; x_wconf 78' lang='lat' dir='ltr'><strong>xmv,</strong></span> <span class='ocrx_word' id='word_1_249' title='bbox 1651 3380 1689 3442; x_wconf 83' lang='lat'>7</span> <span class='ocrx_word' id='word_1_250' title='bbox 1724 3380 1847 3459; x_wconf 75' lang='lat' dir='ltr'><strong>Qui</strong></span> <span class='ocrx_word' id='word_1_251' title='bbox 1871 3404 2110 3444; x_wconf 75' lang='lat' dir='ltr'><strong>servum</strong></span> <span class='ocrx_word' id='word_1_252' title='bbox 2139 3382 2413 3445; x_wconf 76' lang='lat' dir='ltr'><strong>alienum</strong></span> <span class='ocrx_word' id='word_1_253' title='bbox 2438 3378 2701 3444; x_wconf 57' lang='lat' dir='ltr'><strong>iniuriose</strong></span> <span class='ocrx_word' id='word_1_254' title='bbox 2722 3390 2815 3432; x_wconf 71' lang='lat' dir='ltr'><strong>ter·</strong></span> 
     </span>
     <span class='ocr_line' id='line_1_31' title="bbox 652 3474 2816 3565; baseline -0.002 -24"><span class='ocrx_word' id='word_1_255' title='bbox 652 3480 864 3560; x_wconf 68' lang='lat' dir='ltr'><strong>berae,</strong></span> <span class='ocrx_word' id='word_1_256' title='bbox 910 3501 984 3540; x_wconf 72' lang='lat' dir='ltr'><strong>ex</strong></span> <span class='ocrx_word' id='word_1_257' title='bbox 1024 3500 1147 3541; x_wconf 79' lang='lat' dir='ltr'><strong>uno</strong></span> <span class='ocrx_word' id='word_1_258' title='bbox 1168 3478 1347 3565; x_wconf 80' lang='lat' dir='ltr'><strong>facto</strong></span> <span class='ocrx_word' id='word_1_259' title='bbox 1383 3480 1601 3542; x_wconf 70' lang='lat' dir='ltr'><strong>incidit</strong></span> <span class='ocrx_word' id='word_1_260' title='bbox 1636 3490 1695 3542; x_wconf 82' lang='lat' dir='ltr'><strong>et</strong></span> <span class='ocrx_word' id='word_1_261' title='bbox 1716 3480 2035 3565; x_wconf 65' lang='lat' dir='ltr'><strong>Aquiliam</strong></span> <span class='ocrx_word' id='word_1_262' title='bbox 2072 3491 2129 3542; x_wconf 82' lang='lat' dir='ltr'><strong>et</strong></span> <span class='ocrx_word' id='word_1_263' title='bbox 2155 3482 2455 3544; x_wconf 68' lang='lat' dir='ltr'><strong>actimmn</strong></span> <span class='ocrx_word' id='word_1_264' title='bbox 2480 3474 2816 3540; x_wconf 65' lang='lat' dir='ltr'><strong>iniuriarum-</strong></span> 
     </span>
     <span class='ocr_line' id='line_1_32' title="bbox 651 3563 2816 3665; baseline -0.004 -25"><span class='ocrx_word' id='word_1_265' title='bbox 651 3597 873 3662; x_wconf 87' lang='lat' dir='ltr'><strong>neque</strong></span> <span class='ocrx_word' id='word_1_266' title='bbox 912 3576 1102 3639; x_wconf 86' lang='lat' dir='ltr'><strong>aliter</strong></span> <span class='ocrx_word' id='word_1_267' title='bbox 1132 3598 1291 3640; x_wconf 90' lang='lat' dir='ltr'><strong>sane</strong></span> <span class='ocrx_word' id='word_1_268' title='bbox 1321 3578 1675 3640; x_wconf 88' lang='lat' dir='ltr'><strong>Lucretius</strong></span> <span class='ocrx_word' id='word_1_269' title='bbox 1703 3601 1877 3640; x_wconf 83' lang='lat' dir='ltr'><strong>mare</strong></span> <span class='ocrx_word' id='word_1_270' title='bbox 1905 3601 2065 3665; x_wconf 75' lang='lat' dir='ltr'><strong>quae</strong></span> <span class='ocrx_word' id='word_1_271' title='bbox 2092 3579 2466 3663; x_wconf 76' lang='lat' dir='ltr'><strong>inpendent,</strong></span> <span class='ocrx_word' id='word_1_272' title='bbox 2501 3574 2582 3637; x_wconf 88' lang='lat' dir='ltr'><strong>de</strong></span> <span class='ocrx_word' id='word_1_273' title='bbox 2609 3591 2722 3656; x_wconf 88' lang='lat' dir='ltr'><strong>quo</strong></span> <span class='ocrx_word' id='word_1_274' title='bbox 2747 3563 2816 3626; x_wconf 85' lang='lat' dir='ltr'><strong>di·</strong></span> 
     </span>
     <span class='ocr_line' id='line_1_33' title="bbox 652 3664 2819 3762; baseline -0.003 -23"><span class='ocrx_word' id='word_1_275' title='bbox 652 3697 796 3739; x_wconf 89' lang='lat' dir='ltr'><strong>cam</strong></span> <span class='ocrx_word' id='word_1_276' title='bbox 849 3674 938 3739; x_wconf 90' lang='lat' dir='ltr'><strong>ad</strong></span> <span class='ocrx_word' id='word_1_277' title='bbox 989 3676 1228 3739; x_wconf 92' lang='lat' dir='ltr'><strong>librum</strong></span> <span class='ocrx_word' id='word_1_278' title='bbox 1264 3677 1541 3752; x_wconf 79' lang='lat' dir='ltr'>v1‚489.</span> <span class='ocrx_word' id='word_1_279' title='bbox 1589 3676 1863 3740; x_wconf 84' lang='lat' dir='ltr'><strong>Gratius</strong></span> <span class='ocrx_word' id='word_1_280' title='bbox 1914 3675 2037 3740; x_wconf 84' lang='lat'><strong>244</strong></span> <span class='ocrx_word' id='word_1_281' title='bbox 2081 3677 2325 3740; x_wconf 59' lang='lat' dir='ltr'><strong>Reus-um</strong></span> <span class='ocrx_word' id='word_1_282' title='bbox 2374 3698 2525 3762; x_wconf 73' lang='lat' dir='ltr'><strong>opus</strong></span> <span class='ocrx_word' id='word_1_283' title='bbox 2570 3664 2819 3735; x_wconf 55' lang='lat' dir='ltr'><strong>{uocabuli-</strong></span> 
     </span>
     <span class='ocr_line' id='line_1_34' title="bbox 651 3761 2818 3856; baseline -0.003 -18"><span class='ocrx_word' id='word_1_284' title='bbox 651 3774 1050 3839; x_wconf 86' lang='lat' dir='ltr'><strong>scholiastes</strong></span> <span class='ocrx_word' id='word_1_285' title='bbox 1094 3774 1291 3838; x_wconf 77' lang='lat' dir='ltr'><strong>Statii</strong></span> <span class='ocrx_word' id='word_1_286' title='bbox 1333 3774 1420 3838; x_wconf 89' lang='lat' dir='ltr'><strong>ad</strong></span> <span class='ocrx_word' id='word_1_287' title='bbox 1462 3774 1676 3839; x_wconf 87' lang='lat' dir='ltr'><strong>Theb.</strong></span> <span class='ocrx_word' id='word_1_288' title='bbox 1707 3777 1902 3850; x_wconf 78' lang='lat' dir='ltr'>VI11,1</span> <span class='ocrx_word' id='word_1_289' title='bbox 1950 3776 2126 3838; x_wconf 71' lang='lat' dir='ltr'><strong>Vetus</strong></span> <span class='ocrx_word' id='word_1_290' title='bbox 2165 3775 2420 3838; x_wconf 75' lang='lat' dir='ltr'><strong>elocutio</strong></span> <span class='ocrx_word' id='word_1_291' title='bbox 2460 3783 2542 3836; x_wconf 76' lang='lat' dir='ltr'><strong>est</strong></span> <span class='ocrx_word' id='word_1_292' title='bbox 2564 3791 2675 3856; x_wconf 83' lang='lat' dir='ltr'><strong>per</strong></span> <span class='ocrx_word' id='word_1_293' title='bbox 2704 3761 2818 3826; x_wconf 64' lang='lat' dir='ltr'><strong>dafi-</strong></span> 
     </span>
     <span class='ocr_line' id='line_1_35' title="bbox 647 3863 2821 3959; baseline -0.004 -23"><span class='ocrx_word' id='word_1_294' title='bbox 647 3897 789 3936; x_wconf 69' lang='lat' dir='ltr'><strong>vum</strong></span> <span class='ocrx_word' id='word_1_295' title='bbox 818 3897 1059 3953; x_wconf 73' lang='lat' dir='ltr'><strong>casum,</strong></span> <span class='ocrx_word' id='word_1_296' title='bbox 1088 3875 1150 3936; x_wconf 74' lang='lat' dir='ltr'><strong>in</strong></span> <span class='ocrx_word' id='word_1_297' title='bbox 1158 3875 1302 3937; x_wconf 75' lang='lat' dir='ltr'><strong>cidit</strong></span> <span class='ocrx_word' id='word_1_298' title='bbox 1325 3874 1556 3938; x_wconf 75' lang='lat' dir='ltr'><strong>umbris</strong></span> <span class='ocrx_word' id='word_1_299' title='bbox 1571 3874 1970 3959; x_wconf 61' lang='lat' dir='ltr'><strong>pallentibus.</strong></span> <span class='ocrx_word' id='word_1_300' title='bbox 2005 3873 2295 3937; x_wconf 75' lang='lat' dir='ltr'><strong>Claudius</strong></span> <span class='ocrx_word' id='word_1_301' title='bbox 2325 3866 2576 3936; x_wconf 61' lang='lat' dir='ltr'><strong>‘Her-im</strong></span> <span class='ocrx_word' id='word_1_302' title='bbox 2600 3863 2821 3931; x_wconf 64' lang='lat' dir='ltr'><strong>recedat-5</strong></span> 
     </span>
     <span class='ocr_line' id='line_1_36' title="bbox 647 3972 2819 4056; baseline 0.001 -24"><span class='ocrx_word' id='word_1_303' title='bbox 647 3973 882 4056; x_wconf 73' lang='lat' dir='ltr'><strong>vesperi</strong></span> <span class='ocrx_word' id='word_1_304' title='bbox 911 3973 1310 4035; x_wconf 75' lang='lat' dir='ltr'><strong>Numantinis</strong></span> <span class='ocrx_word' id='word_1_305' title='bbox 1338 3973 1591 4036; x_wconf 55' lang='lat' dir='ltr'><strong>incidit&amp;</strong></span> <span class='ocrx_word' id='word_1_306' title='bbox 1625 3996 1699 4035; x_wconf 83' lang='lat' dir='ltr'><strong>ac</strong></span> <span class='ocrx_word' id='word_1_307' title='bbox 1728 3972 1961 4056; x_wconf 88' lang='lat' dir='ltr'><strong>(immo</strong></span> <span class='ocrx_word' id='word_1_308' title='bbox 1994 3972 2090 4053; x_wconf 72' lang='lat' dir='ltr'><strong>at)</strong></span> <span class='ocrx_word' id='word_1_309' title='bbox 2132 3972 2449 4035; x_wconf 74' lang='lat' dir='ltr'><strong>Terentius</strong></span> <span class='ocrx_word' id='word_1_310' title='bbox 2475 3992 2592 4055; x_wconf 80' lang='lat' dir='ltr'><strong>per</strong></span> <span class='ocrx_word' id='word_1_311' title='bbox 2623 3981 2819 4028; x_wconf 62' lang='lat' dir='ltr'><strong>occu-⁹¹¹·</strong></span> 
     </span>
     <span class='ocr_line' id='line_1_37' title="bbox 646 4064 2823 4156; baseline -0.001 -25"><span class='ocrx_word' id='word_1_312' title='bbox 646 4071 830 4132; x_wconf 77' lang='lat' dir='ltr'><strong>tivum</strong></span> <span class='ocrx_word' id='word_1_313' title='bbox 848 4071 1108 4155; x_wconf 76' lang='lat' dir='ltr'><strong>protulit</strong></span> <span class='ocrx_word' id='word_1_314' title='bbox 1136 4070 1160 4154; x_wconf 89' lang='lat'><strong>(</strong></span> <span class='ocrx_word' id='word_1_315' title='bbox 1175 4069 1444 4134; x_wconf 89' lang='lat' dir='ltr'><strong>Phorm.</strong></span> <span class='ocrx_word' id='word_1_316' title='bbox 1467 4094 1508 4147; x_wconf 85' lang='lat'><strong>1,</strong></span> <span class='ocrx_word' id='word_1_317' title='bbox 1528 4070 1584 4143; x_wconf 86' lang='lat'><strong>3,</strong></span> <span class='ocrx_word' id='word_1_318' title='bbox 1603 4069 1719 4155; x_wconf 79' lang='lat'><strong>23)</strong></span> <span class='ocrx_word' id='word_1_319' title='bbox 1747 4116 1762 4143; x_wconf 89' lang='lat'><strong>‚</strong></span> <span class='ocrx_word' id='word_1_320' title='bbox 1788 4064 1947 4156; x_wconf 70' lang='lat' dir='ltr'><strong>‘erqo</strong></span> <span class='ocrx_word' id='word_1_321' title='bbox 1986 4073 2053 4134; x_wconf 74' lang='lat' dir='ltr'><strong>in</strong></span> <span class='ocrx_word' id='word_1_322' title='bbox 2090 4093 2226 4133; x_wconf 77' lang='lat' dir='ltr'><strong>eum</strong></span> <span class='ocrx_word' id='word_1_323' title='bbox 2259 4070 2480 4132; x_wconf 68' lang='lat' dir='ltr'><strong>incidit</strong></span> <span class='ocrx_word' id='word_1_324' title='bbox 2514 4067 2721 4152; x_wconf 85' lang='lat' dir='ltr'><strong>(immo</strong></span> <span class='ocrx_word' id='word_1_325' title='bbox 2746 4076 2823 4141; x_wconf 64' lang='lat'><strong>(9⁰</strong></span> 
     </span>
     <span class='ocr_line' id='line_1_38' title="bbox 652 4157 2821 4256; baseline -0.004 -25"><span class='ocrx_word' id='word_1_326' title='bbox 652 4206 723 4216; x_wconf 92' lang='lat'><strong>—</strong></span> <span class='ocrx_word' id='word_1_327' title='bbox 757 4169 951 4231; x_wconf 61' lang='lat' dir='ltr'><strong>incidi</strong></span> <span class='ocrx_word' id='word_1_328' title='bbox 978 4169 1260 4252; x_wconf 80' lang='lat' dir='ltr'><strong>loon-m)&#39;,</strong></span> <span class='ocrx_word' id='word_1_329' title='bbox 1291 4181 1603 4256; x_wconf 77' lang='lat' dir='ltr'><strong>tamquam</strong></span> <span class='ocrx_word' id='word_1_330' title='bbox 1640 4171 1705 4231; x_wconf 79' lang='lat' dir='ltr'><strong>in</strong></span> <span class='ocrx_word' id='word_1_331' title='bbox 1734 4192 1863 4232; x_wconf 81' lang='lat' dir='ltr'><strong>rem</strong></span> <span class='ocrx_word' id='word_1_332' title='bbox 1881 4169 2295 4254; x_wconf 72' lang='lat' dir='ltr'><strong>perictdosam</strong></span> <span class='ocrx_word' id='word_1_333' title='bbox 2314 4216 2327 4230; x_wconf 89' lang='lat'><strong><em>.</em></strong></span> <span class='ocrx_word' id='word_1_334' title='bbox 2361 4164 2543 4252; x_wconf 86' lang='lat' dir='ltr'><strong>apud</strong></span> <span class='ocrx_word' id='word_1_335' title='bbox 2572 4157 2821 4225; x_wconf 74' lang='lat' dir='ltr'><strong>Servium</strong></span> 
     </span>
     <span class='ocr_line' id='line_1_39' title="bbox 646 4259 2823 4353; baseline -0.003 -23"><span class='ocrx_word' id='word_1_336' title='bbox 646 4267 736 4330; x_wconf 88' lang='lat' dir='ltr'><strong>ad</strong></span> <span class='ocrx_word' id='word_1_337' title='bbox 768 4267 933 4329; x_wconf 89' lang='lat' dir='ltr'><strong>Aen.</strong></span> <span class='ocrx_word' id='word_1_338' title='bbox 952 4289 1045 4342; x_wconf 76' lang='lat' dir='ltr'><strong>XI,</strong></span> <span class='ocrx_word' id='word_1_339' title='bbox 1065 4266 1187 4330; x_wconf 88' lang='grc'><strong>699</strong></span> <span class='ocrx_word' id='word_1_340' title='bbox 1220 4267 1478 4332; x_wconf 89' lang='lat' dir='ltr'><strong>Claudii</strong></span> <span class='ocrx_word' id='word_1_341' title='bbox 1510 4266 1933 4353; x_wconf 81' lang='lat' dir='ltr'><strong>Quadrigarii</strong></span> <span class='ocrx_word' id='word_1_342' title='bbox 1968 4268 2177 4332; x_wconf 81' lang='lat' dir='ltr'><strong>verba</strong></span> <span class='ocrx_word' id='word_1_343' title='bbox 2214 4259 2441 4329; x_wconf 78' lang='lat' dir='ltr'><strong>hodie‘</strong></span> <span class='ocrx_word' id='word_1_344' title='bbox 2470 4285 2604 4328; x_wconf 88' lang='lat' dir='ltr'><strong>non</strong></span> <span class='ocrx_word' id='word_1_345' title='bbox 2643 4260 2823 4343; x_wconf 83' lang='lat' dir='ltr'><strong>legun·</strong></span> 
     </span>
     <span class='ocr_line' id='line_1_40' title="bbox 643 4362 2821 4454; baseline -0.002 -27"><span class='ocrx_word' id='word_1_346' title='bbox 643 4373 754 4428; x_wconf 88' lang='lat' dir='ltr'><strong>tur</strong></span> <span class='ocrx_word' id='word_1_347' title='bbox 773 4413 787 4440; x_wconf 82' lang='lat'><strong>‚</strong></span> <span class='ocrx_word' id='word_1_348' title='bbox 829 4386 1049 4449; x_wconf 88' lang='lat' dir='ltr'><strong>neque</strong></span> <span class='ocrx_word' id='word_1_349' title='bbox 1081 4387 1160 4428; x_wconf 85' lang='lat' dir='ltr'><strong>ea</strong></span> <span class='ocrx_word' id='word_1_350' title='bbox 1188 4367 1365 4430; x_wconf 90' lang='lat' dir='ltr'><strong>inter</strong></span> <span class='ocrx_word' id='word_1_351' title='bbox 1376 4367 1739 4454; x_wconf 72' lang='lat' dir='ltr'><strong>fraqmenta</strong></span> <span class='ocrx_word' id='word_1_352' title='bbox 1766 4366 2185 4431; x_wconf 47' lang='lat' dir='ltr'><strong>historicorum</strong></span> <span class='ocrx_word' id='word_1_353' title='bbox 2218 4385 2395 4450; x_wconf 84' lang='lat' dir='ltr'><strong>quae</strong></span> <span class='ocrx_word' id='word_1_354' title='bbox 2427 4362 2717 4426; x_wconf 77' lang='lat' dir='ltr'><strong>dicuntur</strong></span> <span class='ocrx_word' id='word_1_355' title='bbox 2744 4371 2821 4414; x_wconf 74' lang='lat' dir='ltr'><strong>re·</strong></span> 
     </span>
     <span class='ocr_line' id='line_1_41' title="bbox 640 4463 1109 4530; baseline 0 -4"><span class='ocrx_word' id='word_1_356' title='bbox 640 4463 780 4527; x_wconf 84' lang='lat' dir='ltr'><strong>lata</strong></span> <span class='ocrx_word' id='word_1_357' title='bbox 806 4463 1074 4530; x_wconf 80' lang='lat' dir='ltr'><strong>invenio</strong></span> <span class='ocrx_word' id='word_1_358' title='bbox 1096 4514 1109 4527; x_wconf 91' lang='lat'><strong>.</strong></span> 
     </span>
    </p>
   </div>
   <div class='ocr_carea' id='block_1_3' title="bbox 2937 279 2940 5148">
    <p class='ocr_par' dir='ltr' id='par_1_9' title="bbox 2937 279 2940 5148">
     <span class='ocr_line' id='line_1_42' title="bbox 2937 279 2940 5148; baseline 0 0"><span class='ocrx_word' id='word_1_359' title='bbox 2937 279 2940 5148; x_wconf 95' lang='lat' dir='ltr'><strong> </strong></span> 
     </span>
    </p>
   </div>
  </div>
 </body>
</html>
