3042 5192
754 1369 1453 1452 T.LUCRET1
1531 1369 1826 1454 CARI

344 1595 563 1694 DE
693 1595 1325 1698 RERUM
1448 1597 2224 1703 NATURA

880 1840 1191 1904 LIBER
1236 1841 1675 1906 SEXTUS.

176 2322 455 2432 Primae
485 2366 872 2454 frugiparos
899 2365 1076 2431 fetus
1103 2367 1499 2432 mortalibus
1529 2370 1746 2455 aegris

176 2480 545 2545 dididerunt
575 2479 916 2567 quondam
945 2481 1292 2567 praeclaro
1323 2483 1589 2546 nomine
1617 2483 1924 2547 Athenae
1945 2535 1958 2550 .

174 2605 233 2660 et
260 2604 730 2661 recreaverunt
756 2596 961 2661 vitam
987 2596 1306 2681 legesque
1335 2605 1661 2682 rogarunt
1678 2647 1691 2672 ‚

173 2719 233 2772 et
258 2712 501 2797 primae
532 2709 871 2775 dederunt
900 2711 1149 2775 solacia
1179 2709 1400 2774 dulcia
1424 2712 1605 2777 vitae
1625 2762 1641 2788 ‚

97 2840 118 2881 τ»
167 2846 303 2888 cum
328 2847 620 2912 genuere
648 2827 865 2889 virum
894 2826 1009 2890 tali
1040 2847 1188 2888 cum
1221 2825 1426 2889 corde
1454 2835 1793 2913 repertum
1816 2877 1830 2902 ,

168 2942 373 3004 01111118
397 2940 697 3006 veridico
730 2942 843 3027 qui
876 2940 1212 3027 quondam
1244 2963 1327 3004 ex
1357 2963 1472 3006 ore
1502 2941 1841 3028 profudit3

163 3056 337 3119 cuius
353 3106 369 3128 ‚
393 3064 461 3120 et
491 3057 774 3120 extincti
791 3104 806 3131 ‚
829 3064 1109 3144 propter
1139 3055 1364 3119 divina
1388 3065 1664 3141 reperta

169 3167 495 3256 divolgata
521 3180 721 3235 vetus
748 3171 878 3234 18111
907 3170 995 3234 ad
1024 3171 1279 3235 caelum
1305 3172 1519 3257 gloria
1546 3172 1760 3236 fertur
1779 3220 1796 3234 .

168 3304 307 3348 118111
336 3307 483 3352 cum
509 3284 681 3351 vidit
708 3285 818 3349 hic
847 3284 936 3349 ad
962 3286 1212 3350 victum
1242 3308 1415 3371 quae
1444 3285 1702 3373 flagitat
1727 3309 1891 3351 usus

70 3411 115 3455 ¹0
168 3402 372 3465 omnia
396 3403 527 3465 iam
555 3401 761 3465 ferme
792 3399 1184 3464 mortalibus
1216 3423 1363 3465 esse
1392 3410 1662 3487 parata,

53 3502 60 3513 ’
165 3523 259 3590 et,
280 3539 399 3602 pro
432 3539 633 3604 quam
660 3526 895 3603 posset
912 3564 926 3591 ,
948 3516 1154 3580 vitam
1184 3517 1557 3582 consistere
1585 3524 1796 3581 tutam
1815 3565 1830 3590 ‚

162 3627 390 3696 divitiis
416 3632 725 3697 homines
757 3637 826 3693 et
852 3630 1113 3695 honore
1145 3639 1214 3694 et
1240 3631 1441 3696 laude
1468 3633 1766 3719 potentis

158 3742 414 3810 affluere
446 3755 654 3832 atque
682 3747 863 3810 bona
891 3754 1246 3832 gnatorum
1277 3747 1605 3811 excellere
1632 3747 1807 3811 fama
1825 3796 1840 3824 ‚

158 3879 275 3922 nec
300 3862 512 3926 minus
543 3882 693 3924 esse
723 3860 905 3925 domi
933 3862 1241 3948 cuiquam
1269 3869 1492 3925 tamen
1522 3862 1720 3927 anxia
1749 3860 1958 3926 corda
1976 3911 1990 3930 ,

56 3983 101 4028 ¹5
154 3981 341 4058 atque
371 3977 569 4040 animi
597 3976 877 4062 ingratis
905 3977 1110 4041 vitam
1137 3998 1388 4042 vexare
1421 3977 1732 4062 querellis

152 4091 515 4178 passimque
547 4089 808 4156 infestis
840 4093 1030 4178 cogei
1059 4094 1317 4158 saevire
1349 4093 1616 4178 periclis
1637 4143 1651 4166 ‚

163 4366 182 4409 l
220 4378 421 4433 iegros.
471 4366 493 4436 ΙΙ
543 4372 572 4418 4
612 4365 777 4420 solaci
829 4367 849 4436 ΙΙ
910 4374 939 4419 7
978 4370 1213 4424 extincta
1268 4370 1288 4441 ΙΙ
1349 4380 1411 4426 10
1448 4371 1769 4425 acortalibus
1816 4371 1835 4441 ΙΙ
1890 4378 1948 4422 ll
1989 4375 2210 4439 possent
2248 4365 2268 4435 ΙΙ
2314 4371 2370 4417 13

156 4445 401 4500 excollere
449 4449 470 4519 ΙΙ
527 4457 589 4502 14
626 4450 803 4503 cordi.
853 4451 873 4522 Η
932 4458 988 4504 16
1028 4453 1205 4508 Pausa
1242 4463 1400 4525 atque
1437 4453 1456 4524 ΙΙ
1495 4461 1652 4525 coget
1690 4454 1710 4525 ΙΙ
1748 4452 2028 4524 querellis.
