3042 5192
1323 490 1386 557 H
2380 496 2472 563 99

236 684 531 748 corpora
577 671 647 727 et
685 661 964 727 laedunt
1004 684 1244 727 sensus
1276 713 1291 740 ‚
1350 685 1644 728 venenum
1696 664 1966 729 een-ribam
2011 666 2151 731 sive
2193 690 2477 733 sensuum

235 783 384 826 esse
417 760 734 825 dicuntur
754 810 767 823 .
798 761 895 825 sic
923 760 993 824 in
1021 760 1191 826 libro
1222 784 1313 838 VI,
1327 761 1451 826 974
1482 762 1769 848 Denique
1798 765 2227 829 amaracinum
2239 766 2480 854 fuqitat

230 885 335 925 ms
375 872 438 925 ee
474 862 645 925 timet
680 882 856 923 omne
896 858 1231 945 Unqentmn
1259 886 1281 923 .·
1320 883 1471 924 nam
1509 862 1825 946 saetiyewis
1876 862 2060 926 subus
2116 887 2260 928 acre
2301 889 2473 931 vene-

230 970 470 1024 num-st.
502 957 727 1023 Varro
758 979 981 1022 rerum
1007 959 1408 1023 rusticarum
1433 958 1607 1023 libro
1637 958 1753 1034 1‚2‚
1773 959 1849 1023 19
1878 961 2006 1024 eius
2035 962 2195 1025 enim
2219 963 2476 1028 salivam

231 1082 357 1122 esse
377 1057 661 1145 fructetis
695 1080 990 1121 venenum
1017 1106 1030 1120 .
1072 1056 1172 1134 45,
1191 1056 1230 1120 2
1264 1080 1558 1121 venenum
1597 1059 1759 1121 enim
1793 1060 1999 1143 yelum
2035 1060 2345 1125 radic-ihm
2386 1073 2469 1127 te-

228 1156 410 1220 nelli-5
453 1155 567 1219 sub
605 1167 774 1220 tem-a
797 1203 817 1234 ,
862 1167 919 1220 et
952 1178 1146 1241 supra
1187 1157 1464 1242 viryultis
1493 1205 1506 1220 .
1551 1155 1650 1232 51,
1673 1156 1705 1220 1
1747 1158 1954 1243 itaque
1995 1180 2255 1222 amurca
2289 1161 2480 1225 solent

220 1255 607 1343 perfundere
627 1281 649 1317 .·
687 1279 763 1318 ea
800 1255 963 1317 enim
1000 1245 1331 1319 herbar-mn
1370 1267 1429 1320 et
1461 1255 1883 1342 formicarum
1933 1268 1992 1321 et
2027 1258 2341 1343 iasparum
2377 1284 2473 1324 ve-

226 1377 463 1419 nenum
479 1401 494 1415 .

397 1450 544 1515 465.
573 1472 866 1514 nammis
897 1471 1298 1513 umanum:
1330 1473 1585 1514 unna-r
1615 1498 1629 1514 .
1670 1450 1812 1516 Aut
1838 1452 2041 1537 periit
2068 1451 2178 1518 hic
2207 1476 2474 1533 versae,

228 1550 424 1615 velut
457 1549 515 1613 si
543 1547 727 1612 hunc
753 1547 1078 1633 fingamus
1111 1569 1196 1611 ex
1234 1548 1405 1613 libro
1435 1572 1497 1625 v,
1512 1549 1636 1613 487
1667 1597 1683 1626 ‚
1724 1548 1879 1614 Esse
1900 1598 1918 1630 ,
1959 1554 2127 1637 quod
2160 1577 2476 1639 expres-sus

228 1651 429 1713 terrai
459 1671 715 1734 empore
730 1648 1066 1732 pn‘mwmt
1087 1673 1108 1710 .·
1138 1654 1288 1724 aut,
1321 1646 1509 1732 quod
1538 1648 1765 1712 verius
1793 1655 1960 1734 puto
1992 1698 2008 1726 ,
2049 1651 2475 1717 scribendum

231 1754 342 1811 est
366 1746 656 1810 mirabile
683 1767 949 1809 aaran
966 1767 1035 1808 1s
1054 1794 1070 1808 .
1101 1766 1297 1831 quem
1328 1744 1689 1811 admodum
1716 1746 1826 1810 hic
1856 1747 2049 1828 debet,
2077 1750 2172 1813 ita
2196 1750 2266 1813 in
2296 1772 2339 1826 1,
2352 1750 2475 1815 758

226 1847 419 1910 habes
451 1845 776 1931 scriptum
805 1851 909 1908 est
935 1865 1062 1930 pro
1092 1843 1337 1908 habebis
1363 1892 1377 1908 .
1418 1845 1637 1909 minus
1677 1845 1850 1909 bene
1878 1845 2208 1911 Marullus
2249 1859 2336 1913 est
2357 1850 2473 1912 mi-

225 1947 395 2007 nime
424 1943 707 2007 mirabile
734 1941 1079 2006 habendum
1096 1990 1110 2004 .
2017 2023 2022 2026 .

400 2041 546 2105 466.
576 2039 766 2104 Nm
799 2061 1010 2115 ouon
1056 2061 1468 2104 rzuvmus
1506 2062 1651 2104 its-r
1682 2088 1698 2115 ‚
1740 2063 1778 2103 Ε
1818 2062 2164 2105 ιενιΒσε
2208 2064 2471 2118 Arous

225 2137 871 2213 nurunmsEsr‚
914 2160 953 2201 E
1001 2160 1343 2202 Lamnus
1386 2158 1656 2213 Arous
1696 2160 2061 2203 auruum
2101 2160 2474 2205 Anmx‘ra

227 2259 591 2303 nononis
623 2235 1009 2300 Columna
1041 2285 1055 2299 .
1098 2234 1271 2299 Olim
1300 2236 1608 2321 impressi
1639 2243 1707 2300 et
1734 2236 2060 2300 Marullus
2088 2236 2472 2328 undefluvi·

224 2338 377 2401 dum
406 2347 497 2401 est
524 2334 929 2423 sumpserint
954 2335 1194 2420 ignoro
1227 2382 1241 2396 .
1271 2333 1490 2398 Ennio
1523 2333 1794 2420 quidem
1823 2355 2216 2399 concessum
2242 2334 2370 2400 fuit
2396 2344 2475 2401 ut

226 2434 499 2499 diceret
526 2434 702 2499 Dwm
743 2433 987 2520 quodem
1024 2455 1183 2496 mm
1221 2431 1396 2497 homo
1423 2480 1441 2512 ,
1497 2434 1805 2497 Romanu’
1843 2445 1986 2520 coya
2012 2482 2030 2513 ‚
2072 2456 2259 2519 super
2304 2437 2471 2501 escit.

224 2535 343 2598 ubi
388 2531 893 2597 Lindemannus
936 2530 1026 2595 ad
1066 2530 1337 2596 Festum
1379 2555 1444 2619 p.
1464 2530 1588 2594 673
1618 2529 1726 2594 ‘In
1770 2533 2015 2618 quidem
2053 2532 2288 2597 ultima
2333 2555 2474 2599 non

223 2631 523 2697 elidimr’
550 2631 768 2716 inquit
786 2680 802 2706 ‚
837 2630 946 2695 ‘ut
987 2652 1191 2717 saepe
1235 2629 1421 2716 apud
1446 2628 1734 2693 Ennium
1752 2632 1784 2692 .’
1824 2632 1919 2695 ita
1962 2630 2205 2697 divites
2234 2634 2471 2697 locun-

220 2742 340 2796 tur
366 2779 383 2806 ‚
417 2729 533 2815 qui
561 2727 923 2793 thesauros
953 2751 1115 2794 suos
1144 2728 1384 2793 nolunt
1410 2726 1761 2792 recludere
1798 2778 1810 2791 .
1851 2729 2011 2793 mihi
2038 2752 2211 2796 unus
2243 2753 2329 2796 ex
2360 2753 2470 2796 eo-

221 2828 387 2893 dem
428 2847 679 2913 genere
717 2849 956 2892 versus
995 2827 1194 2891 Ennii
1233 2826 1527 2891 innotuit
1555 2875 1571 2902 ,
1624 2826 1924 2912 Insiqnita
1948 2828 2096 2915 fere
2132 2840 2259 2894 bum
2296 2832 2472 2895 milia

218 2929 499 2992 militum
525 2937 654 2990 octo
678 2950 700 2988 .·
730 2926 934 2989 ceteri
963 2931 1207 3012 pot‘5tae
1236 2925 1400 2989 nihil
1429 2925 1571 2987 eius
1597 2923 1782 2988 modi
1811 2924 2227 2991 admiserunt
2244 2976 2259 2989 .
2307 2926 2472 3013 quid

221 3022 426 3113 quod
456 3044 543 3087 ne
576 3044 661 3086 ex
690 3023 901 3087 altero
948 3021 1219 3108 quidem
1258 3023 1483 3087 hiatus
1511 3042 1760 3107 genere
1804 3023 1977 3087 ullus
2004 3024 2203 3087 Ennii
2233 3045 2471 3089 versus

218 3131 467 3198 extat3
511 3122 615 3185 cui
653 3121 957 3210 plerique
985 3120 1308 3185 Lucilium
1345 3122 1416 3185 in
1454 3121 1685 3207 primis
1725 3120 2067 3186 studuisse
2106 3142 2246 3184 non
2286 3128 2471 3185 recte

217 3223 601 3311 opinantur
632 3243 648 3281 2
690 3241 845 3283 nam
882 3218 1080 3283 huius
1123 3219 1170 3283 ii
1210 3240 1449 3283 versus
1492 3241 1664 3304 quos
1704 3219 1912 3283 habet
1951 3218 2332 3306 Porphyrio
2379 3217 2470 3282 ad

213 3320 506 3384 Horatii
548 3338 925 3382 sermonum
968 3318 1079 3395 1‚3‚
1098 3317 1215 3381 124
1253 3318 1549 3404 intellegi
1587 3340 1727 3382 non
1756 3324 2051 3403 possunt
2077 3366 2093 3394 ‚
2139 3317 2470 3381 nisiinter

214 3421 423 3484 etia‘m
449 3417 605 3481 haec
630 3415 1004 3480 infulcimus
1035 3417 1144 3501 qui
1170 3437 1580 3501 pronomen,
1565 3441 1579 3454 ·
1621 3440 1744 3481 non
1786 3417 1933 3479 dum
1974 3417 2157 3480 etiam
2184 3417 2293 3502 qui
2319 3415 2471 3481 haec

212 3516 446 3580 omm‘a
487 3513 766 3593 habebit,
810 3513 1140 3578 Formosa-s·
1180 3514 1344 3578 dives
1385 3515 1538 3579 liber
1575 3537 1689 3578 rex
1724 3515 1874 3579 solu'
1914 3524 2156 3578 vocetur
2179 3513 2210 3577 2
2249 3535 2469 3599 neque

211 3611 421 3703 apud
450 3611 743 3676 Nonium
770 3635 833 3698 p.
855 3611 991 3688 161,
1013 3612 1087 3675 17
1117 3613 1319 3677 scribi
1349 3612 1555 3677 debet
1577 3612 1891 3699 Insamdm
1916 3612 2322 3692 inhonestam,
2346 3610 2471 3676 sed

210 3713 555 3802 bgfumam
583 3721 900 3796 eyestatem
928 3721 1283 3798 stupentque
1295 3686 1506 3776 odi-sse
1523 3713 1866 3796 popinam,
1896 3710 2012 3775 ubi
2037 3710 2189 3775 libri
2216 3710 2473 3776 habent

206 3811 555 3899 Inj‘amam
593 3808 950 3891 honestam5
987 3828 1208 3894 neque
1253 3808 1499 3874 ibidem
1528 3833 1591 3897 p.
1606 3810 1747 3886 398,
1763 3810 1845 3874 33
1877 3808 2159 3874 Samiam
2196 3809 2315 3889 ibi,
2346 3807 2471 3872 sed

202 3910 361 3974 hoc
397 3906 607 3971 modo
637 3955 654 3982 ‚
685 3906 873 3972 Hanc
898 3906 1006 3970 ubi
1030 3908 1160 3971 vult
1180 3909 1344 3972 male
1371 3908 1595 3972 habere
1617 3956 1635 3987 ,
1665 3909 1878 3972 ulcisci
1906 3930 2031 3992 pro
2059 3907 2283 3971 scelere
2312 3907 2468 3986 eius,

214 4011 487 4073 Testam
526 4006 710 4069 sumit
756 4005 932 4069 hamo
975 4005 1259 4069 Samiam
1296 4005 1412 4069 sibi
1435 4053 1454 4086 ,
1499 4005 1514 4025 ‘
1530 4005 1846 4092 anapheld’
1886 4006 2088 4092 inquit
2108 4052 2126 4085 ,
2158 4004 2473 4070 Praecidit

201 4107 475 4171 caulem
498 4153 518 4183 ,
561 4105 840 4190 testisque
866 4126 995 4166 una
1025 4114 1303 4188 amputat
1327 4105 1502 4167 ambo
1528 4151 1546 4184 ,
1590 4125 1738 4168 cum
1765 4104 1835 4167 in
1879 4103 2064 4168 libris
2095 4103 2183 4167 sit
2207 4104 2471 4167 samiam

196 4204 300 4266 ibi
350 4201 684 4266 anumtelo
723 4201 922 4286 inquit
949 4249 963 4263 .
1008 4199 1142 4264 hoc
1186 4207 1408 4265 tamen
1455 4201 1668 4267 altero
1723 4223 1970 4287 genere
2018 4200 2352 4266 Tibullum
2391 4220 2470 4262 ac

197 4299 668 4385 Propertium
696 4319 859 4361 usos
891 4318 1040 4361 esse
1069 4319 1207 4362 non
1235 4319 1409 4385 nego
1441 4323 1455 4362 ε
1495 4321 1717 4385 neque
1753 4299 1829 4363 id
1868 4320 1909 4363 a
1936 4296 2245 4362 Martiale
2286 4297 2469 4359 abiu-

196 4396 601 4466 dicandum
621 4405 737 4484 ,est
766 4446 781 4473 ‚
814 4397 929 4482 qui
958 4398 1228 4483 scripsit
1254 4399 1323 4462 in
1352 4399 1500 4474 111,3
1528 4400 1659 4462 Aut
1683 4395 2108 4484 apa-&faciem
2130 4443 2149 4474 ,
2180 4405 2290 4459 aut
2312 4394 2470 4457 tmui-

194 4511 371 4564 cata
427 4497 574 4561 lava
603 4522 625 4557 .·
690 4493 813 4559 sed
862 4494 1045 4582 apud
1096 4494 1423 4560 Catullum
1473 4493 1625 4570 97‚2
1675 4495 1822 4559 Itali
1878 4502 2065 4558 recte
2112 4516 2189 4557 ne
2238 4489 2471 4556 addito

1977 4592 2018 4660 ,7
2047 4593 2068 4616 “

330 4698 375 4728 O

1252 4799 1345 4844 ,δι”

1120 4854 1147 4892 x
1248 4855 1271 4946 [ἱ
1312 4865 1349 4896 n
1388 4859 1415 4890 ·-
