3042 5192
604 488 695 556 20
1703 484 1734 552 Ι

447 679 543 724 525
602 661 987 725 distinctum
1021 660 1332 745 quoniam
1360 681 1486 723 nec
1516 660 1785 745 plenum
1817 657 2078 721 naviter
2108 664 2294 720 extat

599 798 725 839 nec
754 797 960 862 porro
990 795 1273 838 vacuum
1292 823 1306 847 ,
1331 782 1488 838 sunt
1518 794 1678 858 ergo
1711 793 2000 858 corpora
2028 781 2247 845 certa,

603 912 773 976 quae
803 890 1089 976 spatium
1119 889 1320 975 pleno
1350 889 1617 974 possint
1646 886 2056 973 distinguere
2083 887 2309 949 inane.

600 1005 769 1068 haec
795 1026 1016 1090 neque
1050 1003 1330 1067 dissolui
1357 1003 1574 1088 plagis
1606 1004 2023 1067 extrinsecus
2047 1002 2185 1064 icta

598 1128 921 1206 possunt,
943 1140 1069 1181 nec
1096 1139 1304 1204 porro
1338 1118 1604 1202 penitus
1633 1124 1986 1203 penetrata
2015 1117 2229 1180 retexi

446 1251 542 1297 530
595 1256 721 1298 nec
748 1235 1009 1298 ratione
1041 1240 1297 1318 queunt
1325 1233 1453 1296 alia
1481 1240 1812 1319 temptata
1838 1232 2100 1307 labare3

598 1348 671 1411 id
703 1347 890 1434 quod
917 1350 1045 1411 iam
1077 1369 1283 1433 supra
1312 1348 1431 1410 tibi
1459 1348 1665 1433 paulo
1698 1346 2112 1410 ostendimus
2143 1353 2335 1408 ante.

570 1484 751 1542 ‚nam
778 1483 999 1548 neque
1030 1460 1277 1525 conlidi
1308 1462 1449 1525 sine
1477 1462 1656 1525 inani
1684 1482 1888 1547 posse
1915 1459 2188 1525 videtur

601 1576 954 1662 quicquam
981 1597 1107 1639 nec
1136 1574 1355 1661 frangi
1384 1596 1511 1639 nec
1539 1574 1704 1639 findi
1731 1576 1798 1637 in
1825 1575 1983 1637 bina
2013 1571 2306 1636 secando
2328 1624 2343 1646 ‚

599 1713 724 1755 nec
754 1711 995 1776 capere
1022 1711 1319 1753 umorem
1349 1711 1570 1776 neque
1597 1691 1757 1754 item
1785 1688 2111 1752 manabile
2139 1687 2352 1773 frigus

443 1824 539 1869 535
600 1828 727 1870 nec
755 1805 1164 1892 penetralem
1191 1804 1410 1890 ignem
1431 1854 1446 1880 ‚
1474 1804 1719 1889 quibus
1751 1803 1973 1866 omnia
2003 1802 2474 1866 conficiuntur:

602 1929 671 1985 et
702 1942 837 2007 quo
871 1941 1178 2005 quaeque
1207 1921 1418 2006 magis
1448 1919 1720 1985 cohibet
1745 1940 1857 1983 res
1885 1919 2068 1982 intus
2096 1919 2292 1981 inane
2311 1967 2327 1992 ‚

599 2044 735 2099 tam
764 2036 974 2121 magis
1001 2035 1109 2099 his
1135 2037 1340 2100 rebus
1369 2036 1638 2121 penitus
1668 2042 1995 2120 temptata
2021 2034 2333 2098 labascit.

602 2171 762 2237 ergo
794 2151 851 2213 si
879 2149 1094 2214 solida
1123 2171 1201 2213 ac
1233 2150 1375 2215 sine
1402 2151 1582 2214 inani
1613 2130 1904 2236 corpora
1930 2149 2145 2236 prima

598 2274 756 2330 sunt
782 2266 877 2328 ita
904 2266 1005 2328 uti
1033 2263 1266 2341 docui,
1289 2266 1424 2330 sint
1450 2265 1620 2329 haec
1650 2272 1923 2328 aeterna
1949 2273 2295 2328 necessest
2313 2314 2326 2327 .

445 2397 541 2443 540
599 2389 951 2467 praeterea
978 2380 1103 2443 nisi
1134 2381 1446 2443 materies
1475 2387 1749 2444 aeterna
1774 2378 2011 2443 fuisset
2028 2428 2045 2453 ‚

598 2503 755 2558 ante
785 2494 914 2557 hac
945 2492 1034 2557 ad
1062 2494 1267 2556 nilum
1294 2494 1563 2579 penitus
1591 2515 1703 2557 res
1736 2514 2046 2577 quaeque
2075 2491 2414 2559 redissent
2432 2543 2446 2566 ,

598 2605 684 2669 de
714 2608 985 2691 niloque
1015 2615 1251 2671 renata
1279 2606 1505 2671 forent
1537 2628 1708 2692 quae
1739 2627 2021 2692 cumque
2049 2605 2384 2669 videmus

598 2730 670 2786 at
701 2722 1011 2806 quoniam
1042 2742 1248 2807 supra.
1277 2719 1480 2784 docui
1507 2722 1604 2785 nil
1630 2742 1837 2807 posse
1869 2722 2082 2785 creari

600 2835 685 2899 de
714 2837 851 2900 nilo
881 2858 1100 2922 neque
1132 2835 1320 2921 quod
1349 2837 1644 2921 genitum
1676 2843 1782 2899 est
1810 2835 1899 2899 ad
1927 2836 2020 2900 nil
2045 2837 2350 2901 revocari
2372 2885 2385 2911 ‚

442 2968 538 3013 545
596 2972 744 3015 esse
773 2950 1107 3015 inmortali
1135 2949 1502 3036 primordia
1533 2973 1821 3037 corpore
1852 2949 2136 3021 debent,

599 3065 879 3131 dissolui
909 3088 1044 3152 quo
1078 3087 1387 3152 quaeque
1418 3087 1731 3153 supremo
1759 3074 2064 3152 tempore
2094 3065 2357 3151 possint
2376 3114 2390 3137 ‚

594 3182 903 3246 materies
931 3189 1008 3245 ut
1037 3180 1424 3267 subpeditet
1452 3182 1657 3246 rebus
1685 3181 2115 3267 reparandis.

598 3303 756 3359 sunt
781 3296 982 3380 igitur
1013 3293 1229 3359 solida
1258 3295 1625 3381 primordia
1653 3296 2071 3381 simplicitate
2089 3342 2105 3369 ‚

594 3431 720 3473 nec
747 3411 1011 3473 ratione
1042 3416 1298 3494 queunt
1327 3410 1455 3472 alia
1486 3416 1757 3473 servata
1783 3430 1906 3494 per
1935 3430 2170 3473 aevom

441 3543 538 3588 550
595 3546 679 3588 ex
710 3523 965 3588 infinito
993 3523 1124 3586 iam
1150 3529 1453 3609 tempore
1483 3545 1596 3587 res
1623 3544 1940 3609 reparare
1961 3574 1975 3587 .

676 3637 984 3722 Denique
1016 3637 1074 3699 si
1099 3636 1345 3700 nullam
1373 3637 1571 3701 finem
1599 3646 1840 3702 natura
1867 3646 2176 3725 parasset

593 3750 983 3839 frangendis
1011 3751 1213 3815 rebus
1231 3800 1247 3827 ‚
1269 3752 1397 3815 iam
1428 3774 1720 3839 corpora
1746 3755 2044 3817 materiai

593 3889 806 3953 usque
836 3866 1113 3931 redacta
1141 3865 1366 3931 forent
1394 3888 1562 3931 aevo
1593 3868 1943 3954 frangente
1970 3869 2194 3954 priore
2213 3919 2227 3939 ,

593 3990 671 4046 ut
699 3983 791 4046 nil
822 4004 906 4045 ex
935 3981 1065 4045 illis
1095 4002 1136 4044 a
1164 3990 1351 4045 certo
1381 3990 1684 4068 tempore
1714 3992 1953 4069 posset

364 4151 381 4155 a
438 4112 535 4157 555
592 4103 1276 4183 conceptumsumma
1304 4096 1546 4162 aetatis
1575 4097 1950 4184 pervadere
1977 4100 2127 4164 finis
2147 4149 2160 4162 .

594 4360 690 4406 527
728 4369 903 4423 poena
937 4356 958 4422 ΙΙ
995 4356 1157 4407 inani.
1195 4356 1216 4423 ΙΙ
1255 4362 1350 4407 533
1378 4356 1524 4409 fundi
1564 4357 1707 4426 11542
1743 4368 1891 4412 ranta
1920 4360 1940 4428 ΙΙ
1969 4364 2065 4410 552
2092 4359 2368 4412 materiae.
2406 4358 2427 4427 ΙΙ
2466 4363 2561 4410 553
2589 4357 2774 4411 fovent
2805 4361 2825 4427 ΙῙ

594 4445 691 4489 555
729 4454 987 4490 summum
