3042 5192
601 420 745 488 218
1669 414 1767 483 IV

601 603 670 659 et
714 616 754 657 a
792 591 1137 657 Prisciano
1180 594 1587 675 agnoscatur
1627 587 1841 652 solum
1883 613 1948 676 p.
1981 587 2100 653 561
2147 596 2218 653 et
2254 589 2325 652 in
2360 588 2595 654 tabula
2622 588 2841 654 Hera-

602 692 849 757 cleensi
891 691 980 755 sit
1035 697 1105 753 et
1155 689 1226 752 in
1267 686 1674 775 cenotaphio
1719 685 1970 751 Pisano
2002 736 2020 764 ‚
2063 708 2285 772 neque
2329 708 2454 751 suo
2498 694 2843 774 tempore,

602 810 1003 877 quamquam
1033 787 1277 852 Accius
1308 784 1703 876 dissenserit
1734 833 1750 860 ‚
1793 784 1986 849 aliter
2018 806 2417 871 quemquam
2448 784 2677 850 dicere
2711 797 2844 852 tes-

605 897 784 954 tetur
805 886 1029 951 Varro
1075 884 1161 948 de
1201 885 1429 970 lingua
1454 883 1698 948 Latina
1718 906 1819 947 vu
1848 907 1915 969 p.
1934 882 2056 946 372
2085 930 2101 958 ‚
2143 884 2203 947 si
2231 883 2374 948 eius
2402 884 2617 949 verba
2658 893 2846 949 reete

603 984 954 1053 emendavi
980 985 1049 1048 in
1076 983 1257 1047 hunc
1286 980 1558 1046 modum
1589 1030 1602 1045 .
1658 981 1990 1046 obscenum
2033 982 2258 1046 dictum
2297 1006 2339 1046 a
2375 1005 2559 1046 scena
2590 1031 2605 1045 .
2654 1005 2698 1046 Ε
2729 1031 2748 1056 ,
2790 994 2849 1047 td

610 1086 839 1153 Graeci
872 1094 983 1148 aut
1004 1083 1233 1148 Ace-im
1268 1082 1477 1145 scribit
1509 1103 1799 1145 scaenam
1828 1128 1841 1142 .
1888 1078 1985 1143 sic
2014 1077 2441 1145 Florentinus
2469 1080 2675 1156 liber,
2722 1082 2847 1145 nisi

603 1181 792 1269 quod
818 1182 1026 1248 habet
1053 1205 1126 1246 ea
1153 1190 1222 1243 ut
1235 1228 1252 1258 ‚
1285 1187 1355 1242 et
1381 1179 1590 1243 scribit
1612 1202 1837 1244 scaena
1862 1228 1880 1258 ‚
1919 1176 2129 1264 idque
2159 1187 2538 1243 correctum
2558 1228 2575 1254 ‚
2605 1188 2692 1243 ut
2718 1179 2844 1244 La·

602 1281 985 1369 gomarsino
1014 1279 1231 1343 visum
1271 1285 1378 1342 est
1405 1325 1421 1354 ,
1453 1301 1671 1343 serena
1697 1327 1712 1340 .
1755 1275 1847 1342 ad
1877 1298 2076 1363 quem
2102 1276 2295 1342 Matii
2320 1299 2598 1342 versum
2617 1277 2844 1343 Varro

603 1382 772 1446 haee
813 1377 1084 1465 scripsit
1099 1424 1115 1451 ‚
1146 1375 1401 1442 Obsceni
1427 1377 1727 1461 interpres
1737 1376 2096 1464 fmestique
2122 1377 2344 1440 omim's
2374 1375 2846 1460 (Florenfinus

604 1487 734 1546 offis
759 1526 778 1558 ‚
814 1475 887 1540 id
929 1484 1035 1540 est
1076 1474 1312 1559 onmes)
1355 1485 1598 1553 auctor,
1645 1494 1794 1537 eum
1834 1475 2040 1539 miror
2084 1494 2125 1536 a
2168 1472 2391 1538 doctis
2435 1473 2568 1538 alio
2611 1474 2845 1540 referri

607 1599 807 1664 quam
835 1573 926 1638 ad
944 1573 1374 1638 Homericum
1397 1570 1610 1635 Mam·
1637 1570 1854 1636 xaxdim
1870 1622 1883 1636 .
1906 1579 2152 1661 postea
2174 1571 2612 1638 Florentinus
2642 1574 2845 1653 Quare

603 1688 780 1760 turpe
819 1673 958 1737 ideo
1001 1672 1352 1736 obsmvwm
1377 1719 1396 1749 ,
1438 1670 1607 1757 quod
1639 1671 1762 1734 nisi
1787 1672 1856 1733 in
1881 1671 2408 1756 scaenmnpalam
2434 1672 2565 1736 dici
2592 1695 2723 1736 non
2748 1673 2841 1737 de-

604 1775 732 1838 det.
762 1770 835 1836 id
865 1778 971 1836 est
999 1769 1207 1850 Quare
1233 1779 1409 1854 turpe
1435 1768 1574 1833 ideo
1602 1768 1955 1849 obsecutura,
1982 1769 2295 1856 quodnisi
2320 1769 2393 1833 ob
2419 1792 2841 1856 scampa-

604 1873 732 1937 loem
752 1871 877 1934 dim·
893 1892 1018 1934 non
1037 1866 1208 1932 debet
1221 1892 1243 1930 .·
1262 1887 1416 1931 nam
1436 1867 1509 1931 ob
1527 1889 1814 1932 scaenam
1833 1866 1945 1931 hic
1973 1866 2175 1932 scribi
2202 1888 2315 1931 res
2345 1867 2559 1953 exigit
2574 1916 2593 1943 ‚
2619 1889 2839 1953 quam·

606 1991 805 2057 quam
833 1967 1035 2052 vulgo
1066 1972 1259 2030 actor
1295 1965 1364 2028 in
1389 1987 1613 2030 scaena
1640 1965 2076 2050 pronuntiare
2107 1964 2353 2030 dicitur
2382 2013 2399 2041 ‚
2442 1964 2574 2029 sed
2602 1970 2716 2054 qm·
2736 1967 2841 2032 hoc

605 2070 768 2133 idem
806 2066 1083 2130 subtilius
1120 2064 1246 2128 vult
1282 2064 1484 2128 dicere
1526 2061 1891 2147 (Varronis
1926 2063 2137 2148 ipsius
2169 2063 2382 2129 verba
2409 2073 2577 2131 sunt
2602 2065 2675 2129 in
2704 2086 2839 2130 cor·

606 2187 772 2255 pore
800 2162 1103 2229 Putschii
1129 2184 1194 2248 p.
1213 2160 1413 2247 2264)
1445 2210 1462 2237 ‚
1502 2184 1629 2226 non
1668 2164 1736 2225 in
1774 2185 1999 2227 scaena
2034 2162 2144 2227 sed
2156 2184 2283 2248 pro
2308 2185 2538 2227 scaena
2568 2163 2721 2228 dicit
2742 2210 2762 2243 ,
2801 2184 2838 2225 a

610 2287 745 2350 quo
786 2285 926 2329 non
970 2260 1195 2325 differt
1220 2260 1293 2325 ob
1318 2283 1605 2324 scaenam
1633 2309 1647 2324 .
1692 2258 1816 2324 sed
1844 2258 2265 2327 redeundum
2295 2266 2401 2325 est
2428 2258 2523 2325 ad
2549 2260 2835 2326 Lucretii

604 2383 875 2427 versum
906 2410 922 2437 ,
968 2360 1082 2446 qui
1126 2380 1276 2423 cum
1311 2357 1794 2444 interpretibus
1820 2358 1985 2423 nihil
2011 2359 2264 2444 negotii
2291 2358 2534 2423 fecerit
2561 2409 2581 2435 ,
2624 2359 2779 2424 mihi
2800 2381 2836 2422 a

605 2460 860 2525 furioso
890 2457 1238 2545 profectus
1269 2455 1538 2521 videtur
1564 2505 1580 2532 ‚
1622 2456 1892 2522 Scaenai
1926 2458 2187 2543 speciem
2212 2504 2231 2537 ‚
2260 2469 2523 2543 patrum
2548 2470 2833 2524 ’κατι-ιαπ-

607 2583 723 2646 que
761 2558 1013 2620 deor-mn
1038 2581 1063 2638 ‚·
1102 2576 1229 2619 nec
1266 2554 1577 2641 profecto
1619 2555 1875 2632 sanior,
1913 2556 1971 2620 si
2013 2577 2162 2621 cum
2190 2555 2378 2621 Italis
2419 2563 2491 2620 et
2517 2556 2803 2622 Marullo
2819 2606 2835 2631 ‚

608 2677 781 2741 quos
821 2674 1052 2717 omnes
1090 2660 1443 2729 secuntur,
1484 2653 1987 2741 hypermetrum
2023 2653 2343 2718 faciamus
2367 2701 2384 2730 ‚
2420 2666 2683 2740 patu-um
2712 2679 2831 2721 ma-

605 2766 884 2840 trumque
910 2752 1317 2838 dem-temque:
1355 2773 1507 2816 uam
1546 2752 1674 2817 etsi
1712 2751 1988 2817 deorum
2033 2753 2226 2838 signa
2262 2752 2335 2816 in
2375 2773 2635 2819 scaena
2660 2762 2833 2828 sunt,

607 2842 791 2916 nulla
829 2857 1053 2915 tamen
1089 2855 1249 2914 sunt
1271 2860 1531 2936 patr-mm
1565 2862 1950 2939 matrumque
1978 2900 1992 2916 .
2034 2852 2254 2940 turpis
2284 2859 2395 2916 est
2427 2851 2500 2916 in
2528 2852 2831 2919 hocloco

604 2934 1050 3038 interpretum
1075 2948 1317 3013 levitas
1335 2997 1351 3024 ,
1375 2949 1488 3034 qui
1517 2949 1800 3036 primum
1828 2971 1953 3035 per
1982 2972 2056 3015 se
2083 2972 2222 3015 non
2250 2948 2550 3015 viderint
2571 2953 2829 3017 decorem

609 3048 1038 3115 scribendum
1078 3068 1227 3113 esse
1254 3046 1370 3112 ubi
1401 3054 1508 3111 est
1535 3047 1786 3112 deorum
1800 3095 1820 3130 ‚
1850 3047 2092 3113 deinde
2119 3047 2508 3112 Lucretium
2536 3049 2713 3115 haec
2736 3070 2827 3114 es·

612 3147 763 3212 dem
792 3168 1009 3233 prope
1037 3167 1160 3231 per
1190 3145 1452 3232 singula
1478 3145 1690 3211 verba
1715 3148 2045 3233 repetisse
2080 3168 2220 3212 non
2247 3146 2827 3215 animadverterint

608 3245 744 3309 hoc
771 3245 921 3331 ipso
951 3244 1123 3308 libro
1153 3242 1276 3309 982
1304 3292 1320 3320 ,
1362 3254 1420 3309 et
1458 3267 1794 3310 emesenam
1832 3269 2076 3311 emere
2102 3247 2361 3311 eundem
2388 3246 2737 3336 Scenm’que
2758 3250 2825 3312 a·-

607 3343 743 3406 mul
773 3343 977 3406 varios
1011 3343 1324 3427 splendere
1361 3343 1607 3407 decores
1641 3389 1654 3405 .
1697 3343 1940 3427 quibus
1970 3343 2416 3411 consideratis
2442 3367 2589 3410 non
2617 3353 2825 3435 potest

609 3440 969 3505 obscurum
1011 3461 1160 3503 esse
1197 3440 1310 3505 hic
1351 3440 1556 3505 scribi
1598 3438 1844 3508 debere
1874 3442 2146 3509 Scaenai
2168 3446 2428 3530 speciem
2466 3466 2825 3510 runcum

609 3558 1070 3612 vamumom:
1111 3560 1505 3603 nnconnu.

775 3636 874 3702 81.
924 3634 1042 3700 ΕΤ
1090 3658 1409 3712 Quas-ro
1458 3660 1761 3704 cuicum
1806 3661 2026 3705 Maon
2069 3661 2272 3706 sun-r
2322 3662 2823 3707 monausnu

610 3757 970 3802 'rur-,Arm
999 3735 1368 3801 Morum.
1404 3735 1756 3822 Oblongus
1789 3746 1859 3803 et
1884 3738 2037 3803 Itali
2062 3739 2435 3819 inclausa-a,
2473 3739 2823 3824 quadratus

608 3836 888 3918 inclusa,
880 3860 894 3875 ·
936 3833 1118 3899 unde
1154 3843 1438 3921 apparet
1469 3836 1541 3899 in
1570 3835 1946 3924 archetypo
1975 3859 2115 3902 non
2142 3858 2377 3923 puram
2408 3846 2479 3903 et
2503 3838 2822 3905 inlibatam

610 3933 818 3997 fuisse
851 3934 1286 4019 scripturam,
1328 3931 1454 3998 sed
1482 3934 1695 4019 prima
1723 3956 1923 4000 manu
1948 3936 2292 4013 vitiosam,
2318 3957 2481 4002 mox
2508 3958 2553 4001 a
2580 3957 2821 4004 correo·

613 4031 873 4096 toribus
914 4039 1347 4117 temptatam.
1392 4054 1662 4118 neque,
1701 4034 1758 4099 si
1784 4034 2091 4100 Accius
2074 4058 2142 4100 m
2176 4035 2637 4122 Alphesiboea
2678 4034 2820 4101 dixit

611 4131 721 4196 Sei
765 4129 930 4214 (Sed
956 4131 1358 4218 exemplaria
1385 4130 1590 4198 Nonii
1624 4157 1688 4220 p.
1705 4133 1806 4209 73,
1822 4133 1902 4196 27
1917 4135 1942 4219 )
1988 4137 2408 4220 afvyn-eatam
2444 4136 2742 4201 indu-sm
2775 4142 2821 4197 d

608 4230 777 4294 saxi-5
802 4229 1193 4315 squalidam,
1238 4229 1521 4296 eodem
1503 4254 1649 4297 iure
1676 4233 1917 4298 moenia
1943 4234 2181 4299 inclusa
2208 4232 2343 4298 dici
2368 4242 2700 4319 possunt.
2737 4229 2816 4295 rei

612 4327 1306 4394 convenientissimum
1363 4339 1478 4396 est·
1527 4353 1904 4397 Ancus-ra
1938 4355 1953 4395 ε
1995 4353 2164 4413 ωιτη,
2200 4332 2491 4419 spatium
2541 4328 2815 4418 angustis

609 4425 958 4490 moenibus
998 4426 1327 4494 inclusum
1369 4429 1628 4495 facilius
1669 4431 1738 4495 in
1786 4453 1860 4496 se
1898 4432 2155 4518 corripit
2191 4439 2262 4495 et
2300 4431 2557 4517 colligit
2595 4432 2812 4499 lucem,
