3042 5192
1310 450 1368 517 ΙΙ
2362 454 2443 521 41

211 644 488 710 corpore
522 623 874 686 seiunctus
906 621 1103 687 dolor
1136 624 1344 699 absit,
1367 625 1587 688 menti’
1617 623 1878 689 fruatur

209 737 499 802 iucundo
531 759 740 801 sensu
758 787 774 812 ‚
799 758 961 801 01110
991 742 1269 805 30111οω’
1297 746 1614 824 metuque
1632 738 1664 801 P

113 872 165 916 20
205 874 359 940 ergo
392 874 799 940 corpoream
830 851 921 915 ad
948 860 1255 917 naturam
1284 875 1500 942 pauca
1529 853 1830 918 videmus

212 990 354 1033 esse
385 991 567 1056 opus
598 967 872 1032 omnino
891 1016 907 1043 ,
932 988 1104 1052 quae
1136 966 1408 1035 demant
1436 990 1719 1054 cumque
1751 968 2050 1035 dolorem
2069 1022 2085 1045 ‚

212 1083 485 1148 delicias
517 1104 793 1168 quoque
822 1082 921 1146 uti
949 1082 1192 1147 multas
1223 1074 1653 1149 substernere
1682 1086 1948 1171 possint
1965 1135 1979 1149 .

210 1200 463 1285 gratius
493 1199 674 1262 inter
705 1197 865 1262 dum
891 1219 1112 1283 neque
1142 1206 1387 1263 natura
1410 1200 1562 1286 ipsa
1588 1201 1902 1285 requirit,

214 1316 267 1378 si
294 1336 433 1379 non
466 1335 675 1377 aurea
704 1320 865 1381 sunt
891 1314 1578 1384 iuvenumsimulacra
1606 1336 1728 1401 per
1758 1315 1962 1380 aedes
2015 1328 2021 1333 ‘

114 1449 168 1493 25
207 1428 556 1517 lampadas
586 1428 906 1515 igniferas
934 1430 1237 1495 manibus
1264 1429 1620 1494 retinentia
1649 1428 1905 1495 dextris
1922 1480 1937 1507 ‚

211 1544 458 1608 lumina
487 1544 840 1608 nocturnis
871 1545 1085 1632 epulis
1112 1553 1190 1609 ut
1218 1528 1735 1631 suppeditentur
1752 1593 1769 1619 ‚

216 1680 335 1723 1100
367 1656 615 1723 domus
644 1667 928 1746 argento
957 1657 1241 1745 fulgenti
1269 1680 1569 1744 auroque
1596 1658 1862 1725 renidet
1879 1710 1895 1735 ‚

217 1796 334 1839 1100
365 1774 669 1839 citharae
697 1775 988 1841 reboant
1013 1774 1328 1860 laqueata
1356 1781 1724 1860 aurataque
1752 1782 1934 1841 tecta
1950 1826 1967 1852 ‚

219 1913 359 1954 cum
388 1898 616 1954 tamen
643 1890 819 1955 inter
848 1891 1274 1977 seprostrati
1302 1890 1372 1954 in
1399 1891 1695 1976 gramine
1723 1890 1905 1955 molli

120 2021 175 2067 30
212 2014 492 2092 propter
522 2025 741 2090 aquae
769 2006 983 2069 rivum
1013 2006 1137 2068 sub
1166 2005 1367 2069 ramis
1399 2005 1659 2071 arboris
1688 2004 1864 2070 altae

218 2142 347 2184 non
374 2121 640 2207 magnis
671 2120 913 2208 opibus
942 2119 1230 2184 iucunde
1259 2142 1550 2207 corpora
1579 2129 1816 2185 curant
1834 2170 1849 2193 ,

218 2236 617 2323 praesertim
647 2257 796 2299 011111
825 2242 1191 2322 tempestas
1221 2234 1487 2299 adridet
1518 2242 1587 2299 et
1614 2235 1770 2299 anni

214 2358 523 2439 tempora
552 2357 1012 2438 conspergunt
1036 2348 1387 2415 viridantis
1414 2348 1691 2414 floribus
1719 2349 1998 2416 herbas.

214 2487 335 2529 1100
364 2464 630 2530 calidae
660 2465 855 2529 citius
885 2462 1227 2529 decedunt
1254 2486 1541 2552 corpore
1568 2464 1791 2530 febres
1809 2515 1825 2541 ‚

119 2595 172 2641 35
211 2581 556 2645 textilibus
589 2581 646 2645 si
673 2580 742 2643 in
769 2580 1048 2668 picturis
1079 2588 1402 2666 ostroque
1430 2581 1696 2645 rubenti

216 2696 480 2760 iacteris
499 2745 516 2770 ‚
547 2717 747 2780 quam
779 2695 836 2759 si
863 2697 931 2758 in
960 2695 1222 2783 plebeia
1249 2704 1438 2761 veste
1469 2695 1848 2762 cubandum
1878 2706 1982 2763 est
1999 2749 2013 2762 .

220 2832 351 2895 qua
376 2819 667 2899 propter
697 2811 1010 2896 quoniam
1038 2811 1133 2875 nil
1161 2819 1399 2876 nostro
1428 2812 1499 2875 in
1528 2834 1814 2900 corpore
1843 2834 2047 2899 gazae

214 2925 579 3011 proficiunt
608 2947 829 3011 neque
857 2926 1171 2992 nobilitas
1199 2948 1326 2990 nec
1353 2926 1570 3012 gloria
1597 2928 1784 3013 regni
1801 2976 1818 3003 ‚

218 3037 415 3124 quod
445 3061 644 3128 super
673 3047 782 3104 est
799 3089 814 3117 ,
837 3042 1054 3106 animo
1087 3063 1359 3128 quoque
1387 3041 1479 3105 nil
1507 3040 1837 3129 prodesse
1859 3042 2272 3131 putandum;

118 3171 174 3217 1ο
213 3155 271 3218 si
297 3176 438 3218 11011
468 3153 645 3219 forte
675 3164 828 3220 tuas
858 3156 1154 3242 legiones
1185 3179 1308 3243 per
1336 3156 1487 3221 loca
1516 3157 1731 3244 campi
2189 3169 2194 3173 ’

222 3269 485 3334 fervere
516 3292 667 3334 cum
696 3269 929 3335 videas
946 3320 962 3345 ‚
986 3271 1141 3336 belli
1170 3271 1522 3337 simulacra
1552 3272 1785 3336 cientis
1803 3322 1819 3347 ‚

222 3385 538 3449 subsidiis
566 3386 953 3472 magnisque
986 3386 1360 3473 elephantis
1390 3387 1849 3453 constabilitas
1868 3437 1883 3463 ‚

125 3514 180 3559 13
219 3510 490 3565 ornatas
520 3501 722 3565 armis
740 3550 755 3575 ‚
777 3499 1035 3565 validas
1054 3550 1069 3577 ‚
1091 3502 1477 3588 pariterque
1508 3502 1830 3568 animatas
1847 3552 1863 3578 ‚

220 3614 482 3679 fervere
514 3637 665 3679 cum
693 3613 925 3680 videas
956 3616 1235 3680 classem
1264 3616 1532 3702 lateque
1562 3618 1791 3703 vagari
1809 3667 1824 3693 ‚

123 3746 177 3791 11
214 3728 317 3794 his
344 3731 469 3795 tibi
498 3737 641 3794 tum
669 3732 872 3796 rebus
901 3730 1277 3796 timefactae
1304 3732 1658 3818 religiones

223 3844 551 3933 effugiunt
581 3847 799 3909 animo
827 3846 1073 3933 pavide
1091 3897 1107 3923 ‚
1128 3848 1498 3933 mortisque
1530 3848 1805 3912 timores

220 3969 357 4025 tum
385 3981 675 4025 vacuum
703 3969 944 4049 peetus
971 3962 1229 4027 lincunt
1257 3985 1554 4049 curaque
1585 3962 1872 4028 solutum
1893 4012 1907 4026 .

220 4076 404 4161 quod
433 4077 493 4141 si
522 4075 804 4141 ridicula
830 4077 999 4141 haec
1029 4075 1448 4163 ludibriaque
1478 4099 1627 4143 esse
1656 4076 1957 4143 videmus
1974 4126 1991 4153 ,

229 4357 289 4402 18
325 4360 507 4405 mente
554 4352 576 4421 ΙΙ
626 4340 688 4405 19
727 4362 933 4408 semota
980 4356 1000 4423 Η
1049 4362 1114 4408 27
1150 4355 1320 4427 fulget
1371 4356 1391 4425 ΙΙ
1428 4362 1494 4408 28
1534 4356 1773 4424 iaqueata
1821 4356 1840 4423 Η
1877 4353 2100 4424 templa.
2137 4355 2159 4424 ΙΙ
2195 4358 2260 4407 39
2295 4372 2456 4425 super

230 4450 285 4487 es
321 4436 341 4499 ’,Ι
380 4442 440 4488 41
473 4435 683 4491 Fruere
719 4438 740 4505 u
778 4443 841 4490 42
868 4440 1073 4509 magnis
1100 4440 1298 4511 0111111111
1347 4439 1367 4507 ΙΙ
1405 4444 1466 4491 43
1496 4440 1719 4493 itastuas
1743 4439 2036 4508 tax-iterque
2083 4437 2104 4503 ΙΙ
2155 4442 2219 4490 46
2246 4444 2454 4507 tempus
