3042 5192
1296 417 1344 512 ⁴1
2346 447 2437 514 45

235 624 388 687 ratio
438 618 727 684 absurde
775 620 1044 683 inversa
1087 627 1193 683 est
1229 619 1361 682 hoc
1404 617 1654 692 modo,
1701 619 1778 682 In
1831 620 2034 684 rebus
2075 626 2439 684 extremum

235 718 535 806 quodque
554 717 881 829 'quoniam
908 715 981 779 id
1012 725 1120 781 est
1149 716 1334 802 quod
1366 716 1601 780 oculos
1634 715 1904 802 effugit,
1938 717 2092 782 ideo
2121 717 2192 781 id
2223 727 2440 782 extre-

232 838 389 881 mum
415 816 751 879 minimum
781 823 887 879 est
916 823 985 879 et
1013 815 1154 879 sine
1185 815 1534 901 partibus.
1570 834 1731 900 ergo
1761 816 1831 878 in
1858 817 2147 902 quoniam
2176 825 2439 881 senten-

232 916 314 978 tia
336 914 628 978 laborat.
653 920 1003 1000 praeterea
1028 915 1195 977 illiue
1221 935 1307 977 ne
1334 914 1404 976 in
1424 914 1554 977 hac
1584 931 1906 998 perversa
1935 913 2204 999 quidem
2243 936 2439 1001 argu-

230 1012 620 1076 mentatione
662 1010 882 1075 locum
923 1011 1130 1076 habet
1159 1059 1174 1087 ‚
1221 1010 1344 1075 sed
1391 1010 1595 1076 debet
1638 1032 1785 1075 esse
1830 1013 1990 1076 illud
2029 1013 2137 1097 (et
2177 1014 2444 1101 scripsit

228 1111 370 1174 illud
389 1108 824 1174 Eichstadius
854 1157 871 1186 ,
912 1108 1275 1173 Lambinus
1305 1110 1589 1196 aliquod)
1622 1133 1635 1172 ε
1676 1131 1831 1173 nam
1860 1112 2135 1196 emporis
2158 1111 2326 1175 illiue
2351 1112 2445 1174 ita

228 1206 671 1294 accipiendum
701 1228 850 1271 esse
878 1214 956 1270 ut
984 1208 1074 1271 sit
1101 1209 1231 1270 eius
1256 1218 1515 1271 naturae
1544 1255 1562 1286 ‚
1597 1216 2040 1272 commentum
2082 1216 2184 1273 est
2209 1208 2444 1274 Forbi-

227 1326 373 1390 gero
414 1306 566 1369 solo
610 1304 881 1390 dignum
911 1353 923 1367 .
968 1304 1128 1368 mihi
1169 1304 1334 1368 nihil
1375 1303 1632 1369 facilius
1671 1304 1936 1370 videtur
1985 1327 2182 1391 quam
2219 1329 2442 1372 veram

226 1404 611 1467 sententiam
649 1404 791 1467 sine
832 1403 1217 1488 ambagibus
1261 1401 1524 1467 efficere
1555 1452 1570 1479 ,
1613 1402 1746 1466 hoc
1776 1403 1978 1468 modo
2008 1454 2022 1467 .
2070 1407 2129 1469 T
2118 1428 2224 1469 um
2247 1429 2446 1491 porro

228 1523 584 1577 Quanam
625 1513 713 1565 est
748 1512 1082 1565 extremum
1121 1501 1402 1587 quodque
1453 1523 1742 1565 caewmen
1780 1503 2064 1588 Corporis
2113 1525 2443 1578 unnim,

227 1601 376 1710 quod
394 1601 595 1664 nostri
623 1622 869 1663 cemere
910 1622 1118 1662 sensu-5
1146 1598 1286 1662 Iam
1312 1597 1660 1684 nequezmt?
1697 1599 2160 1687 Quapropter,
2193 1602 2445 1687 inquit,

226 1698 288 1760 in
314 1698 439 1761 ulla
478 1718 556 1761 re
599 1718 930 1783 corporea
970 1703 1269 1760 extrema
1311 1718 1618 1783 quaeque
1658 1718 1819 1783 pars
1862 1705 1967 1762 est
2006 1720 2205 1784 quam
2234 1701 2444 1764 oculis

227 1797 605 1909 conspicere
648 1816 788 1858 non
828 1815 1188 1881 possumus
1206 1793 1238 1856 P
1265 1794 1335 1858 id
1358 1796 1427 1858 ni
1451 1797 1678 1859 mirwm
1715 1798 1845 1859 sine
1860 1798 2146 1882 partibus
2172 1808 2337 1863 extat
2364 1798 2451 1862 Et

226 1896 461 1958 amima
494 1905 727 1958 emutat
749 1905 1003 1958 natura.
1037 1900 1331 1957 ceterum
1362 1895 1656 1979 quianam
1695 1893 1941 1958 multos
1972 1893 2220 1959 dixisse
2251 1918 2444 1960 cons-

228 2000 346 2068 tat,
377 1992 742 2066 Naevium,
773 1991 1115 2066 Plautum,
1157 1990 1480 2067 Ennium,
1528 1990 1847 2056 Accium
1830 2013 1898 2054 m
1926 1990 2444 2058 Phoenissarum

229 2091 487 2156 exordio
511 2141 528 2166 ,
552 2089 919 2176 Vergilium
938 2139 951 2152 .

374 2188 518 2253 606.
552 2210 939 2252 niu-unam
977 2209 1379 2252 CORPORIS
1418 2209 1755 2250 nxrzsr.
1796 2186 2256 2271 Antiquissimi
2299 2209 2444 2251 cor-

226 2294 511 2351 rectores
542 2308 951 2349 marni-mr.

373 2384 518 2449 608.
563 2382 943 2447 Hanni-:RE
1002 2404 1213 2447 unni:
1267 2404 1588 2458 QUI-:ANT
1637 2404 1851 2445 ULLA
1906 2404 2251 2447 niu-lons
2309 2407 2445 2448 m:-

225 2505 446 2546 vum
468 2532 485 2546 .
543 2481 904 2546 Corrector
955 2479 1268 2566 quadrati
1323 2491 1391 2544 ut
1438 2491 1771 2565 nequeant.
1814 2480 2046 2544 melius
2091 2481 2240 2546 Itali
2287 2484 2449 2546 unde

226 2594 430 2666 queant
458 2602 766 2644 NULLA.

373 2679 518 2743 611.
544 2677 716 2742 Non
748 2699 848 2741 nx
876 2699 1267 2741 unorum.
1294 2675 1563 2765 Optime
1592 2677 1918 2741 Marullus
1948 2700 2362 2742 uLLonuu.

373 2777 518 2841 613.
544 2797 811 2851 NEQUE
842 2787 1197 2839 nmini-1151
1227 2797 1410 2839 TAM.
1437 2775 1798 2840 Corrector
1830 2774 2102 2862 oblongi
2131 2800 2309 2841 mu.

374 2874 519 2938 619.
548 2894 760 2949 ouon
790 2895 1023 2936 Esou*
1044 2922 1057 2935 .
1096 2872 1208 2936 Sic
1251 2872 1622 2957 quadratus
1653 2881 1723 2937 et
1751 2872 2044 2937 schedae
2063 2924 2078 2950 ‚
2114 2875 2447 2960 oblongus

223 2974 379 3035 escit:
406 2971 613 3035 huius
643 2977 988 3034 corrector
1016 2983 1162 3035 esset
1179 3020 1192 3033 .
1233 2992 1423 3045 Qun)
1454 2973 1708 3057 primus
1736 2971 2061 3038 Marullus
2091 3020 2107 3047 ‚
2143 2974 2285 3035 escit
2311 2973 2444 3056 pri-

221 3092 355 3135 mus
384 3070 704 3158 probavit
731 3068 1093 3133 Lambinus
1112 3119 1125 3132 .

374 3168 520 3233 625.
560 3166 700 3231 626.
746 3189 1070 3230 sxa-nur
1120 3168 1234 3231 ΕΤ
1281 3165 1596 3231 annun.
1649 3188 2065 3231 consrAnzr
2115 3187 2445 3229 marusim.

222 3264 543 3330 Marullus
573 3287 1033 3329 consutum.

376 3365 522 3429 628.
550 3386 620 3427 s1
652 3384 1008 3426 nmnuAs
1038 3411 1052 3425 .
1084 3362 1224 3426 631.
1258 3386 1466 3439 QUAE
1497 3385 1796 3427 nunus
1825 3413 1838 3426 .
1875 3361 2057 3425 Vere
2086 3362 2449 3427 Lambinus

224 3483 299 3525 tn
326 3464 620 3526 minimas
650 3470 718 3525 et
756 3484 914 3548 quae
943 3483 1239 3525 muns
1277 3473 1417 3525 sunt
1440 3462 1725 3548 partibus
1765 3473 1977 3526 aucta.
2013 3461 2081 3524 in
2110 3460 2319 3535 11‚498
2349 3463 2451 3526 Ne

221 3562 524 3645 quaedam
568 3560 836 3644 (semina
874 3557 1070 3644 dicit)
1112 3582 1295 3646 eoqas
1332 3561 1572 3623 inmani
1610 3561 1987 3623 maximitate
2027 3557 2180 3622 Esse
2202 3606 2221 3638 ,
2259 3581 2452 3643 supra

220 3660 379 3744 qnod
414 3661 550 3723 iam
590 3659 771 3723 domei
810 3680 934 3722 non
958 3680 1140 3742 posse
1168 3658 1431 3743 probari
1459 3706 1472 3720 .
1505 3658 1758 3722 scilicet
1785 3657 1893 3721 his
1921 3656 2087 3743 ipsis
2114 3656 2451 3726 versibus,

218 3777 433 3841 neque
466 3755 656 3820 alibi.

379 3854 524 3918 634.
554 3876 703 3918 rsa
748 3875 953 3929 QUAS
998 3876 1142 3917 ass
1182 3874 1557 3929 Quas-‚Qus
1601 3873 2035 3916 annunti-un
2067 3897 2080 3912 .
2123 3849 2451 3915 Marullus

220 3951 590 4038 prudenter
636 3951 907 4037 scripsit
943 3974 1070 4038 per
1112 3972 1320 4026 QUAE
1355 4000 1371 4026 ‚
1407 3958 1482 4013 ut
1522 3957 1628 4014 est
1677 3950 1744 4013 in
1791 3948 2029 4025 11,727.
2064 3946 2306 4012 falsum
2350 3956 2454 4011 est

219 4048 403 4133 quod
432 4048 744 4114 fecerunt
770 4048 921 4113 Itali
956 4097 972 4123 ‚
1016 4072 1132 4135 per
1159 4072 1309 4136 quos
1335 4096 1354 4128 ,
1386 4048 1687 4133 quamvis
1718 4068 1759 4111 a
1787 4045 2208 4110 Wakefieldo
2241 4067 2452 4132 appo-

218 4150 414 4212 situm
448 4149 764 4236 parasitis
791 4149 1121 4235 placuerit
1139 4198 1152 4211 .

380 4248 524 4312 639.
574 4247 905 4311 CLARus
958 4267 1386 4312 onscunau
1442 4265 1820 4307 mustum
1851 4292 1865 4306 .
1923 4241 2128 4328 Apud
2178 4241 2451 4305 Festum

218 4367 277 4428 p.
290 4344 493 4418 261‚9
525 4368 617 4409 013
651 4346 970 4410 obscuram
997 4395 1014 4424 ,
1062 4353 1130 4409 et
1158 4351 1504 4408 corrector
1537 4342 1811 4427 oblongi
1839 4341 1911 4405 ob
1939 4363 2222 4404 oscaram
2250 4387 2263 4401 .
2295 4337 2452 4401 hinc

218 4440 543 4507 Horatius
575 4442 769 4507 duxit
795 4442 964 4507 illud
981 4492 996 4510 ..
1029 4444 1247 4506 Clam-5
1274 4441 1348 4505 ob
1376 4442 1447 4503 id
1456 4440 1704 4527 factum
1723 4487 1736 4500 .
