3042 5192
1321 474 1415 542 ΠΙ

90 667 168 714 110
214 670 346 713 non
376 650 520 714 alio
547 657 756 736 pacto
791 666 991 733 quam
1018 647 1112 722 si,
1134 667 1258 733 pes
1287 667 1437 710 cum
1468 645 1659 711 dolet
1685 650 1868 734 aegri
1887 697 1901 724 ‚

88 1239 167 1285 115

90 1811 174 1858 120

92 2383 175 2430 125

92 2956 176 3003 130

91 3530 179 3576 1³5

94 4103 177 4150 140

217 766 281 828 in
308 763 502 828 nullo
535 770 744 848 caput
769 762 1029 826 interea
1055 762 1146 826 sit
1171 760 1351 826 forte
1384 760 1619 826 dolore
1639 811 1653 826 .

214 885 578 964 praeterea
604 877 788 941 molli
817 897 968 940 cum
996 897 1233 940 somno
1265 874 1497 941 dedita
1524 877 1822 942 membra

218 992 643 1079 effusumque
670 993 847 1056 iacet
873 992 1016 1056 eine
1045 1010 1247 1055 sensu
1279 1010 1529 1077 corpus
1558 991 1923 1058 honustum
1940 1042 1955 1069 ,

219 1116 321 1171 eet
348 1106 547 1171 aliud
576 1115 803 1171 tamen
830 1107 901 1170 in
928 1107 1125 1171 nobis
1156 1104 1344 1192 quod
1375 1112 1680 1190 tempore
1708 1108 1780 1171 in
1805 1107 1918 1171 illo

217 1220 635 1286 multimodjs
663 1221 955 1306 agitatur
984 1231 1053 1285 et
1081 1220 1294 1285 omnis
1324 1219 1568 1305 accipit
1592 1221 1664 1283 in
1692 1242 1766 1285 ee

216 1335 517 1400 laetitiae
546 1343 773 1400 motus
805 1343 874 1399 et
901 1356 1096 1400 curae
1125 1333 1352 1399 cordje
1379 1334 1598 1398 inanis
1618 1384 1632 1398 .

218 1471 398 1514 nunc
433 1450 720 1514 animam
751 1470 1023 1535 quoque
1051 1457 1131 1513 ut
1155 1448 1226 1513 in
1252 1448 1567 1514 membris
1596 1469 2007 1535 cognoscere
2035 1452 2258 1536 possis

220 1586 367 1630 esse
387 1613 408 1640 ‚
432 1586 656 1650 neque
682 1564 1031 1628 harmonia
1059 1584 1308 1650 corpus
1337 1563 1628 1628 senteire
1657 1564 1875 1629 solere
1893 1615 1908 1640 ‚

218 1680 555 1766 principio
582 1679 661 1745 fit
687 1680 788 1744 uti
816 1679 1124 1744 detracto
1156 1699 1443 1764 corpore
1470 1679 1681 1744 multo

225 1816 431 1882 saepe
460 1803 689 1859 tamen
716 1794 913 1860 nobis
939 1794 1009 1858 in
1037 1794 1349 1858 membris
1378 1794 1520 1858 vita
1547 1791 1878 1858 moretur:

226 1918 434 1995 atque
464 1908 701 1973 eadem
731 1930 995 1973 rursum
1012 1957 1028 1984 ‚
1053 1928 1203 1972 cum
1232 1929 1524 1994 corpora
1551 1929 1771 1995 pauca
1800 1908 2043 1973 caloris

228 2022 555 2110 diffugere
581 2024 902 2109 forasque
931 2044 1054 2110 per
1083 2044 1164 2088 os
1194 2031 1302 2087 eet
1330 2021 1551 2088 editus
1582 2028 1729 2100 aer,
1883 2109 1888 2116 ·

228 2138 482 2204 deserit
513 2138 854 2224 extemplo
883 2159 1094 2203 venae
1125 2146 1329 2225 atque
1360 2158 1520 2201 ossa
1548 2136 1898 2223 relinquitt,

224 2274 509 2319 noscere
537 2260 618 2316 ut
645 2251 802 2316 hinc
828 2253 1055 2339 possis
1082 2273 1222 2317 non
1251 2273 1505 2338 aequas
1538 2253 1757 2317 omnia
1783 2253 1996 2339 partis

226 2390 520 2455 corpora
547 2367 799 2432 habere
827 2388 1046 2453 neque
1077 2390 1160 2432 ex
1190 2388 1409 2453 aequo
1437 2367 1674 2432 fulcire
1704 2367 1985 2433 salutem
2002 2417 2018 2444 ‚

225 2483 351 2548 eed
377 2484 594 2571 magis
622 2481 793 2546 haec
810 2531 827 2559 ,
848 2483 1034 2548 venti
1068 2503 1241 2569 quae
1270 2489 1429 2547 sunt
1457 2481 1790 2568 cakidique
1815 2482 2088 2569 vaporis

227 2600 480 2663 semina
497 2648 515 2676 ‚
548 2619 787 2663 curare
812 2598 882 2662 in
911 2597 1225 2662 membris
1252 2604 1330 2662 ut
1355 2597 1497 2663 vita
1522 2605 1822 2662 moretur
1842 2647 1855 2662 .

230 2722 337 2777 eet
363 2714 566 2798 igitur
596 2713 783 2778 calor
813 2734 892 2776 ac
921 2720 1166 2777 ventus
1194 2711 1415 2777 vitalis
1442 2713 1515 2776 in
1540 2711 1690 2797 ipso

230 2848 518 2913 corpore
537 2876 556 2903 ‚
582 2828 699 2913 qui
724 2827 921 2893 nobis
949 2826 1386 2893 moribundos
1418 2825 1671 2892 deserit
1699 2835 1887 2891 artus
1907 2876 1920 2891 .

226 2963 361 3027 qua
388 2950 676 3029 propter
705 2943 1019 3028 quoniam
1048 2950 1154 3008 eet
1180 2943 1380 3006 animi
1407 2949 1664 3032 natura¹
1681 2948 1954 3027 reperta

227 3065 435 3143 atque
466 3057 725 3121 animae
757 3059 945 3142 quasi
974 3079 1136 3145 pare
1164 3057 1450 3123 hominis
1468 3107 1484 3134 ,
1504 3054 1721 3121 redde
1748 3054 2114 3120 harmoniai

228 3194 473 3236 nomen
493 3222 509 3247 ‚
535 3170 624 3235 ad
654 3173 1009 3258 organicos
1040 3172 1178 3238 alto
1210 3170 1503 3237 delatum
1532 3170 1875 3247 Heliconi3

232 3286 373 3350 sive
401 3285 673 3350 aliunde
702 3287 831 3373 ipsi
858 3308 1066 3372 porro
1096 3294 1364 3352 traxere
1393 3297 1463 3351 et
1488 3287 1559 3350 in
1586 3286 1764 3349 illam

229 3401 721 3466 transtulerunt
737 3450 754 3477 ‚
773 3401 1050 3488 proprio
1082 3422 1255 3487 quae
1284 3410 1429 3466 tum
1455 3424 1567 3466 res
1595 3399 1862 3465 nomine
1893 3398 2135 3484 egebat
2151 3448 2166 3462 .

233 3516 568 3602 quidquid
594 3515 667 3581 id
698 3525 801 3582 est
817 3566 834 3594 ,
856 3516 1186 3581 habeant:
1206 3524 1285 3581 tu
1313 3525 1541 3582 cetera
1565 3515 1838 3604 percipe
1871 3513 2084 3579 dicta.

313 3631 512 3696 Nunc
544 3633 829 3696 animum
859 3640 1065 3719 atque
1094 3634 1375 3699 animam
1414 3632 1568 3698 dico
1601 3630 1958 3695 coniuncta
1984 3630 2196 3694 teneri

228 3746 401 3810 inter
428 3769 507 3811 se
537 3755 745 3833 atque
771 3768 973 3812 unam
998 3756 1305 3813 naturam
1348 3747 1676 3813 conficere
1708 3766 1794 3809 ex
1820 3767 1894 3810 ee
1913 3794 1929 3821 ‚

229 3860 351 3924 sed
380 3869 592 3947 caput
620 3882 771 3926 esse
801 3863 994 3948 quasi
1030 3871 1099 3929 et
1127 3863 1452 3929 dominari
1478 3863 1551 3926 in
1580 3881 1865 3946 corpore
1896 3867 2044 3924 toto

229 3977 577 4041 consilium
594 4025 610 4053 ‚
635 3976 822 4062 quod
849 3998 979 4043 nos
1007 3980 1293 4043 animum
1318 3985 1740 4063 mentemque
1766 3997 2086 4040 vocamus
2106 4025 2119 4038 .

229 4088 433 4176 idque
464 4092 668 4157 situm
696 4090 916 4156 media
940 4094 1216 4180 regione
1255 4095 1326 4159 in
1353 4094 1652 4179 pectoris
1679 4091 1919 4155 haeret
1936 4140 1950 4155 .

229 4203 339 4270 hic
368 4207 632 4272 exultat
661 4207 834 4270 enim
861 4228 1077 4292 pavor
1108 4230 1187 4273 ac
1215 4216 1432 4274 metue
1450 4258 1466 4285 ,
1487 4208 1657 4273 haec
1686 4208 1838 4272 loca
1867 4208 2114 4271 circum

488 4377 639 4386 ..-ψ--

246 4453 341 4499 118
372 4450 589 4503 interire
627 4449 649 4520 ΙΙ
692 4457 786 4504 132
824 4451 934 4505 altu
971 4450 992 4522 ΙΙ
1035 4458 1127 4505 135
1166 4451 1220 4505 id
1244 4460 1513 4508 missum.

2372 480 2464 549 83
