3042 5192
518 426 654 494 104
1583 426 1679 493 III

510 620 717 685 quare
747 597 1029 663 dissolui
1058 618 1329 684 quoque
1360 596 1614 662 debent
1640 619 1846 686 posse
1875 619 1999 687 per
2027 606 2217 665 artus
2235 648 2253 674 ‚

507 713 795 799 denique
823 722 902 778 ut.
928 714 1270 778 intereant
1296 733 1432 776 una
1460 734 1611 776 cum
1641 734 1927 801 corpore
1957 722 2238 779 cunctae
2259 765 2273 778 .

350 846 449 893 ‘760
505 829 608 893 sin
638 828 889 892 animas
917 828 1259 892 hominum
1289 826 1518 891 dicent
1546 828 1615 891 in
1645 849 1935 915 corpora
1963 849 2226 916 semper

507 944 603 1007 ire
632 943 923 1007 humana
941 991 956 1019 ,
981 949 1203 1006 tamen
1234 963 1553 1027 quaeram
1581 964 1701 1007 cur
1732 963 1769 1007 e
1799 944 2088 1031 sapienti

506 1057 713 1122 stulta
743 1065 947 1143 queat
973 1057 1116 1121 fieri
1132 1106 1148 1133 ,
1169 1077 1297 1121 nec
1323 1056 1624 1144 prudens
1655 1056 1744 1122 sit
1769 1079 1937 1145 puer
1963 1059 2142 1123 ullus
2157 1107 2173 1135 ‚

349 1189 449 1235 764
503 1194 630 1236 nec
659 1180 795 1237 tam
826 1171 1068 1237 doctus
1099 1192 1313 1258 equae
1343 1171 1568 1259 pullus
1598 1193 1798 1257 quam
1824 1172 2022 1238 fortis
2053 1173 2209 1259 equi
2234 1173 2389 1238 vis?

507 1287 760 1352 scilicet
778 1337 793 1364 ‚
814 1287 884 1351 in
910 1294 1147 1351 tenero
1179 1293 1604 1351 tenerascere
1634 1308 1923 1375 corpore
1951 1295 2240 1352 mentem

511 1401 897 1488 confugient
913 1451 927 1465 .
953 1398 1141 1487 quod
1168 1402 1226 1466 si
1251 1402 1382 1466 iam
1407 1401 1484 1466 fit
1501 1450 1517 1477 ‚
1540 1399 1796 1467 fateare
1824 1410 2174 1468 necessest

505 1517 857 1582 mortalem
888 1537 1036 1581 esse
1065 1517 1346 1580 animam
1364 1565 1380 1592 ,
1405 1517 1720 1602 quoniam
1748 1524 2005 1583 mutata
2031 1539 2156 1605 per
2184 1525 2370 1582 artus

507 1640 698 1697 tanto
732 1653 938 1720 opere
967 1631 1208 1696 amittit
1233 1632 1439 1695 vitam
1469 1652 1874 1718 sensumque
1901 1633 2194 1720 priorem
2213 1682 2227 1696 .

508 1767 730 1832 quove
758 1745 960 1810 modo
989 1746 1243 1834 poterit.
1269 1746 1523 1833 pariter
1553 1768 1702 1810 cum
1731 1768 2022 1835 corpore
2053 1769 2326 1833 quoque

352 1878 451 1925 770
507 1862 899 1926 confirmata
926 1861 1222 1948 cupitum
1253 1861 1495 1926 aetatis
1526 1867 1805 1947 tangere
1834 1861 2068 1926 florem

509 1977 612 2041 vis
642 1976 839 2040 animi
856 2026 872 2054 ,
894 1976 1021 2041 nisi
1051 1976 1179 2040 erit
1207 1997 1490 2040 consors
1518 1975 1588 2039 in
1619 1976 1872 2063 origine
1899 1977 2164 2064 prima?

517 2091 763 2177 quidve
790 2090 975 2156 foras
1006 2090 1130 2155 sibi
1158 2090 1304 2155 vult
1328 2091 1641 2155 membris
1674 2091 1855 2155 exire
1885 2091 2174 2156 senectis
2190 2091 2224 2154 P

514 2228 600 2270 an
628 2207 864 2270 metuit
893 2205 1210 2270 conclusa
1235 2226 1504 2270 manere
1532 2206 1601 2269 in
1633 2226 1918 2293 corpore
1946 2206 2129 2293 putri
2146 2255 2162 2282 ‚

512 2329 580 2385 et
610 2320 850 2386 domus
881 2322 1122 2386 aetatis
1153 2321 1372 2408 spatio
1402 2341 1488 2384 ne
1514 2320 1698 2385 fessa
1724 2329 1995 2386 vetusto

355 2453 452 2499 775
510 2437 803 2502 obruat?
824 2444 895 2501 at
922 2457 1060 2500 non
1090 2442 1248 2500 sunt
1273 2435 1631 2500 immortali
1656 2436 1793 2500 ulla
1818 2435 2070 2524 pericla
2086 2486 2101 2500 .

595 2552 902 2637 Denique
934 2551 1220 2615 conubia
1249 2549 1339 2615 ad
1365 2549 1655 2615 Veneris
1683 2557 2057 2638 partusque
2082 2550 2370 2616 ferarum

513 2687 663 2730 esse
693 2666 944 2730 animas
972 2674 1207 2754 presto
1240 2664 1677 2730 deridiculum
1709 2687 1858 2730 esse
1887 2665 2158 2731 videtur
2176 2715 2194 2741 ,

513 2788 870 2868 expectare
898 2780 1291 2846 immortalis
1320 2781 1629 2845 mortalia
1654 2782 1952 2845 membra

509 2896 852 2960 innumero
882 2915 1159 2960 numero
1178 2945 1195 2972 ‚
1217 2902 1615 2981 certareque
1643 2903 2255 2984 praeproperanter

354 3027 452 3075 780
505 3012 684 3076 inter
710 3033 784 3076 se
815 3032 990 3098 quae
1018 3011 1233 3098 prima
1258 3012 1744 3099 potissimaque
1773 3010 2179 3088 insinuetur3

514 3128 570 3191 si
597 3149 736 3192 non
763 3126 940 3192 forte
969 3127 1065 3191 ita
1099 3135 1257 3192 sunt
1285 3127 1650 3191 animarum
1679 3124 1959 3191 foedera
1986 3133 2189 3214 pacta
2206 3174 2222 3200 ,

508 3250 586 3307 ut
616 3264 789 3328 quae
817 3243 1035 3330 prima
1059 3242 1297 3307 volans
1327 3240 1679 3305 advenerit
1703 3240 2075 3304 insinuetur

511 3357 724 3444 prima
741 3406 757 3433 ‚
777 3377 999 3441 neque
1026 3355 1202 3419 inter
1230 3376 1304 3418 se
1335 3352 1752 3419 contendant
1778 3354 2031 3418 viribus
2059 3355 2265 3420 hilum
2285 3405 2300 3418 .

596 3470 905 3556 Denique
933 3472 1002 3534 in
1031 3468 1307 3532 aethere
1335 3489 1473 3531 non
1502 3468 1706 3532 arbor
1725 3516 1741 3545 ‚
1762 3489 1901 3531 non
1931 3490 2227 3554 aequore
2257 3471 2435 3536 salso

359 3599 456 3646 785
511 3584 726 3648 nubes
756 3606 906 3649 esse
938 3589 1228 3669 queunt,
1249 3603 1376 3646 nec
1404 3583 1629 3671 pisces
1656 3582 1884 3649 vivere
1913 3584 1982 3648 in
2010 3586 2188 3651 arvis
2207 3635 2223 3662 ‚

512 3719 637 3763 nec
667 3721 867 3764 cruor
893 3700 963 3764 in
990 3698 1184 3784 lignis
1212 3719 1433 3783 neque
1464 3699 1646 3764 saxis
1678 3721 1880 3763 sucus
1908 3699 2131 3764 inesse
2149 3747 2163 3763 .

515 3822 769 3880 certum
799 3836 877 3879 ac
909 3812 1378 3901 dispositumst.
1405 3815 1521 3879 ubi
1552 3815 1854 3899 quicquit.
1882 3822 2146 3879 crescat
2175 3822 2245 3879 et
2270 3814 2429 3880 insit
2449 3865 2463 3878 .

517 3931 612 3994 sic
642 3929 838 3994 animi
867 3938 1108 3994 natura
1134 3930 1370 4015 nequit
1397 3930 1541 3994 sine
1571 3950 1858 4017 corpore
1888 3929 2048 3993 oriri

521 4047 666 4110 sola
693 4067 913 4131 neque
944 4067 984 4109 a
1010 4045 1238 4109 nervis
1268 4053 1336 4109 et
1366 4046 1688 4132 sanguine
1718 4044 2006 4130 longiter
2038 4066 2186 4110 esse
2206 4094 2220 4107 .

522 4330 621 4379 760
658 4326 749 4379 Sic
791 4326 813 4394 ΙΙ
862 4342 1091 4395 corpore
1140 4322 1160 4391 ΙΙ
1208 4329 1541 4376 763=746.
1575 4324 1597 4392 ΙΙ
1651 4329 1749 4375 764
1787 4321 1975 4393 paulus
2011 4322 2033 4391 ΙΙ
2071 4329 2169 4376 775
2208 4323 2310 4376 iam
2346 4321 2558 4375 mortali
2596 4323 2617 4390 ΙΙ
2655 4327 2752 4373 784

524 4411 576 4463 in
596 4409 733 4463 alto·
770 4410 792 4478 ΙΙ
830 4414 926 4462 785
967 4408 1125 4462 Nube
1160 4410 1181 4477 Η
1221 4412 1318 4460 789
1356 4406 1573 4478 longius
