3042 5192
1153 1276 1847 1478 T.LUGRET·1
1906 1354 2206 1436 CARI

674 1578 914 1678 DE
1024 1579 1718 1708 RERUM
1823 1580 2678 1684 NATURA

1208 1826 1517 1890 LIBER
1574 1828 2151 1893 SECUNDUS.

567 2280 830 2402 Suave
849 2388 864 2415 ‚
889 2340 1051 2403 mari
1080 2359 1320 2425 magno
1355 2340 1780 2404 turbantibus
1810 2362 2106 2426 aequora
2134 2345 2354 2407 ventis
2374 2392 2390 2415 ‚

567 2476 603 2516 e
635 2437 817 2517 terssa
847 2473 1157 2538 magnum
1187 2454 1458 2518 alterius
1491 2463 1798 2541 spectare
1828 2456 2159 2534 laborem3

560 2590 700 2631 non
730 2567 885 2654 quia
911 2569 1144 2632 vexari
1174 2579 1639 2654 quemquamst
1666 2568 1956 2633 iucunda
1983 2570 2296 2657 voluptas
2316 2620 2330 2645 ‚

565 2681 689 2745 sed
721 2682 960 2767 quibus
988 2684 1137 2769 ipse
1166 2683 1353 2746 malis
1383 2704 1617 2747 careas
1648 2684 1804 2768 quia
1833 2706 2105 2747 cernere
2136 2706 2340 2748 suave
2371 2694 2508 2749 est:

490 2813 519 2858 6
564 2817 769 2860 suave
801 2798 997 2861 etiam
1025 2798 1181 2862 belli
1211 2798 1575 2861 certamina
1603 2819 1846 2885 magna
1871 2798 2046 2862 tueri

489 2927 518 2972 5
561 2933 683 2997 per
713 2932 985 2999 campos
1013 2913 1375 2987 instructa,
1400 2919 1515 2975 tua
1546 2911 1689 2976 sine
1717 2922 1913 3001 parte
1941 2914 2207 3001 pericli:

486 3041 515 3087 7
562 3025 685 3089 sed
712 3026 805 3089 nil
834 3025 1094 3090 dulcius
1127 3035 1232 3091 est
1249 3077 1265 3103 ‚
1286 3027 1458 3091 bene
1491 3050 1692 3113 quam
1717 3030 1975 3094 munita
2002 3040 2231 3094 tenere

562 3139 743 3204 edita
772 3139 1080 3205 doctrina
1108 3143 1484 3229 sapientum
1514 3144 1765 3231 templa
1795 3166 2031 3208 serena
2049 3193 2065 3219 ‚

563 3253 911 3342 despicere
940 3256 1121 3320 unde
1154 3280 1364 3343 queas
1395 3259 1563 3322 alios
1592 3259 1974 3345 passimque
2003 3257 2233 3322 videre

454 3385 512 3431 10
559 3391 783 3434 errare
813 3380 1016 3457 atque
1045 3372 1218 3436 viam
1248 3373 1539 3459 palantis
1573 3393 1894 3456 quaerere
1921 3373 2098 3436 vitae
2117 3421 2134 3447 ‚

565 3494 824 3550 certare
854 3488 1119 3573 ingenio
1141 3536 1156 3562 ‚
1182 3485 1595 3551 contendere
1625 3487 1975 3550 nobilitate
1995 3535 2009 3561 ‚

564 3611 800 3665 noctes
830 3611 1034 3687 atque
1066 3601 1209 3665 dies
1238 3602 1362 3665 niti
1389 3607 1778 3688 praestante
1806 3600 2036 3666 labore

566 3714 654 3778 ad
685 3739 973 3781 summas
1004 3738 1343 3802 emergere
1374 3737 1542 3803 opes
1571 3737 1927 3801 rerumque
1958 3717 2192 3804 potiri.

570 3852 610 3893 o
641 3832 917 3897 miseras
946 3832 1287 3897 hominum
1315 3839 1576 3895 mentes
1597 3879 1611 3905 ‚
1636 3852 1676 3893 0
1706 3840 1989 3918 pectora
2018 3834 2251 3897 caeca!

465 3962 525 4007 15
572 3947 878 4030 qualibus
906 3948 975 4011 in
1004 3946 1298 4011 tenebris
1327 3947 1505 4010 vitae
1539 3947 1942 4033 quantisque
1969 3948 2234 4036 periclis

567 4059 832 4148 degitur
859 4062 994 4127 hoc
1024 4063 1169 4128 aevi
1203 4060 1390 4148 quod
1421 4064 1804 4148 cumquest!
1831 4084 2051 4127 nonne
2079 4060 2307 4126 videre

567 4177 660 4240 nil
688 4172 867 4242 aliud
899 4179 1020 4243 sibi
1052 4187 1357 4245 naturam
1385 4179 1636 4243 latrare
1656 4227 1670 4251 ‚
1693 4178 1818 4241 nisi
1847 4185 1923 4240 ut
1941 4225 1956 4251 ‚
1981 4177 2085 4239 cui

578 4428 638 4473 12
678 4421 925 4490 plabore.
964 4425 985 4491 ΙΙ
1028 4431 1087 4476 15
1127 4425 1371 4493 perietis.
1411 4424 1432 4491 ΙΙ
1472 4429 1532 4474 1‘1'
1572 4423 1687 4489 qui.
