3042 5192
595 453 688 521 92
1661 451 1755 520 111

589 625 701 711 qui
730 623 928 688 nimia
955 624 1227 690 levitate
1257 623 1512 689 cadunt
1538 624 1934 711 plerumque
1963 627 2291 713 gravatim
2309 676 2325 704 ,

584 760 710 803 nec
738 739 1038 825 repentis
1064 739 1229 804 itum
1258 739 1550 804 cuiusvis
1580 761 1865 826 cumque
1896 740 2248 806 animantis

585 854 906 918 sentimus
923 902 939 930 ,
963 875 1089 918 nec
1117 855 1313 942 priva
1339 853 1589 941 pedum
1616 855 1902 942 vestigia
1932 876 2243 942 quaeque
2263 905 2278 932 ‚

433 985 531 1033 390
587 989 874 1055 corpore
899 990 1073 1054 quae
1100 969 1171 1033 in
1199 976 1439 1034 nostro
1472 969 1720 1034 culices
1751 977 1820 1035 et
1848 977 2072 1035 cetera
2098 979 2394 1057 ponunt.

584 1104 801 1170 usque
831 1082 1002 1147 adeo
1032 1083 1220 1170 prius
1251 1091 1357 1149 est
1382 1084 1453 1148 in
1478 1084 1677 1150 nobis
1704 1084 1914 1149 multa
1944 1083 2251 1149 ciendum

430 1217 528 1264 393
585 1199 838 1264 semina
864 1200 1265 1285 corporibus
1292 1199 1549 1263 nostris
1576 1199 1853 1264 inmixta
1878 1220 2001 1286 per
2031 1207 2217 1266 artus
2235 1250 2251 1277 ‚

430 1332 527 1377 392
587 1335 787 1400 quam
814 1312 1180 1400 primordia
1209 1314 1579 1379 sentiscant
1608 1334 1938 1379 concussa
1965 1316 2205 1380 animai

430 1446 528 1493 394
584 1435 653 1493 et
681 1448 881 1513 quam
906 1429 977 1492 in
1007 1427 1115 1492 his
1141 1429 1510 1494 intervallis
1538 1427 1903 1493 tuditantia
1930 1430 2197 1516 possint

583 1563 987 1607 concursare
1020 1543 1202 1608 coire
1241 1549 1310 1606 et
1339 1540 1698 1607 dissultare
1725 1543 2015 1608 vicissim
2033 1545 2095 1630 .]

664 1656 757 1721 Et
783 1658 994 1743 magis
1026 1663 1132 1721 est
1158 1657 1415 1721 animus
1443 1656 1608 1721 vitai
1638 1656 1933 1722 claustra
1962 1664 2282 1724 coercens

585 1778 654 1836 et
683 1770 1131 1836 dominantior
1167 1770 1258 1835 ad
1284 1771 1489 1836 vitam
1519 1792 1720 1857 quam
1747 1772 1850 1836 vis
1884 1772 2155 1837 animai.

582 1908 736 1952 nam
767 1886 909 1950 sine
935 1894 1158 1951 mente
1187 1886 1543 1973 animoque
1564 1886 1802 1972 nequit
1829 1885 2129 1953 residere
2156 1910 2282 1976 per
2310 1897 2498 1955 artus

580 2002 904 2088 temporis
934 2001 1239 2088 exiguam
1266 2009 1532 2088 partem
1557 2022 1720 2088 pars
1747 2001 1886 2066 ulla
1913 2004 2154 2067 animai
2172 2053 2188 2080 ‚

428 2134 525 2181 400
581 2116 705 2182 sed
735 2136 960 2180 comes
988 2116 1366 2202 insequitur
1392 2114 1587 2181 facile
1619 2124 1688 2182 et
1716 2115 2004 2183 discedit
2030 2119 2100 2182 in
2129 2139 2327 2183 auras

582 2240 650 2297 et
677 2229 939 2319 gelidos
969 2238 1155 2295 artus
1187 2231 1258 2295 in
1284 2230 1401 2295 leti
1427 2230 1680 2317 frigore
1707 2230 1949 2317 linquit
1966 2280 1980 2294 .

579 2355 651 2412 at
675 2353 901 2411 manet
927 2347 996 2411 in
1022 2347 1164 2412 vita
1193 2347 1299 2410 cui
1325 2367 1513 2411 mens
1544 2346 1935 2432 animusque
1961 2348 2282 2412 remansit
2298 2397 2313 2411 .

580 2463 882 2548 quamvis
913 2470 1020 2527 est
1048 2461 1296 2526 circum
1322 2462 1538 2526 caesis
1563 2461 1748 2526 lacer
1775 2460 2072 2548 undique
2098 2462 2412 2528 membris

578 2586 856 2642 truncus
874 2625 891 2653 ,
913 2575 1231 2663 adempta
1256 2576 1474 2640 anima
1501 2576 1750 2640 circum
1776 2577 2226 2664 membrisque
2254 2585 2514 2643 remota

424 2710 521 2756 405
574 2692 740 2757 vivit
768 2700 837 2756 et
864 2692 1078 2756 aerias
1103 2690 1326 2756 vitalis
1355 2690 1636 2777 suscipit
1664 2712 1895 2757 auras:

580 2806 637 2871 si
663 2828 801 2871 non
831 2804 1227 2870 omnimodis
1245 2854 1261 2882 ,
1284 2813 1358 2870 at
1383 2826 1628 2892 magna
1655 2815 1850 2893 parte
1881 2807 2120 2871 animai

578 2921 882 3007 privatus
901 2969 916 2996 ‚
938 2927 1166 2985 tamen
1190 2921 1261 2985 in
1286 2921 1429 2986 vita
1457 2928 1814 2986 cunctatur
1845 2929 1915 2987 et
1941 2922 2213 2999 haeret3

576 3043 686 3113 ut,
708 3035 1004 3100 lacerato
1036 3036 1231 3101 oculo
1263 3036 1512 3101 circum
1542 3037 1599 3101 si
1628 3037 1882 3124 pupula
1907 3036 2153 3102 mansit

578 3151 925 3216 incolumis
943 3201 959 3229 ,
983 3159 1121 3217 stat
1150 3151 1474 3216 cernundi
1501 3152 1730 3217 vivata
1756 3160 2065 3239 potestas
2083 3202 2098 3229 ‚

424 3285 521 3331 410
577 3265 736 3330 dum
761 3265 966 3331 modo
996 3288 1082 3330 ne
1110 3274 1329 3330 totum
1359 3287 1753 3351 corrumpas
1782 3267 2044 3331 luminis
2073 3268 2305 3332 orbem
2323 3317 2340 3344 ,

579 3388 648 3445 et
677 3381 924 3445 circum
952 3380 1198 3445 caedas
1228 3381 1435 3444 aciem
1464 3380 1810 3466 solamque
1840 3380 2213 3466 relinquas:

423 3511 519 3558 413
575 3501 646 3558 at
676 3495 732 3558 si
761 3495 1023 3558 tantula
1050 3515 1210 3580 pars
1240 3495 1413 3558 oculi
1441 3492 1662 3558 media
1688 3494 1800 3559 illa
1827 3516 2069 3581 peresa
2098 3505 2235 3572 est,

580 3608 828 3673 occidit
857 3609 1191 3695 extemplo
1222 3607 1443 3672 lumen
1470 3610 1928 3696 tenebraeque
1958 3619 2279 3677 secuntur
2295 3661 2310 3675 .

426 3741 524 3788 416
577 3723 712 3789 hoc
743 3725 959 3789 anima
988 3732 1193 3810 atque
1222 3723 1479 3788 animus
1507 3724 1715 3789 vincti
1745 3733 1904 3789 sunt
1930 3725 2206 3791 foedere
2233 3747 2500 3813 semper
2518 3775 2531 3788 .

659 3839 857 3905 Nunc
886 3861 1009 3926 age
1028 3890 1043 3917 ‚
1064 3839 1334 3904 nativos
1363 3839 1805 3905 animantibus
1837 3848 1907 3905 et
1933 3841 2232 3907 mortalis

585 4195 679 4242 391
720 4187 939 4241 ciendo.
996 4189 1017 4260 ΙΙ
1072 4194 1171 4242 394
1208 4188 1282 4243 Et
1317 4190 1528 4261 quantis
1574 4187 1594 4258 ΙΙ
1644 4193 1743 4241 399
1781 4189 2005 4260 exigiam
2055 4187 2075 4259 ΙΙ
2124 4193 2224 4243 400
2261 4204 2292 4241 9
2340 4187 2362 4258 ΙΙ
2412 4192 2509 4241 403
2548 4195 2751 4242 cretum
2791 4183 2811 4252 ΙΙ

586 4280 685 4327 404
720 4281 918 4327 remot.
956 4273 977 4346 ΙΙ
1017 4282 1115 4328 405
1152 4276 1416 4330 aetherias
1453 4274 1474 4344 ΙΙ
1512 4281 1612 4328 412
1650 4273 1714 4327 Id
1751 4291 1960 4345 quoque
1995 4274 2134 4326 enim
2169 4274 2287 4327 sinc
2308 4272 2542 4343 pernicie
2575 4290 2688 4325 11011
2723 4273 2812 4325 fiet

585 4374 792 4410 corum.
840 4353 861 4425 ΙΙ
911 4366 1009 4411 415
1047 4358 1334 4413 Incolumis
1373 4358 1611 4430 quamvis
1647 4356 1839 4427 alioqui
1876 4355 2186 4428 splendidus
2224 4357 2395 4409 orbis.
2453 4352 2476 4424 ΙΙ
2532 4362 2630 4408 417
2668 4372 2810 4409 mor·

584 4440 803 4495 talibus,
