3042 5192
119 1028 174 1071 55

12 2190 13 2217 1
110 2174 169 2217 (35

12 3325 163 3393 j75

101 3902 159 3947 ⁸0

1344 489 1377 558 I

229 686 317 729 ne
344 686 507 728 mea
537 662 719 729 dona
746 663 868 727 tibi
896 659 1121 726 studio
1155 660 1464 748 disposta
1490 662 1698 739 fideli,

230 779 585 844 intellecta
612 778 797 864 prius
828 798 1028 862 quam
1058 777 1222 853 sint,
1246 785 1632 865 contempta
1658 780 1997 864 relinquas
2015 832 2028 845 .

233 917 389 958 nam
420 894 547 958 tibi
579 892 664 956 de
694 912 951 956 summa
980 892 1145 955 caeli
1171 893 1434 956 ratione
1466 891 1799 978 deumque

236 1009 581 1074 disserere
608 1008 916 1094 incipiam
933 1055 950 1081 ‚
980 1014 1047 1070 et
1072 1027 1295 1071 rerum
1324 1007 1691 1092 primordia
1716 1008 2039 1093 pandam,

230 1122 417 1186 unde
450 1123 668 1187 omnis
700 1130 942 1185 natura
969 1128 1156 1184 creet
1180 1142 1322 1197 res,
1347 1129 1603 1197 auctet,
1628 1123 1927 1207 alatque,

230 1260 462 1323 quove
497 1236 731 1301 eadem
758 1257 1025 1300 rursum
1050 1242 1296 1299 natura
1323 1246 1674 1322 perempta
1701 1237 2032 1315 resolvat3

230 1373 409 1438 quae
438 1374 573 1417 nos
599 1350 941 1416 materiem
972 1359 1039 1415 et
1068 1351 1381 1437 genitalia
1410 1372 1699 1437 corpora
1726 1353 1928 1418 rebus

232 1466 602 1531 reddunda
628 1467 699 1530 in
726 1466 985 1531 ratione
1012 1486 1258 1530 vocare
1290 1475 1359 1531 et
1387 1466 1642 1531 semina
1666 1488 1888 1532 rerum

233 1582 582 1669 appellare
611 1586 878 1645 suemus
910 1588 980 1645 et
1004 1579 1174 1645 haee
1205 1579 1439 1645 eadem
1464 1601 1793 1667 usurpare

228 1719 527 1784 corpora
553 1696 767 1782 prima
784 1745 800 1771 ‚
823 1695 1014 1781 quod
1043 1718 1128 1761 ex
1153 1697 1280 1761 illis
1310 1703 1469 1761 sunt
1498 1697 1720 1761 omnia
1745 1697 2000 1783 primis.

310 1812 627 1876 Humana
655 1818 812 1875 ante
843 1810 1074 1875 oeulos
1102 1809 1305 1876 foede
1335 1833 1483 1876 eum
1509 1813 1649 1876 vita
1676 1811 1926 1876 iaceret

227 1928 297 1991 in
328 1928 535 1992 terris
567 1947 897 2013 oppressa
925 1927 1113 2012 gravi
1144 1926 1268 1991 sub
1299 1926 1647 2013 religione,

229 2064 405 2127 quae
438 2050 645 2128 caput
671 2063 711 2106 a
740 2041 906 2106 caeli
933 2041 1319 2126 regionibus
1350 2040 1756 2106 ostendebat

228 2157 538 2222 horribili
567 2179 771 2243 super
800 2164 1079 2243 aspectu
1107 2157 1501 2222 mortalibus
1529 2157 1789 2221 instans
1808 2207 1822 2231 ‚

222 2274 515 2358 primum
546 2272 789 2336 Graius
817 2271 1020 2336 homo
1051 2271 1352 2335 mortalis
1380 2270 1664 2335 tendere
1695 2279 1932 2336 eontra

229 2397 335 2453 est
368 2388 603 2453 oeulos
633 2409 837 2452 ausus
868 2387 1258 2473 primusque
1288 2387 1624 2452 obsistere
1657 2394 1922 2461 contra;

227 2526 432 2589 quem
464 2524 686 2588 neque
714 2502 872 2567 fana
903 2501 1100 2567 deum
1127 2524 1254 2567 nee
1280 2501 1555 2565 fulmina
1581 2522 1709 2565 nee
1736 2500 2064 2565 minitanti

225 2639 564 2684 murmure
596 2617 996 2703 compressit
1024 2618 1309 2693 eaelum,
1332 2615 1458 2682 sed
1489 2638 1570 2681 eo
1601 2618 1810 2703 magis
1840 2637 2065 2688 aerem

227 2735 461 2799 inritat
489 2732 688 2798 animi
714 2733 1031 2797 virtutem
1045 2781 1063 2807 ‚
1086 2732 1436 2818 effringere
1465 2740 1543 2797 ut
1571 2740 1720 2796 arta

226 2858 510 2912 naturae
539 2849 790 2934 primus
818 2847 1165 2933 portarum
1196 2848 1491 2912 claustra
1520 2847 1809 2932 cupiret.

226 2984 397 3049 ergo
427 2962 649 3027 vivida
690 2964 794 3027 vis
823 2961 1019 3027 animi
1045 2963 1356 3048 pervicit,
1381 2970 1449 3025 et
1479 2969 1672 3024 extra

226 3078 565 3166 processit
589 3078 790 3163 longe
819 3077 1223 3143 flammantia
1248 3076 1513 3139 moenia
1539 3074 1770 3139 mundi

224 3204 432 3278 atque
464 3213 659 3256 omne
688 3193 1081 3257 immensum
1107 3189 1494 3278 peragravit
1520 3196 1743 3253 mente
1774 3189 2159 3273 animoque3

223 3307 407 3374 unde
438 3307 648 3372 refert
673 3308 870 3372 nobis
898 3308 1115 3373 vietor
1144 3304 1310 3393 quid
1337 3305 1556 3392 possit
1579 3305 1770 3380 oriri,

223 3422 394 3510 quid
422 3432 746 3509 nequeat,
767 3423 955 3487 finita
981 3429 1290 3509 potestas
1321 3420 1611 3506 denique
1643 3421 1882 3506 cuique

220 3559 363 3624 qua
390 3559 545 3603 nam
574 3538 663 3602 sit
691 3538 951 3603 ratione
983 3546 1187 3623 atque
1216 3538 1350 3601 alte
1378 3536 1701 3601 terminus
1728 3536 2041 3600 haerens.

221 3675 435 3739 quare
464 3654 695 3740 religio
725 3652 1013 3740 pedibus
1043 3653 1341 3717 subiecta
1368 3651 1656 3716 vicissim

224 3770 591 3856 opteritur‚
613 3792 740 3834 nos
772 3776 1109 3855 exaequat
1134 3768 1421 3833 victoria
1463 3768 1649 3832 eaelo
1668 3816 1681 3830 .

308 3884 486 3949 Illud
514 3886 585 3948 in
612 3885 720 3949 his
747 3886 952 3949 rebus
979 3904 1222 3948 vereor
1239 3932 1254 3959 ‚
1275 3904 1363 3946 ne
1390 3881 1570 3946 forte
1600 3883 1808 3947 rearis

222 4000 405 4087 inpia
432 4009 504 4065 te
533 4000 814 4064 rationis
842 4001 1008 4064 inire
1040 3999 1363 4063 elementa
1391 3998 1699 4082 viamque

224 4113 587 4202 indugredi
616 4115 921 4180 sceleris.
967 4113 1157 4200 quod
1186 4122 1422 4179 contra
1451 4113 1718 4199 saepius
1745 4113 1852 4178 illa

223 4390 289 4437 66
326 4384 521 4439 tollere
575 4384 595 4451 Η
654 4388 720 4436 68
768 4383 904 4437 fama
959 4384 980 4454 Η
1035 4391 1099 4439 70
1148 4384 1487 4456 confringere
1541 4386 1561 4453 ΙΙ
1617 4391 1676 4438 71
1718 4392 1963 4456 cuperet.
2017 4386 2037 4453 ΙΙ
2093 4391 2154 4437 74
2195 4400 2400 4436 omnem
2440 4385 2458 4451 ΙΙ

224 4475 287 4522 77
328 4468 605 4534 Quantum
