3042 5192
568 489 665 558 98
1635 484 1731 554 ΙΠ

566 664 634 725 in
663 682 737 726 se
767 661 1046 725 animam
1078 666 1280 744 atque
1308 659 1377 721 in
1408 679 1527 721 eos
1555 647 1808 746 p'oterit
1837 657 2245 722 concludere
2273 667 2497 724 motus
2517 710 2532 734 2

420 796 516 840 575
576 798 749 862 quos
780 782 937 839 ante
965 776 1033 838 in
1061 774 1285 838 nervis
1316 781 1385 837 et
1410 773 1479 836 in
1508 774 1659 860 ipso
1690 793 1977 859 corpore
2007 774 2283 859 agebat.

567 912 775 976 quare
806 890 1002 954 etiam
1032 897 1235 973 atque
1266 889 1462 952 etiam
1490 887 1791 951 resoluto
1822 888 2127 975 corporis
2158 891 2336 953 omni

568 1006 855 1091 tegmine
888 1012 955 1068 et
985 1004 1212 1068 eiectis
1243 1011 1436 1067 extra
1463 1002 1779 1066 vitalibus
1809 1002 1988 1066 auris
2072 979 2084 990 ⁸

568 1118 845 1183 dissolui
874 1141 1112 1183 sensus
1140 1118 1338 1182 animi
1367 1117 1625 1182 fateare
1651 1124 2000 1182 necessest

567 1243 770 1319 atque
800 1234 1082 1297 animam
1100 1283 1116 1309 ,
1140 1235 1456 1318 quoniam
1485 1232 1907 1297 coniunctast
1936 1251 2140 1295 causa
2169 1230 2466 1297 duobuS.

414 1367 509 1414 580
645 1349 953 1433 Denique
985 1369 1131 1411 cum
1163 1370 1410 1436 corpus
1439 1354 1734 1433 nequeat
1760 1346 2064 1433 perferre
2093 1346 2330 1410 animai

569 1461 920 1526 discidium
938 1511 954 1536 ‚
979 1462 1137 1546 quin
1165 1463 1235 1525 in
1264 1469 1482 1526 taetro
1514 1463 1825 1526 tabescat
1854 1461 2066 1525 odore
2086 1510 2100 1536 ,

569 1576 733 1662 quid
763 1576 1032 1640 dubitas
1064 1577 1222 1661 quin
1254 1597 1338 1639 ex
1364 1576 1495 1639 imo
1524 1577 1929 1661 penitusque
1960 1583 2200 1640 coorta

568 1691 891 1755 emanarit
917 1691 1014 1755 uti
1041 1689 1262 1753 fumus
1296 1688 1536 1753 diffusa
1567 1692 1822 1754 animae
1850 1691 1952 1754 vis
1971 1739 1987 1766 ,

567 1813 772 1891 atque
800 1804 952 1868 ideo
981 1812 1174 1868 tanta
1198 1810 1527 1868 mutatum
1555 1813 1753 1892 putre
1784 1806 1976 1869 ruina

414 1939 509 1984 585
566 1919 934 1985 conciderit
963 1941 1209 2006 corpus
1229 1968 1244 1994 ‚
1266 1919 1536 2004 penitus
1568 1920 1723 2004 quia
1749 1928 1936 1984 mota
1965 1920 2113 1984 loco
2145 1928 2302 1984 sunt

565 2033 1035 2109 fundamenta,
1057 2033 1243 2098 foras
1272 2042 1588 2099 manante
1618 2035 1832 2098 anima
1864 2056 2076 2119 usque
2105 2055 2231 2120 per
2259 2041 2448 2099 artus

564 2171 822 2237 perque
850 2149 1107 2213 viarum
1137 2150 1349 2213 omnis
1378 2148 1594 2214 flexus
1614 2199 1630 2224 ‚
1651 2149 1720 2212 in
1750 2170 2036 2235 corpore
2068 2150 2181 2234 qui
2212 2157 2402 2222 sunt,

568 2274 772 2351 atque
801 2264 1175 2329 foramina?
1193 2262 1603 2327 multimodis
1631 2272 1709 2328 ut
1734 2284 2017 2328 noscere
2044 2264 2270 2350 possis

566 2378 986 2466 dispertitam
1017 2379 1272 2442 animae
1300 2386 1610 2442 naturam
1640 2380 1858 2446 exisse
1889 2400 2011 2464 per
2040 2385 2228 2443 artus
2246 2427 2261 2450 ‚

412 2510 509 2557 590
566 2502 635 2558 et
661 2495 847 2580 prius
879 2514 1027 2557 esse
1057 2493 1181 2557 sibi
1212 2492 1602 2558 distractam
1634 2514 1921 2579 corpore
1948 2494 2018 2557 in
2044 2495 2193 2578 ipso
2213 2542 2229 2568 ‚

569 2630 769 2693 quam
795 2608 1117 2695 prolapsa
1142 2607 1328 2672 foras
1361 2616 1593 2673 enaret
1619 2609 1688 2672 in
1717 2609 1890 2673 aeris
1921 2630 2117 2673 auras
2137 2657 2151 2671 .

564 2724 724 2808 quin
754 2723 949 2786 etiam
975 2722 1125 2786 finis
1155 2721 1312 2787 dum
1338 2723 1517 2788 vitae
1546 2724 1831 2788 vertitur
1857 2724 2035 2788 intra
2052 2772 2068 2798 ‚

567 2857 770 2924 saepe
800 2837 1022 2922 aliqua
1051 2849 1275 2902 tamen
1306 2859 1342 2901 e
1373 2859 1579 2902 causa
1605 2838 1939 2904 labefacta
1965 2836 2233 2902 videtur

562 2953 661 3016 ire
692 2952 908 3016 anima
936 2973 1014 3015 ac
1044 2959 1193 3017 toto
1226 2953 1396 3018 solui
1429 2952 1514 3017 de
1547 2975 1834 3040 corpore
1863 2952 2033 3017 velle
2052 3001 2068 3026 ‚

409 3082 506 3130 595
564 3076 633 3133 et
663 3069 854 3153 quasi
884 3090 1197 3156 supremo
1226 3067 1663 3154 languescere
1693 3077 1993 3154 tempore
2021 3066 2246 3131 voltus
2266 3115 2282 3140 ‚

555 3184 913 3268 molliaque
945 3184 1268 3268 exsangui
1295 3191 1538 3247 trunco
1571 3183 1815 3247 cadere
1846 3184 2066 3246 omnia
2091 3181 2388 3245 membra
2406 3230 2419 3243 .

563 3295 752 3382 quod
780 3318 991 3383 genus
1022 3305 1160 3373 est,
1184 3297 1401 3360 animo
1431 3296 1601 3360 male
1630 3297 1881 3360 factum
1912 3318 2060 3360 cum
2088 3296 2479 3383 perhibetur

561 3418 678 3474 aut
707 3410 986 3474 animam
1014 3410 1324 3495 liquisse3
1347 3409 1462 3473 ubi
1490 3411 1620 3473 iam
1649 3407 2025 3496 trepidatur
2055 3417 2123 3473 et
2153 3431 2381 3473 omnes

560 3530 930 3588 extremum
963 3524 1240 3610 cupiunt
1264 3524 1443 3588 vitae
1474 3522 2014 3609 repraehendere
2043 3525 2363 3588 vinclum:

404 3653 501 3699 eoo
559 3645 1049 3722 conquassatur
1079 3636 1251 3700 enim
1279 3645 1419 3701 tum
1448 3659 1636 3704 mens
1666 3641 2054 3726 animaeque
2082 3646 2391 3725 potestas

562 3753 774 3816 omnis
793 3801 808 3827 ‚
833 3759 900 3815 et
927 3751 1096 3814 haec
1123 3750 1273 3836 ipso
1305 3772 1454 3815 cum
1486 3774 1773 3838 corpore
1804 3754 2086 3819 conlabe
2115 3754 2317 3829 fiunt3

559 3874 636 3930 ut
665 3867 933 3952 gravior
960 3865 1162 3950 paulo
1190 3867 1411 3953 possit
1442 3867 1812 3932 dissolvere
1844 3889 2046 3933 causa
2064 3918 2078 3932 .

560 3980 722 4065 quid
752 3980 1020 4045 dubitas
1052 3979 1323 4045 tandem
1353 3983 1514 4068 quin
1546 3992 1737 4048 extra
1763 3982 2038 4069 prodita
2067 4004 2316 4068 corpus

560 4289 657 4335 574
696 4282 833 4335 Sese
867 4284 1039 4337 anima
1092 4283 1112 4352 ΙΙ
1170 4290 1270 4337 576
1311 4287 1462 4350 Quae
1499 4286 1519 4356 ΙΙ
1572 4294 1670 4341 578
1696 4289 1883 4341 satiare
1920 4289 1939 4358 ΙΙ
1990 4294 2090 4341 580
2115 4305 2319 4359 nequea
2356 4287 2376 4358 ΙΙ
2415 4292 2512 4338 582
2539 4303 2604 4339 ea
2628 4287 2733 4339 imo
2770 4283 2790 4352 ΙΙ

559 4372 657 4419 583
696 4366 870 4418 anima
894 4368 1033 4421 eius.
1075 4367 1094 4438 Η
1135 4375 1233 4420 586
1259 4379 1475 4423 manant
1498 4371 1803 4440 animaeque
1839 4370 1859 4439 ΙΙ
1899 4379 1996 4425 594
2023 4389 2249 4442 corpore
2278 4371 2454 4424 omnia
2478 4370 2741 4423 membra.
2772 4371 2790 4438 ΙΙ

556 4455 654 4502 596
693 4450 943 4520 easangui
983 4452 1004 4522 ΙΙ
1041 4459 1232 4504 trunco
1270 4461 1538 4507 omis-sum.
1579 4451 1601 4523 ss
1640 4461 1734 4507 597
1772 4456 2005 4525 peribet.
