3042 5192
1336 417 1431 485 111
2355 423 2491 493 183

261 610 466 653 versu
495 588 620 653 805
651 588 934 653 Itmctwn
957 589 1026 652 in
1045 590 1309 654 'concilio
1333 638 1354 670 ,
1398 590 1521 655 905
1561 592 1740 672 Quod
1772 614 1956 678 super
1983 605 2069 657 est
2089 641 2108 675 ‚
2146 594 2270 659 949
2297 597 2499 684 Atque

258 689 443 752 etiam
467 735 490 768 ,
531 687 661 751 nisi
702 684 890 772 quod
929 707 1167 751 versus
1209 687 1333 750 905
1365 688 1434 750 in
1476 688 1768 775 oblongo
1807 691 2046 755 litteris
2077 694 2497 760 currentibus

257 786 556 872 scriptus
588 792 692 850 est
711 832 728 860 ‚
750 782 874 847 949
896 783 1266 849 uncialibus
1291 792 1361 849 et
1382 788 1806 853 currentibus
1827 790 2175 874 permixtis
2195 841 2208 855 .
2232 793 2301 855 in
2324 794 2495 859 libro

258 890 505 969 quarto
531 883 766 968 quinto
793 890 1128 968 sextoque
1149 882 1346 947 huius
1368 882 1555 949 modi
1582 885 1748 949 nihil
1767 887 2134 953 invenitur:
2168 887 2254 954 de
2275 892 2490 977 primo

257 989 326 1045 et
355 981 664 1046 secundo
695 979 835 1045 dixi
864 981 955 1045 ad
982 1004 1056 1057 11,
1069 980 1152 1045 42
1171 1031 1185 1046 .

423 1080 567 1145 760.
628 1080 769 1144 S1o
828 1101 1142 1144 Annus
1192 1103 1570 1146 nonnum
1622 1106 1928 1148 mezur
1986 1107 2069 1149 m
2128 1108 2491 1152 com-0122

254 1201 568 1243 snum-:R
597 1227 612 1241 .
651 1178 730 1242 In
758 1199 1128 1242 ooaronA
1158 1187 1503 1244 corrector
1533 1180 1845 1266 quadrati
1876 1190 1946 1247 et
1970 1183 2121 1249 Itali
2157 1193 2313 1249 ante
2343 1185 2489 1249 Ma-

163 1344 170 1355 ,
252 1277 500 1343 tullum
519 1324 533 1340 .
567 1276 712 1339 Su«
741 1274 918 1339 idem
945 1274 1271 1340 Marullus
1291 1326 1305 1340 .

423 1375 567 1439 763.
598 1374 685 1438 81
715 1395 875 1438 non
905 1396 1169 1439 omn
1199 1396 1346 1439 suo
1379 1396 1578 1450 Qun
1607 1397 1903 1440 snmus
1940 1399 2486 1456 snmmooun.

249 1473 432 1538 Huic
459 1472 719 1547 versui,
744 1492 943 1557 quem
971 1469 1330 1536 delendum
1360 1493 1510 1537 esse
1538 1493 1650 1537 res
1677 1473 1828 1559 ipsa
1855 1475 2131 1551 elamat,
2160 1477 2485 1543 Marullus

253 1593 408 1636 eum
439 1571 744 1635 subicere
772 1569 1003 1661 maluit
1033 1570 1148 1656 qui
1174 1568 1390 1646 hune,
1418 1570 1535 1635 ubi
1573 1592 1696 1635 suo
1729 1572 1880 1636 loeo
1908 1574 2174 1660 positus
2212 1582 2349 1650 est,
2381 1597 2486 1641 se-

251 1670 487 1756 quitur
509 1668 648 1742 747,
676 1654 821 1732 tum
847 1675 1206 1754 utrumque
1236 1668 1593 1733 collocavit
1616 1676 1781 1756 post
1810 1691 1959 1734 eum
1991 1693 2189 1757 quem
2215 1674 2365 1737 libri
2396 1675 2481 1738 ab

247 1767 388 1832 hoe
416 1766 793 1859 proximum
820 1764 1107 1842 faciunt,
1138 1766 1326 1830 euius
1355 1766 1754 1854 principium
1785 1776 1892 1833 est
1918 1770 2059 1835 Nec
2085 1781 2211 1835 tam
2238 1772 2480 1836 docum.

250 1873 392 1931 tam
422 1885 694 1929 eaeeum
723 1863 962 1928 ducem
990 1869 1254 1929 ceteros
1283 1865 1476 1951 sequi
1502 1864 1850 1951 indignor.

421 1962 561 2026 764.
612 1960 783 2026 Nnc
840 1983 1002 2026 TAM
1057 1983 1371 2027 noo-rus
1426 1985 1639 2039 noun
1698 1986 2014 2029 rAuLus
2050 2012 2064 2027 .
2117 1965 2222 2029 Ne
2270 1966 2485 2052 prima

244 2082 450 2126 manu
508 2060 842 2145 oblongus
878 2107 892 2121 .
941 2070 1141 2125 tamen
1199 2058 1573 2145 quadratus
1608 2110 1622 2124 .
1670 2084 1975 2126 ponnus
2031 2062 2183 2128 Itali
2243 2072 2311 2128 et
2362 2066 2481 2129 im-

295 2181 472 2224 ressi
491 2207 506 2222 .

245 2184 294 2248 p
419 2256 559 2320 765.
589 2277 953 2320 unum-:u-
984 2255 1137 2319 Hoe
1168 2255 1515 2321 confirmat
1543 2255 1906 2321 Diomedes
1935 2281 2000 2344 p.
2027 2258 2183 2322 334:
2213 2257 2477 2324 Nonius

243 2380 312 2444 p.
332 2354 529 2429 181‚5
556 2365 812 2418 memes.
845 2375 1002 2419 mox
1032 2351 1405 2437 quadratus
1444 2355 1839 2442 Confuqiant.

416 2451 558 2516 775.
589 2472 689 2515 Ar
731 2472 888 2514 non
928 2472 1132 2514 surm·
1176 2472 1694 2516 munos-riam
1732 2474 1944 2517 ULLA
1985 2475 2366 2519 rnmcLA.
2394 2454 2475 2518 In

241 2551 543 2637 oblongo
589 2556 964 2614 correctum
982 2587 1015 2625 ·‚
1062 2557 1129 2613 et
1155 2547 1446 2614 fortasse
1474 2572 1675 2613 manu
1703 2551 1918 2635 prima
1943 2597 1960 2625 ‚
2001 2562 2141 2617 §ww
2173 2575 2472 2616 union-

242 2672 442 2714 'rALl
471 2698 486 2712 .
529 2650 601 2712 in
642 2647 864 2712 Ovidii
901 2645 1339 2733 metamorph.
1381 2671 1490 2722 xv,
1515 2648 1633 2711 139
1675 2656 1859 2712 reete
1904 2656 2113 2735 agunt
2153 2651 2267 2735 qui
2311 2651 2472 2714 sori-

237 2746 542 2812 bendum
583 2744 885 2810 iudicant
921 2745 1178 2809 Audetis
1211 2747 1369 2810 vesci
1403 2770 1598 2831 qenus
1636 2747 1976 2812 inmortale
1998 2794 2019 2827 ,
2054 2747 2171 2811 ubi
2199 2747 2471 2813 codices

238 2870 277 2912 ο
305 2845 566 2910 mortale
583 2891 598 2907 .

415 2941 557 3006 784.
601 2962 762 3004 Nox
807 2962 1183 3015 Anouonss
1229 2962 1315 3003 IN
1360 2960 1567 3004 Ani-o
1611 2939 1840 3004 Num:
1888 2963 2076 3005 nssss
2123 2963 2468 3017 onnon-r.

237 3040 432 3106 Infra
482 3040 552 3102 in
602 3038 773 3103 libro
802 3060 847 3102 v
875 3086 893 3114 ‚
934 3038 1048 3102 ubi
1089 3037 1160 3101 hi
1201 3059 1437 3103 versus
1476 3038 1806 3102 iterantur
1833 3086 1848 3113 ‚
1893 3039 2011 3103 129
2049 3030 2172 3103 no'n
2208 3062 2472 3126 aequore

240 3159 499 3204 sanso
541 3134 823 3200 Nunns
877 3160 1001 3201 esse
1055 3148 1281 3222 queunt
1309 3184 1323 3199 .
1365 3134 1500 3201 hoe
1546 3134 2061 3222 praeferendum
2120 3143 2225 3200 est
2255 3183 2271 3210 ‚
2314 3137 2470 3222 quia
2554 3128 2561 3133 ’

235 3244 450 3324 poeta
475 3257 708 3322 aequor
733 3235 960 3299 salsum
989 3233 1390 3319 aliquotiens
1420 3232 1592 3298 (lixit
1614 3281 1629 3309 ‚
1661 3237 1853 3300 altwm
1877 3254 2239 3318 numquam
2258 3282 2272 3296 .

416 3333 557 3399 789.
607 3353 956 3397 Lonoms
1007 3354 1194 3397 Essn
1232 3380 1245 3393 .
1296 3331 1454 3396 Non
1503 3332 1698 3396 aliter
1749 3332 2071 3418 seriptum
2112 3332 2184 3395 in
2231 3355 2295 3408 v,
2315 3332 2466 3397 133.

237 3431 376 3499 sed
415 3439 605 3497 reete
639 3425 930 3518 ‘quidam
975 3429 1184 3496 doeti’
1227 3429 1410 3516 apud
1451 3429 1844 3495 Lambinum
1887 3451 2306 3494 nonenim
2334 3478 2352 3506 ,
2392 3438 2470 3494 ut

235 3553 450 3597 versu
485 3531 642 3595 676.

413 3628 556 3693 790.
602 3628 829 3708 Quoi)
872 3649 942 3692 si
981 3648 1283 3691 rossnr
1312 3673 1328 3700 ‚
1370 3648 1570 3690 mnu
1609 3648 1872 3691 murro
1915 3646 2187 3690 rmus.
2217 3623 2467 3689 Wake-

237 3726 488 3794 fieldus
541 3748 691 3792 eum
733 3725 871 3790 suis
912 3725 1178 3790 soloeee
1225 3725 1405 3804 Quod
1441 3727 1496 3789 si
1526 3736 1730 3811 posset
1767 3725 1928 3788 enim
1956 3771 1977 3804 ,
2019 3724 2207 3788 multo
2236 3725 2423 3808 prius
2451 3771 2465 3785 .

237 3827 510 3914 priores
539 3846 690 3889 eum
717 3823 1005 3888 Marullo
1036 3823 1177 3887 Hoc
1202 3823 1258 3887 εἰ
1271 3833 1478 3908 posset
1502 3824 1698 3903 enim,
1730 3820 1917 3907 quod
1946 3829 2130 3886 certe
2159 3820 2470 3884 Latinum

242 3931 354 3988 est
386 3972 401 3988 .
444 3922 654 4008 siquis
697 3922 793 3986 ita
817 3928 896 3986 ut
924 3942 1130 4007 supra
1158 3919 1289 3984 feei
1318 3919 1718 4006 distinguat,
1748 3921 1909 3984 enim
1939 3918 2468 3993 adversativum,

239 4021 332 4086 de
364 4043 503 4106 quo
532 4041 671 4083 non
702 4021 866 4085 satis
892 4018 1205 4083 distinete
1237 4019 1372 4103 egit
1391 4017 1701 4083 Handius
1728 4018 1799 4081 in
1821 4016 2182 4081 Tursellini
2208 4024 2391 4081 tomo
2416 4039 2468 4079 11

237 4143 308 4207 p.
325 4119 481 4193 397,
523 4118 594 4182 in
635 4117 921 4204 apodosi
958 4118 1178 4182 locum
1204 4115 1456 4182 habere
1484 4138 1622 4181 non
1648 4115 1920 4181 videtur
1951 4163 1966 4178 .
2012 4114 2220 4178 miror
2247 4120 2468 4177 autem

242 4215 536 4281 eundem
573 4215 913 4280 Handium
957 4214 1220 4279 Gifanio
1266 4214 1540 4300 eiusque
1585 4214 1903 4280 similibus
1950 4209 2227 4277 credere
2279 4210 2348 4272 in
2390 4209 2467 4273 li·

237 4316 368 4380 bro
391 4337 465 4379 Vl
493 4313 788 4379 Lucretii
820 4314 977 4379 1277
1008 4313 1104 4378 sio
1134 4311 1698 4398 distinguentibus
1727 4361 1744 4387 ‚
1785 4314 1946 4375 enim
1968 4330 2264 4395 praesen-s
2295 4307 2472 4370 dolor

241 4412 622 4500 exuperabat
644 4461 665 4493 ,
710 4413 1103 4498 praesertim
1148 4433 1297 4476 cum
1323 4410 1543 4477 Plauti
1573 4408 2005 4476 Nervolariae
2048 4428 2134 4470 ex
2162 4403 2469 4469 Varrone
