<?xml version="1.0" encoding="UTF-8"?>
<!DOCTYPE html PUBLIC "-//W3C//DTD XHTML 1.0 Transitional//EN"
    "http://www.w3.org/TR/xhtml1/DTD/xhtml1-transitional.dtd">
<html xmlns="http://www.w3.org/1999/xhtml" xml:lang="en" lang="en">
 <head>
  <title>
</title>
<meta http-equiv="Content-Type" content="text/html;charset=utf-8" />
  <meta name='ocr-system' content='tesseract 3.04.00' />
  <meta name='ocr-capabilities' content='ocr_page ocr_carea ocr_par ocr_line ocrx_word'/>
</head>
<body>
  <div class='ocr_page' id='page_1' title='image "./tlucreticarider04unkngoog_0381.png"; bbox 0 0 3042 5192; ppageno 0'>
   <div class='ocr_carea' id='block_1_1' title="bbox 1278 470 2425 552">
    <p class='ocr_par' dir='ltr' id='par_1_1' title="bbox 1278 470 2425 552">
     <span class='ocr_line' id='line_1_1' title="bbox 1278 470 2425 552; baseline 0.012 -14"><span class='ocrx_word' id='word_1_1' title='bbox 1278 470 1342 538; x_wconf 90' lang='lat' dir='ltr'>H</span> <span class='ocrx_word' id='word_1_2' title='bbox 2294 483 2425 552; x_wconf 90' lang='grc'>107</span> 
     </span>
    </p>
   </div>
   <div class='ocr_carea' id='block_1_2' title="bbox 161 641 2430 4572">
    <p class='ocr_par' dir='ltr' id='par_1_2' title="bbox 179 641 2430 2008">
     <span class='ocr_line' id='line_1_2' title="bbox 353 641 2430 742; baseline 0.009 -38"><span class='ocrx_word' id='word_1_3' title='bbox 353 641 499 705; x_wconf 84' lang='lat'>537.</span> <span class='ocrx_word' id='word_1_4' title='bbox 541 661 1075 705; x_wconf 70' lang='lat' dir='ltr'>ANGUIMANUS</span> <span class='ocrx_word' id='word_1_5' title='bbox 1119 664 1701 710; x_wconf 53' lang='lat' dir='ltr'>summus-ros.</span> <span class='ocrx_word' id='word_1_6' title='bbox 1742 648 2067 718; x_wconf 79' lang='lat' dir='ltr'>Marullus</span> <span class='ocrx_word' id='word_1_7' title='bbox 2109 660 2430 742; x_wconf 69' lang='lat' dir='ltr'>mzquima-</span> 
     </span>
     <span class='ocr_line' id='line_1_3' title="bbox 185 739 2428 840; baseline 0.006 -35"><span class='ocrx_word' id='word_1_8' title='bbox 185 766 344 807; x_wconf 75' lang='lat' dir='ltr'>nos.-</span> <span class='ocrx_word' id='word_1_9' title='bbox 378 739 608 804; x_wconf 90' lang='lat' dir='ltr'>idem</span> <span class='ocrx_word' id='word_1_10' title='bbox 588 763 657 804; x_wconf 87' lang='lat' dir='ltr'>m</span> <span class='ocrx_word' id='word_1_11' title='bbox 686 763 751 816; x_wconf 79' lang='lat' dir='ltr'>v,</span> <span class='ocrx_word' id='word_1_12' title='bbox 772 740 932 805; x_wconf 86' lang='lat'><strong>1303</strong></span> <span class='ocrx_word' id='word_1_13' title='bbox 959 742 1129 806; x_wconf 80' lang='lat' dir='ltr'>boves</span> <span class='ocrx_word' id='word_1_14' title='bbox 1157 744 1330 807; x_wconf 78' lang='lat' dir='ltr'>lucas</span> <span class='ocrx_word' id='word_1_15' title='bbox 1355 746 1575 808; x_wconf 71' lang='lat' dir='ltr'>turrito</span> <span class='ocrx_word' id='word_1_16' title='bbox 1604 768 1857 832; x_wconf 80' lang='lat' dir='ltr'>corpore</span> <span class='ocrx_word' id='word_1_17' title='bbox 1883 762 2059 816; x_wconf 72' lang='lat' dir='ltr'>tetros</span> <span class='ocrx_word' id='word_1_18' title='bbox 2085 756 2428 840; x_wconf 68' lang='lat' dir='ltr'>Anquima-</span> 
     </span>
     <span class='ocr_line' id='line_1_4' title="bbox 185 838 2428 933; baseline 0.004 -29"><span class='ocrx_word' id='word_1_19' title='bbox 185 864 345 922; x_wconf 77' lang='lat' dir='ltr'>nos3</span> <span class='ocrx_word' id='word_1_20' title='bbox 396 839 516 903; x_wconf 88' lang='lat' dir='ltr'>ubi</span> <span class='ocrx_word' id='word_1_21' title='bbox 559 849 786 904; x_wconf 80' lang='lat' dir='ltr'>taetras</span> <span class='ocrx_word' id='word_1_22' title='bbox 817 838 1246 909; x_wconf 89' lang='lat' dir='ltr'>scribendum</span> <span class='ocrx_word' id='word_1_23' title='bbox 1286 839 1601 907; x_wconf 81' lang='lat' dir='ltr'>docebO.</span> <span class='ocrx_word' id='word_1_24' title='bbox 1655 844 1782 908; x_wconf 91' lang='lat' dir='ltr'>sed</span> <span class='ocrx_word' id='word_1_25' title='bbox 1811 850 2215 933; x_wconf 70' lang='lat' dir='ltr'>anquimanus</span> <span class='ocrx_word' id='word_1_26' title='bbox 2242 861 2428 918; x_wconf 85' lang='lat' dir='ltr'>utro-</span> 
     </span>
     <span class='ocr_line' id='line_1_5' title="bbox 184 937 2426 1035; baseline 0.006 -34"><span class='ocrx_word' id='word_1_27' title='bbox 184 959 315 1023; x_wconf 90' lang='lat' dir='ltr'>que</span> <span class='ocrx_word' id='word_1_28' title='bbox 344 958 598 1024; x_wconf 81' lang='lat' dir='ltr'>genere</span> <span class='ocrx_word' id='word_1_29' title='bbox 628 937 1035 1003; x_wconf 79' lang='lat' dir='ltr'>servandum</span> <span class='ocrx_word' id='word_1_30' title='bbox 1064 945 1216 1015; x_wconf 86' lang='lat' dir='ltr'>est,</span> <span class='ocrx_word' id='word_1_31' title='bbox 1255 940 1384 1004; x_wconf 89' lang='lat' dir='ltr'>nisi</span> <span class='ocrx_word' id='word_1_32' title='bbox 1411 941 1609 1007; x_wconf 89' lang='lat' dir='ltr'>nobis</span> <span class='ocrx_word' id='word_1_33' title='bbox 1639 941 1804 1009; x_wconf 89' lang='lat' dir='ltr'>libet</span> <span class='ocrx_word' id='word_1_34' title='bbox 1832 947 2221 1024; x_wconf 86' lang='lat' dir='ltr'>veteribus,</span> <span class='ocrx_word' id='word_1_35' title='bbox 2260 951 2426 1035; x_wconf 89' lang='lat' dir='ltr'>quid</span> 
     </span>
     <span class='ocr_line' id='line_1_6' title="bbox 184 1035 2427 1129; baseline 0.006 -31"><span class='ocrx_word' id='word_1_36' title='bbox 184 1035 415 1099; x_wconf 82' lang='lat' dir='ltr'>dicere</span> <span class='ocrx_word' id='word_1_37' title='bbox 448 1035 848 1112; x_wconf 76' lang='lat' dir='ltr'>debuerint,</span> <span class='ocrx_word' id='word_1_38' title='bbox 886 1037 1321 1124; x_wconf 81' lang='lat' dir='ltr'>praecipere.</span> <span class='ocrx_word' id='word_1_39' title='bbox 1356 1037 1740 1105; x_wconf 79' lang='lat' dir='ltr'>Priscianus</span> <span class='ocrx_word' id='word_1_40' title='bbox 1769 1065 1835 1128; x_wconf 90' lang='lat' dir='ltr'>p.</span> <span class='ocrx_word' id='word_1_41' title='bbox 1860 1043 1984 1107; x_wconf 84' lang='lat'>718</span> <span class='ocrx_word' id='word_1_42' title='bbox 2011 1043 2162 1109; x_wconf 71' lang='lat' dir='ltr'>haec</span> <span class='ocrx_word' id='word_1_43' title='bbox 2177 1068 2427 1129; x_wconf 78' lang='lat' dir='ltr'>manus,</span> 
     </span>
     <span class='ocr_line' id='line_1_7' title="bbox 182 1135 2429 1229; baseline 0.005 -31"><span class='ocrx_word' id='word_1_44' title='bbox 182 1135 363 1198; x_wconf 66' lang='lat' dir='ltr'>huius</span> <span class='ocrx_word' id='word_1_45' title='bbox 389 1157 663 1199; x_wconf 67' lang='lat' dir='ltr'>mm·</span> <span class='ocrx_word' id='word_1_46' title='bbox 636 1181 657 1217; x_wconf 86' lang='lat'><em>,</em></span> <span class='ocrx_word' id='word_1_47' title='bbox 702 1157 779 1198; x_wconf 69' lang='lat' dir='ltr'>em</span> <span class='ocrx_word' id='word_1_48' title='bbox 806 1157 926 1220; x_wconf 77' lang='lat' dir='ltr'>quo</span> <span class='ocrx_word' id='word_1_49' title='bbox 955 1138 1347 1221; x_wconf 67' lang='lat' dir='ltr'>cmnposiann</span> <span class='ocrx_word' id='word_1_50' title='bbox 1374 1139 1502 1201; x_wconf 77' lang='lat' dir='ltr'>eius</span> <span class='ocrx_word' id='word_1_51' title='bbox 1530 1139 1992 1205; x_wconf 74' lang='lat' dir='ltr'>declinationem</span> <span class='ocrx_word' id='word_1_52' title='bbox 2016 1145 2302 1229; x_wconf 63' lang='lat' dir='ltr'>sequitur,</span> <span class='ocrx_word' id='word_1_53' title='bbox 2330 1145 2429 1210; x_wconf 76' lang='lat' dir='ltr'>hic</span> 
     </span>
     <span class='ocr_line' id='line_1_8' title="bbox 183 1232 2427 1323; baseline 0.005 -27"><span class='ocrx_word' id='word_1_54' title='bbox 183 1235 607 1308; x_wconf 58' lang='lat' dir='ltr'>censivam,</span> <span class='ocrx_word' id='word_1_55' title='bbox 645 1232 825 1296; x_wconf 62' lang='lat' dir='ltr'>kuina-s</span> <span class='ocrx_word' id='word_1_56' title='bbox 875 1234 1296 1297; x_wconf 73' lang='lat' dir='ltr'>centimanus.</span> <span class='ocrx_word' id='word_1_57' title='bbox 1337 1235 1630 1300; x_wconf 88' lang='lat' dir='ltr'>nobilem</span> <span class='ocrx_word' id='word_1_58' title='bbox 1672 1237 2070 1323; x_wconf 80' lang='lat' dir='ltr'>scriptorem</span> <span class='ocrx_word' id='word_1_59' title='bbox 2110 1239 2427 1307; x_wconf 87' lang='lat' dir='ltr'>Lucretio</span> 
     </span>
     <span class='ocr_line' id='line_1_9' title="bbox 185 1330 2430 1422; baseline 0.005 -28"><span class='ocrx_word' id='word_1_60' title='bbox 185 1337 480 1417; x_wconf 82' lang='lat' dir='ltr'>excepto</span> <span class='ocrx_word' id='word_1_61' title='bbox 534 1330 786 1394; x_wconf 87' lang='lat' dir='ltr'>nullum</span> <span class='ocrx_word' id='word_1_62' title='bbox 841 1332 1189 1417; x_wconf 81' lang='lat' dir='ltr'>cognovi,</span> <span class='ocrx_word' id='word_1_63' title='bbox 1243 1333 1358 1418; x_wconf 91' lang='lat' dir='ltr'>qui</span> <span class='ocrx_word' id='word_1_64' title='bbox 1410 1334 1540 1398; x_wconf 87' lang='lat' dir='ltr'>alia</span> <span class='ocrx_word' id='word_1_65' title='bbox 1583 1334 1830 1401; x_wconf 80' lang='lat' dir='ltr'>dixerit</span> <span class='ocrx_word' id='word_1_66' title='bbox 1880 1357 2079 1422; x_wconf 89' lang='lat' dir='ltr'>quam</span> <span class='ocrx_word' id='word_1_67' title='bbox 2126 1347 2315 1404; x_wconf 90' lang='lat' dir='ltr'>recto</span> <span class='ocrx_word' id='word_1_68' title='bbox 2360 1349 2430 1405; x_wconf 85' lang='lat' dir='ltr'>et</span> 
     </span>
     <span class='ocr_line' id='line_1_10' title="bbox 183 1432 2426 1524; baseline 0.005 -32"><span class='ocrx_word' id='word_1_69' title='bbox 183 1436 432 1514; x_wconf 84' lang='lat' dir='ltr'>quarto</span> <span class='ocrx_word' id='word_1_70' title='bbox 465 1449 629 1493; x_wconf 87' lang='lat' dir='ltr'>casu</span> <span class='ocrx_word' id='word_1_71' title='bbox 658 1432 1073 1510; x_wconf 78' lang='lat' dir='ltr'>centimanus,</span> <span class='ocrx_word' id='word_1_72' title='bbox 1107 1433 1548 1514; x_wconf 72' lang='lat' dir='ltr'>centimanmn,</span> <span class='ocrx_word' id='word_1_73' title='bbox 1575 1436 1987 1500; x_wconf 71' lang='lat' dir='ltr'>mzimanwm·</span> <span class='ocrx_word' id='word_1_74' title='bbox 2022 1436 2239 1501; x_wconf 87' lang='lat' dir='ltr'>minus</span> <span class='ocrx_word' id='word_1_75' title='bbox 2268 1460 2426 1524; x_wconf 92' lang='lat' dir='ltr'>pro-</span> 
     </span>
     <span class='ocr_line' id='line_1_11' title="bbox 184 1528 2427 1623; baseline 0.005 -33"><span class='ocrx_word' id='word_1_76' title='bbox 184 1528 502 1591; x_wconf 79' lang='lat' dir='ltr'>batorum</span> <span class='ocrx_word' id='word_1_77' title='bbox 531 1534 691 1592; x_wconf 89' lang='lat' dir='ltr'>sunt</span> <span class='ocrx_word' id='word_1_78' title='bbox 718 1529 1145 1613; x_wconf 67' lang='lat' dir='ltr'>lonyimanus,</span> <span class='ocrx_word' id='word_1_79' title='bbox 1190 1532 1628 1616; x_wconf 56' lang='lat' dir='ltr'>aeqnfimanm,</span> <span class='ocrx_word' id='word_1_80' title='bbox 1658 1534 2123 1620; x_wconf 71' lang='lat' dir='ltr'>aequimanum,</span> <span class='ocrx_word' id='word_1_81' title='bbox 2151 1536 2222 1599; x_wconf 88' lang='lat' dir='ltr'>in</span> <span class='ocrx_word' id='word_1_82' title='bbox 2249 1537 2427 1623; x_wconf 86' lang='lat' dir='ltr'>glos·</span> 
     </span>
     <span class='ocr_line' id='line_1_12' title="bbox 184 1626 2426 1720; baseline 0.005 -31"><span class='ocrx_word' id='word_1_83' title='bbox 184 1626 383 1690; x_wconf 74' lang='lat' dir='ltr'>sal-iis</span> <span class='ocrx_word' id='word_1_84' title='bbox 413 1626 843 1708; x_wconf 73' lang='lat' dir='ltr'>mnbimanus,</span> <span class='ocrx_word' id='word_1_85' title='bbox 881 1626 1029 1690; x_wconf 90' lang='lat' dir='ltr'>Iulii</span> <span class='ocrx_word' id='word_1_86' title='bbox 1072 1626 1526 1712; x_wconf 87' lang='lat' dir='ltr'>Obsequentis</span> <span class='ocrx_word' id='word_1_87' title='bbox 1575 1630 1686 1695; x_wconf 86' lang='lat'>111</span> <span class='ocrx_word' id='word_1_88' title='bbox 1723 1633 1942 1716; x_wconf 79' lang='lat' dir='ltr'>puella</span> <span class='ocrx_word' id='word_1_89' title='bbox 1980 1635 2394 1720; x_wconf 70' lang='lat' dir='ltr'>quadrimana</span> <span class='ocrx_word' id='word_1_90' title='bbox 2408 1685 2426 1717; x_wconf 91' lang='lat'>,</span> 
     </span>
     <span class='ocr_line' id='line_1_13' title="bbox 179 1675 2426 1813; baseline 0.005 -26"><span class='ocrx_word' id='word_1_91' title='bbox 179 1724 346 1788; x_wconf 86' lang='lat' dir='ltr'>item</span> <span class='ocrx_word' id='word_1_92' title='bbox 374 1724 458 1788; x_wconf 90' lang='grc'>73</span> <span class='ocrx_word' id='word_1_93' title='bbox 473 1725 666 1810; x_wconf 80' lang='lat' dir='ltr'>pueri</span> <span class='ocrx_word' id='word_1_94' title='bbox 691 1675 1118 1811; x_wconf 74' lang='lat' dir='ltr'>quadrupedes</span> <span class='ocrx_word' id='word_1_95' title='bbox 1147 1736 1204 1789; x_wconf 79' lang='lat' dir='ltr'>et</span> <span class='ocrx_word' id='word_1_96' title='bbox 1229 1729 1722 1813; x_wconf 63' lang='lat' dir='ltr'>quadr-maanes.</span> <span class='ocrx_word' id='word_1_97' title='bbox 1763 1729 1835 1793; x_wconf 91' lang='lat' dir='ltr'>in</span> <span class='ocrx_word' id='word_1_98' title='bbox 1860 1729 2144 1797; x_wconf 86' lang='lat' dir='ltr'>Arnobii</span> <span class='ocrx_word' id='word_1_99' title='bbox 2172 1733 2343 1799; x_wconf 92' lang='lat' dir='ltr'>libro</span> <span class='ocrx_word' id='word_1_100' title='bbox 2374 1758 2426 1799; x_wconf 92' lang='lat'>11</span> 
     </span>
     <span class='ocr_line' id='line_1_14' title="bbox 181 1822 2422 1919; baseline 0.005 -34"><span class='ocrx_word' id='word_1_101' title='bbox 181 1846 246 1909; x_wconf 92' lang='lat' dir='ltr'>p.</span> <span class='ocrx_word' id='word_1_102' title='bbox 263 1822 368 1898; x_wconf 87' lang='lat'>97,</span> <span class='ocrx_word' id='word_1_103' title='bbox 404 1822 522 1886; x_wconf 90' lang='lat' dir='ltr'>ubi</span> <span class='ocrx_word' id='word_1_104' title='bbox 561 1831 666 1886; x_wconf 92' lang='lat' dir='ltr'>est</span> <span class='ocrx_word' id='word_1_105' title='bbox 693 1846 818 1887; x_wconf 79' lang='lat' dir='ltr'>non</span> <span class='ocrx_word' id='word_1_106' title='bbox 845 1824 1109 1910; x_wconf 79' lang='lat' dir='ltr'>infantes</span> <span class='ocrx_word' id='word_1_107' title='bbox 1134 1824 1243 1888; x_wconf 77' lang='lat' dir='ltr'>sub</span> <span class='ocrx_word' id='word_1_108' title='bbox 1269 1825 1554 1889; x_wconf 76' lang='lat' dir='ltr'>uberibus</span> <span class='ocrx_word' id='word_1_109' title='bbox 1578 1837 1846 1891; x_wconf 65' lang='lat' dir='ltr'>mamm</span> <span class='ocrx_word' id='word_1_110' title='bbox 1874 1833 2247 1896; x_wconf 76' lang='lat' dir='ltr'>centenarios</span> <span class='ocrx_word' id='word_1_111' title='bbox 2273 1834 2422 1919; x_wconf 64' lang='grc' dir='ltr'><em>ἱερᾶ-</em></span> 
     </span>
     <span class='ocr_line' id='line_1_15' title="bbox 180 1921 2039 2008; baseline 0.003 -23"><span class='ocrx_word' id='word_1_112' title='bbox 180 1924 255 1985; x_wconf 70' lang='lat' dir='ltr'>h&#39;s</span> <span class='ocrx_word' id='word_1_113' title='bbox 283 1923 548 1986; x_wconf 72' lang='lat' dir='ltr'>edidisse</span> <span class='ocrx_word' id='word_1_114' title='bbox 573 1921 887 2007; x_wconf 71' lang='lat' dir='ltr'>vayitwm?</span> <span class='ocrx_word' id='word_1_115' title='bbox 913 1921 1272 2008; x_wconf 89' lang='lat' dir='ltr'>legendum</span> <span class='ocrx_word' id='word_1_116' title='bbox 1302 1925 1608 1989; x_wconf 84' lang='lat' dir='ltr'>existimo</span> <span class='ocrx_word' id='word_1_117' title='bbox 1640 1928 2008 1991; x_wconf 79' lang='lat' dir='ltr'>centimanos</span> <span class='ocrx_word' id='word_1_118' title='bbox 2024 1976 2039 1991; x_wconf 93' lang='lat'>.</span> 
     </span>
    </p>

    <p class='ocr_par' dir='ltr' id='par_1_3' title="bbox 181 2020 2422 2205">
     <span class='ocr_line' id='line_1_16' title="bbox 354 2020 2422 2108; baseline 0.004 -25"><span class='ocrx_word' id='word_1_119' title='bbox 354 2020 498 2084; x_wconf 87' lang='lat'>541.</span> <span class='ocrx_word' id='word_1_120' title='bbox 525 2042 673 2096; x_wconf 60' lang='lat' dir='ltr'>Qus</span> <span class='ocrx_word' id='word_1_121' title='bbox 693 2043 741 2083; x_wconf 72' lang='lat' dir='ltr'>u</span> <span class='ocrx_word' id='word_1_122' title='bbox 771 2043 1012 2084; x_wconf 80' lang='lat' dir='ltr'><strong>IUBET</strong></span> <span class='ocrx_word' id='word_1_123' title='bbox 1038 2043 1235 2085; x_wconf 74' lang='lat' dir='ltr'>ssro</span> <span class='ocrx_word' id='word_1_124' title='bbox 1255 2071 1270 2085; x_wconf 93' lang='lat'>.</span> <span class='ocrx_word' id='word_1_125' title='bbox 1296 2021 1657 2087; x_wconf 87' lang='lat' dir='ltr'>Corrector</span> <span class='ocrx_word' id='word_1_126' title='bbox 1689 2023 2003 2108; x_wconf 90' lang='lat' dir='ltr'>quadrati</span> <span class='ocrx_word' id='word_1_127' title='bbox 2032 2033 2102 2090; x_wconf 92' lang='lat' dir='ltr'>et</span> <span class='ocrx_word' id='word_1_128' title='bbox 2120 2027 2422 2092; x_wconf 85' lang='lat' dir='ltr'>Brixien-</span> 
     </span>
     <span class='ocr_line' id='line_1_17' title="bbox 181 2118 1057 2205; baseline 0 -24"><span class='ocrx_word' id='word_1_129' title='bbox 181 2120 274 2182; x_wconf 86' lang='lat' dir='ltr'>sis</span> <span class='ocrx_word' id='word_1_130' title='bbox 307 2118 518 2183; x_wconf 80' lang='lat' dir='ltr'>editio</span> <span class='ocrx_word' id='word_1_131' title='bbox 549 2142 737 2205; x_wconf 75' lang='lat' dir='ltr'>quam</span> <span class='ocrx_word' id='word_1_132' title='bbox 765 2140 1057 2182; x_wconf 74' lang='lat' dir='ltr'>Lusstr.</span> 
     </span>
    </p>

    <p class='ocr_par' dir='ltr' id='par_1_4' title="bbox 177 2216 2426 2578">
     <span class='ocr_line' id='line_1_18' title="bbox 351 2216 2426 2287; baseline 0.003 -7"><span class='ocrx_word' id='word_1_133' title='bbox 351 2216 495 2280; x_wconf 86' lang='lat'>543.</span> <span class='ocrx_word' id='word_1_134' title='bbox 548 2216 690 2282; x_wconf 80' lang='lat' dir='ltr'>Ctu</span> <span class='ocrx_word' id='word_1_135' title='bbox 737 2238 1047 2281; x_wconf 70' lang='lat' dir='ltr'>sunus</span> <span class='ocrx_word' id='word_1_136' title='bbox 1097 2238 1308 2280; x_wconf 80' lang='lat' dir='ltr'>roro</span> <span class='ocrx_word' id='word_1_137' title='bbox 1361 2239 1801 2282; x_wconf 64' lang='lat' dir='ltr'>:mmmmm</span> <span class='ocrx_word' id='word_1_138' title='bbox 1851 2240 1979 2283; x_wconf 77' lang='lat' dir='ltr'>srr</span> <span class='ocrx_word' id='word_1_139' title='bbox 2034 2243 2273 2286; x_wconf 78' lang='lat' dir='ltr'>osnx.</span> <span class='ocrx_word' id='word_1_140' title='bbox 2328 2224 2426 2287; x_wconf 77' lang='lat' dir='ltr'>Sit</span> 
     </span>
     <span class='ocr_line' id='line_1_19' title="bbox 181 2313 2422 2401; baseline 0.003 -23"><span class='ocrx_word' id='word_1_141' title='bbox 181 2313 566 2401; x_wconf 80' lang='lat' dir='ltr'>quadratus</span> <span class='ocrx_word' id='word_1_142' title='bbox 605 2337 743 2379; x_wconf 89' lang='lat' dir='ltr'>non</span> <span class='ocrx_word' id='word_1_143' title='bbox 784 2314 990 2379; x_wconf 90' lang='lat' dir='ltr'>habet</span> <span class='ocrx_word' id='word_1_144' title='bbox 1018 2339 1034 2391; x_wconf 84' lang='lat'>3</span> <span class='ocrx_word' id='word_1_145' title='bbox 1079 2315 1267 2378; x_wconf 87' lang='lat' dir='ltr'>cuius</span> <span class='ocrx_word' id='word_1_146' title='bbox 1308 2322 1654 2379; x_wconf 90' lang='lat' dir='ltr'>corrector</span> <span class='ocrx_word' id='word_1_147' title='bbox 1692 2315 1854 2381; x_wconf 83' lang='lat' dir='ltr'>fecit</span> <span class='ocrx_word' id='word_1_148' title='bbox 1890 2340 2014 2382; x_wconf 74' lang='lat' dir='ltr'>non</span> <span class='ocrx_word' id='word_1_149' title='bbox 2051 2320 2131 2382; x_wconf 78' lang='lat' dir='ltr'>sit</span> <span class='ocrx_word' id='word_1_150' title='bbox 2160 2321 2230 2383; x_wconf 80' lang='lat' dir='ltr'>in</span> <span class='ocrx_word' id='word_1_151' title='bbox 2256 2322 2422 2401; x_wconf 82' lang='lat' dir='ltr'>orbi,</span> 
     </span>
     <span class='ocr_line' id='line_1_20' title="bbox 177 2412 2425 2500; baseline 0.003 -22"><span class='ocrx_word' id='word_1_152' title='bbox 177 2434 406 2499; x_wconf 88' lang='lat' dir='ltr'>neque</span> <span class='ocrx_word' id='word_1_153' title='bbox 451 2414 644 2478; x_wconf 87' lang='lat' dir='ltr'>aliter</span> <span class='ocrx_word' id='word_1_154' title='bbox 672 2412 1006 2477; x_wconf 89' lang='lat' dir='ltr'>Antonius</span> <span class='ocrx_word' id='word_1_155' title='bbox 1036 2412 1233 2476; x_wconf 84' lang='lat' dir='ltr'>Marii</span> <span class='ocrx_word' id='word_1_156' title='bbox 1264 2436 1279 2476; x_wconf 74' lang='grc' dir='ltr'>ε</span> <span class='ocrx_word' id='word_1_157' title='bbox 1321 2414 1627 2500; x_wconf 88' lang='lat' dir='ltr'>impressi</span> <span class='ocrx_word' id='word_1_158' title='bbox 1655 2438 1779 2480; x_wconf 79' lang='lat' dir='ltr'>non</span> <span class='ocrx_word' id='word_1_159' title='bbox 1803 2419 1974 2481; x_wconf 71' lang='lat' dir='ltr'>sitin</span> <span class='ocrx_word' id='word_1_160' title='bbox 2001 2419 2143 2482; x_wconf 83' lang='lat' dir='ltr'>orbe</span> <span class='ocrx_word' id='word_1_161' title='bbox 2161 2467 2175 2482; x_wconf 94' lang='lat'>.</span> <span class='ocrx_word' id='word_1_162' title='bbox 2205 2419 2425 2483; x_wconf 86' lang='lat' dir='ltr'>malim</span> 
     </span>
     <span class='ocr_line' id='line_1_21' title="bbox 181 2513 750 2578; baseline 0 -2"><span class='ocrx_word' id='word_1_163' title='bbox 181 2535 457 2578; x_wconf 68' lang='lat' dir='ltr'>nULLA</span> <span class='ocrx_word' id='word_1_164' title='bbox 483 2515 564 2577; x_wconf 79' lang='lat' dir='ltr'>sit</span> <span class='ocrx_word' id='word_1_165' title='bbox 587 2513 720 2577; x_wconf 79' lang='lat' dir='ltr'>orbi</span> <span class='ocrx_word' id='word_1_166' title='bbox 737 2561 750 2575; x_wconf 92' lang='lat'>.</span> 
     </span>
    </p>

    <p class='ocr_par' dir='ltr' id='par_1_5' title="bbox 161 2610 2430 4572">
     <span class='ocr_line' id='line_1_22' title="bbox 352 2610 2422 2691; baseline 0.002 -15"><span class='ocrx_word' id='word_1_167' title='bbox 352 2612 497 2676; x_wconf 84' lang='lat'>547.</span> <span class='ocrx_word' id='word_1_168' title='bbox 530 2610 850 2691; x_wconf 75' lang='lat' dir='ltr'>errs</span> <span class='ocrx_word' id='word_1_169' title='bbox 881 2633 1192 2675; x_wconf 73' lang='lat' dir='ltr'>nrsmu</span> <span class='ocrx_word' id='word_1_170' title='bbox 1224 2633 1551 2676; x_wconf 57' lang='lat' dir='ltr'>sumsnzr</span> <span class='ocrx_word' id='word_1_171' title='bbox 1584 2635 1826 2679; x_wconf 78' lang='lat' dir='ltr'>ocum</span> <span class='ocrx_word' id='word_1_172' title='bbox 1858 2663 1871 2677; x_wconf 92' lang='lat'>.</span> <span class='ocrx_word' id='word_1_173' title='bbox 1906 2614 2031 2679; x_wconf 87' lang='lat' dir='ltr'>His</span> <span class='ocrx_word' id='word_1_174' title='bbox 2060 2614 2422 2681; x_wconf 86' lang='lat' dir='ltr'>Wakefiel-</span> 
     </span>
     <span class='ocr_line' id='line_1_23' title="bbox 179 2710 2426 2798; baseline 0.001 -22"><span class='ocrx_word' id='word_1_175' title='bbox 179 2710 310 2776; x_wconf 86' lang='lat' dir='ltr'>dus</span> <span class='ocrx_word' id='word_1_176' title='bbox 341 2710 721 2774; x_wconf 88' lang='lat' dir='ltr'>Bentleium</span> <span class='ocrx_word' id='word_1_177' title='bbox 749 2710 893 2774; x_wconf 86' lang='lat' dir='ltr'>vitii</span> <span class='ocrx_word' id='word_1_178' title='bbox 920 2716 1150 2774; x_wconf 87' lang='lat' dir='ltr'>notam</span> <span class='ocrx_word' id='word_1_179' title='bbox 1179 2713 1579 2798; x_wconf 86' lang='lat' dir='ltr'>apposuisse</span> <span class='ocrx_word' id='word_1_180' title='bbox 1606 2712 1816 2777; x_wconf 80' lang='lat' dir='ltr'>refert</span> <span class='ocrx_word' id='word_1_181' title='bbox 1844 2737 1859 2789; x_wconf 84' lang='lat'>3</span> <span class='ocrx_word' id='word_1_182' title='bbox 1898 2714 2085 2778; x_wconf 90' lang='lat' dir='ltr'>cuius</span> <span class='ocrx_word' id='word_1_183' title='bbox 2114 2713 2426 2779; x_wconf 89' lang='lat' dir='ltr'>iudicium</span> 
     </span>
     <span class='ocr_line' id='line_1_24' title="bbox 177 2803 2428 2896; baseline 0 -21"><span class='ocrx_word' id='word_1_184' title='bbox 177 2833 333 2875; x_wconf 88' lang='lat' dir='ltr'>cum</span> <span class='ocrx_word' id='word_1_185' title='bbox 363 2810 479 2873; x_wconf 88' lang='lat' dir='ltr'>ille</span> <span class='ocrx_word' id='word_1_186' title='bbox 507 2816 690 2873; x_wconf 90' lang='lat' dir='ltr'>recte</span> <span class='ocrx_word' id='word_1_187' title='bbox 717 2803 1080 2895; x_wconf 76' lang='lat' dir='ltr'>probasset</span> <span class='ocrx_word' id='word_1_188' title='bbox 1108 2857 1125 2885; x_wconf 89' lang='lat'>‚</span> <span class='ocrx_word' id='word_1_189' title='bbox 1163 2807 1515 2895; x_wconf 85' lang='lat' dir='ltr'>Forbiger‚</span> <span class='ocrx_word' id='word_1_190' title='bbox 1551 2804 1786 2896; x_wconf 81' lang='lat' dir='ltr'>‘quum</span> <span class='ocrx_word' id='word_1_191' title='bbox 1820 2812 1971 2875; x_wconf 89' lang='lat' dir='ltr'>libri</span> <span class='ocrx_word' id='word_1_192' title='bbox 2001 2833 2233 2876; x_wconf 87' lang='lat' dir='ltr'>omnes</span> <span class='ocrx_word' id='word_1_193' title='bbox 2261 2812 2428 2877; x_wconf 90' lang='lat' dir='ltr'>illud</span> 
     </span>
     <span class='ocr_line' id='line_1_25' title="bbox 175 2907 2426 2993; baseline 0 -19"><span class='ocrx_word' id='word_1_194' title='bbox 175 2911 385 2974; x_wconf 69' lang='lat' dir='ltr'>amaea·</span> <span class='ocrx_word' id='word_1_195' title='bbox 423 2909 796 2984; x_wconf 50' lang='lat' dir='ltr'>tueanturn</span> <span class='ocrx_word' id='word_1_196' title='bbox 848 2907 1068 2992; x_wconf 89' lang='lat' dir='ltr'>inquit</span> <span class='ocrx_word' id='word_1_197' title='bbox 1110 2907 1402 2993; x_wconf 88' lang='lat' dir='ltr'>(habent</span> <span class='ocrx_word' id='word_1_198' title='bbox 1443 2915 1665 2972; x_wconf 89' lang='lat' dir='ltr'>autem</span> <span class='ocrx_word' id='word_1_199' title='bbox 1709 2931 1938 2973; x_wconf 88' lang='lat' dir='ltr'>omnes</span> <span class='ocrx_word' id='word_1_200' title='bbox 1979 2912 2141 2974; x_wconf 74' lang='lat' dir='ltr'>oculi</span> <span class='ocrx_word' id='word_1_201' title='bbox 2168 2958 2186 2990; x_wconf 89' lang='lat'><strong><em>,</em></strong></span> <span class='ocrx_word' id='word_1_202' title='bbox 2229 2913 2426 2975; x_wconf 75' lang='lat' dir='ltr'>oculei</span> 
     </span>
     <span class='ocr_line' id='line_1_26' title="bbox 173 3000 2424 3092; baseline 0.001 -21"><span class='ocrx_word' id='word_1_203' title='bbox 173 3007 446 3092; x_wconf 86' lang='lat' dir='ltr'>nullus)</span> <span class='ocrx_word' id='word_1_204' title='bbox 476 3055 492 3083; x_wconf 88' lang='lat'>‚</span> <span class='ocrx_word' id='word_1_205' title='bbox 531 3000 724 3070; x_wconf 83' lang='lat' dir='ltr'>‘nihil</span> <span class='ocrx_word' id='word_1_206' title='bbox 769 3005 1078 3092; x_wconf 87' lang='lat' dir='ltr'>equidem</span> <span class='ocrx_word' id='word_1_207' title='bbox 1120 3027 1374 3071; x_wconf 86' lang='lat' dir='ltr'>novare</span> <span class='ocrx_word' id='word_1_208' title='bbox 1420 3006 1629 3071; x_wconf 89' lang='lat' dir='ltr'>ausim</span> <span class='ocrx_word' id='word_1_209' title='bbox 1665 3008 1696 3069; x_wconf 93' lang='grc'>.’</span> <span class='ocrx_word' id='word_1_210' title='bbox 1741 3008 1811 3070; x_wconf 90' lang='lat' dir='ltr'>in</span> <span class='ocrx_word' id='word_1_211' title='bbox 1853 3006 1987 3071; x_wconf 90' lang='lat' dir='ltr'>hoc</span> <span class='ocrx_word' id='word_1_212' title='bbox 2031 3007 2140 3071; x_wconf 87' lang='lat' dir='ltr'>ille</span> <span class='ocrx_word' id='word_1_213' title='bbox 2187 3015 2424 3073; x_wconf 89' lang='lat' dir='ltr'>cautos</span> 
     </span>
     <span class='ocr_line' id='line_1_27' title="bbox 175 3103 2425 3192; baseline -0.001 -21"><span class='ocrx_word' id='word_1_214' title='bbox 175 3105 524 3192; x_wconf 86' lang='lat' dir='ltr'>quosdam</span> <span class='ocrx_word' id='word_1_215' title='bbox 563 3127 643 3170; x_wconf 89' lang='lat' dir='ltr'>ac</span> <span class='ocrx_word' id='word_1_216' title='bbox 681 3105 1052 3191; x_wconf 85' lang='lat' dir='ltr'>prudentes</span> <span class='ocrx_word' id='word_1_217' title='bbox 1083 3155 1098 3182; x_wconf 92' lang='lat'>‚</span> <span class='ocrx_word' id='word_1_218' title='bbox 1145 3106 1259 3191; x_wconf 91' lang='lat' dir='ltr'>qui</span> <span class='ocrx_word' id='word_1_219' title='bbox 1298 3127 1371 3170; x_wconf 89' lang='lat' dir='ltr'>se</span> <span class='ocrx_word' id='word_1_220' title='bbox 1414 3106 1685 3169; x_wconf 67' lang='lat' dir='ltr'>criticos</span> <span class='ocrx_word' id='word_1_221' title='bbox 1728 3103 1962 3168; x_wconf 77' lang='lat' dir='ltr'>dicunt</span> <span class='ocrx_word' id='word_1_222' title='bbox 1990 3153 2006 3181; x_wconf 94' lang='lat'>,</span> <span class='ocrx_word' id='word_1_223' title='bbox 2044 3106 2293 3191; x_wconf 88' lang='lat' dir='ltr'>ingenii</span> <span class='ocrx_word' id='word_1_224' title='bbox 2322 3107 2425 3169; x_wconf 90' lang='lat' dir='ltr'>sui</span> 
     </span>
     <span class='ocr_line' id='line_1_28' title="bbox 172 3201 2425 3292; baseline -0.001 -22"><span class='ocrx_word' id='word_1_225' title='bbox 172 3206 593 3292; x_wconf 84' lang='lat' dir='ltr'>probatores</span> <span class='ocrx_word' id='word_1_226' title='bbox 612 3204 931 3268; x_wconf 84' lang='lat' dir='ltr'>inveniet:</span> <span class='ocrx_word' id='word_1_227' title='bbox 955 3226 1082 3268; x_wconf 89' lang='lat' dir='ltr'>nos</span> <span class='ocrx_word' id='word_1_228' title='bbox 1104 3205 1370 3268; x_wconf 87' lang='lat' dir='ltr'>interim</span> <span class='ocrx_word' id='word_1_229' title='bbox 1387 3204 1758 3290; x_wconf 83' lang='lat' dir='ltr'>cogitemus</span> <span class='ocrx_word' id='word_1_230' title='bbox 1777 3201 1941 3288; x_wconf 92' lang='lat' dir='ltr'>quid</span> <span class='ocrx_word' id='word_1_231' title='bbox 1957 3208 2200 3289; x_wconf 68' lang='lat' dir='ltr'>poetae</span> <span class='ocrx_word' id='word_1_232' title='bbox 2220 3204 2425 3268; x_wconf 86' lang='lat' dir='ltr'>menti</span> 
     </span>
     <span class='ocr_line' id='line_1_29' title="bbox 174 3300 2424 3369; baseline -0.001 0"><span class='ocrx_word' id='word_1_233' title='bbox 174 3312 714 3369; x_wconf 84' lang='lat' dir='ltr'>consentaneum</span> <span class='ocrx_word' id='word_1_234' title='bbox 762 3302 965 3367; x_wconf 86' lang='lat' dir='ltr'>fuerit</span> <span class='ocrx_word' id='word_1_235' title='bbox 1016 3303 1312 3367; x_wconf 89' lang='lat' dir='ltr'>scribere</span> <span class='ocrx_word' id='word_1_236' title='bbox 1354 3303 1470 3367; x_wconf 92' lang='lat' dir='ltr'>ubi</span> <span class='ocrx_word' id='word_1_237' title='bbox 1508 3323 1690 3366; x_wconf 89' lang='lat' dir='ltr'>nunc</span> <span class='ocrx_word' id='word_1_238' title='bbox 1731 3308 1890 3365; x_wconf 90' lang='lat' dir='ltr'>sunt</span> <span class='ocrx_word' id='word_1_239' title='bbox 1924 3301 2038 3365; x_wconf 88' lang='lat' dir='ltr'>illa</span> <span class='ocrx_word' id='word_1_240' title='bbox 2078 3300 2424 3366; x_wconf 86' lang='lat' dir='ltr'>absurdis-</span> 
     </span>
     <span class='ocr_line' id='line_1_30' title="bbox 172 3399 2426 3485; baseline -0.002 -17"><span class='ocrx_word' id='word_1_241' title='bbox 172 3405 350 3468; x_wconf 83' lang='lat' dir='ltr'>sima</span> <span class='ocrx_word' id='word_1_242' title='bbox 384 3451 400 3478; x_wconf 88' lang='lat'>‚</span> <span class='ocrx_word' id='word_1_243' title='bbox 441 3413 688 3466; x_wconf 75' lang='lat' dir='ltr'>sumant</span> <span class='ocrx_word' id='word_1_244' title='bbox 729 3402 890 3465; x_wconf 80' lang='lat' dir='ltr'>oculi</span> <span class='ocrx_word' id='word_1_245' title='bbox 918 3450 930 3463; x_wconf 92' lang='lat'>.</span> <span class='ocrx_word' id='word_1_246' title='bbox 971 3401 1201 3485; x_wconf 89' lang='lat' dir='ltr'>itaque</span> <span class='ocrx_word' id='word_1_247' title='bbox 1241 3399 1352 3464; x_wconf 90' lang='lat' dir='ltr'>hic</span> <span class='ocrx_word' id='word_1_248' title='bbox 1397 3408 1554 3464; x_wconf 85' lang='lat' dir='ltr'>ante</span> <span class='ocrx_word' id='word_1_249' title='bbox 1600 3400 1821 3465; x_wconf 88' lang='lat' dir='ltr'>omnia</span> <span class='ocrx_word' id='word_1_250' title='bbox 1860 3401 1915 3462; x_wconf 80' lang='lat' dir='ltr'>si</span> <span class='ocrx_word' id='word_1_251' title='bbox 1958 3400 2426 3465; x_wconf 87' lang='lat' dir='ltr'>coniunctione</span> 
     </span>
     <span class='ocr_line' id='line_1_31' title="bbox 171 3497 2426 3589; baseline -0.002 -23"><span class='ocrx_word' id='word_1_252' title='bbox 171 3523 364 3589; x_wconf 88' lang='lat' dir='ltr'>opus</span> <span class='ocrx_word' id='word_1_253' title='bbox 399 3506 507 3565; x_wconf 86' lang='lat' dir='ltr'>est</span> <span class='ocrx_word' id='word_1_254' title='bbox 534 3548 550 3576; x_wconf 88' lang='lat'>,</span> <span class='ocrx_word' id='word_1_255' title='bbox 595 3520 767 3586; x_wconf 87' lang='lat' dir='ltr'>quae</span> <span class='ocrx_word' id='word_1_256' title='bbox 795 3500 866 3562; x_wconf 91' lang='lat' dir='ltr'>in</span> <span class='ocrx_word' id='word_1_257' title='bbox 893 3499 1123 3587; x_wconf 89' lang='lat' dir='ltr'>primis</span> <span class='ocrx_word' id='word_1_258' title='bbox 1149 3499 1391 3563; x_wconf 89' lang='lat' dir='ltr'>litteris</span> <span class='ocrx_word' id='word_1_259' title='bbox 1419 3500 1641 3564; x_wconf 89' lang='lat' dir='ltr'>inesse</span> <span class='ocrx_word' id='word_1_260' title='bbox 1673 3497 1878 3564; x_wconf 91' lang='lat' dir='ltr'>debet</span> <span class='ocrx_word' id='word_1_261' title='bbox 1909 3548 1922 3562; x_wconf 93' lang='lat'>.</span> <span class='ocrx_word' id='word_1_262' title='bbox 1966 3507 2106 3563; x_wconf 89' lang='lat' dir='ltr'>tum</span> <span class='ocrx_word' id='word_1_263' title='bbox 2136 3499 2234 3562; x_wconf 89' lang='lat' dir='ltr'>rei</span> <span class='ocrx_word' id='word_1_264' title='bbox 2260 3498 2426 3561; x_wconf 88' lang='lat' dir='ltr'>nihil</span> 
     </span>
     <span class='ocr_line' id='line_1_32' title="bbox 168 3597 2427 3684; baseline -0.002 -21"><span class='ocrx_word' id='word_1_265' title='bbox 168 3597 370 3663; x_wconf 84' lang='lat' dir='ltr'>aliud</span> <span class='ocrx_word' id='word_1_266' title='bbox 412 3604 644 3683; x_wconf 87' lang='lat' dir='ltr'>aptum</span> <span class='ocrx_word' id='word_1_267' title='bbox 687 3619 837 3662; x_wconf 86' lang='lat' dir='ltr'>esse</span> <span class='ocrx_word' id='word_1_268' title='bbox 881 3604 1167 3683; x_wconf 87' lang='lat' dir='ltr'>apparet</span> <span class='ocrx_word' id='word_1_269' title='bbox 1205 3597 1333 3662; x_wconf 89' lang='lat' dir='ltr'>nisi</span> <span class='ocrx_word' id='word_1_270' title='bbox 1371 3597 1507 3662; x_wconf 91' lang='lat' dir='ltr'>hoc</span> <span class='ocrx_word' id='word_1_271' title='bbox 1535 3647 1551 3675; x_wconf 92' lang='lat'>,</span> <span class='ocrx_word' id='word_1_272' title='bbox 1600 3598 1841 3684; x_wconf 77' lang='lat' dir='ltr'>Quippe</span> <span class='ocrx_word' id='word_1_273' title='bbox 1881 3598 2097 3661; x_wconf 79' lang='lat' dir='ltr'>etenim</span> <span class='ocrx_word' id='word_1_274' title='bbox 2121 3645 2142 3679; x_wconf 85' lang='lat'><em>‚</em></span> <span class='ocrx_word' id='word_1_275' title='bbox 2181 3598 2237 3660; x_wconf 82' lang='lat' dir='ltr'>si</span> <span class='ocrx_word' id='word_1_276' title='bbox 2281 3605 2427 3660; x_wconf 88' lang='lat' dir='ltr'>arte</span> 
     </span>
     <span class='ocr_line' id='line_1_33' title="bbox 165 3695 2428 3786; baseline -0.002 -24"><span class='ocrx_word' id='word_1_277' title='bbox 165 3698 414 3784; x_wconf 79' lang='lat' dir='ltr'>aliqua</span> <span class='ocrx_word' id='word_1_278' title='bbox 444 3695 769 3761; x_wconf 86' lang='lat' dir='ltr'>efficiatur</span> <span class='ocrx_word' id='word_1_279' title='bbox 790 3698 980 3786; x_wconf 76' lang='lat' dir='ltr'>finita</span> <span class='ocrx_word' id='word_1_280' title='bbox 1006 3719 1130 3782; x_wconf 80' lang='lat' dir='ltr'>per</span> <span class='ocrx_word' id='word_1_281' title='bbox 1158 3719 1332 3761; x_wconf 77' lang='lat' dir='ltr'>omne</span> <span class='ocrx_word' id='word_1_282' title='bbox 1369 3698 1647 3783; x_wconf 63' lang='lat' dir='ltr'>Corpora</span> <span class='ocrx_word' id='word_1_283' title='bbox 1672 3698 1898 3761; x_wconf 79' lang='lat' dir='ltr'>iactari</span> <span class='ocrx_word' id='word_1_284' title='bbox 1923 3697 2108 3759; x_wconf 79' lang='lat' dir='ltr'>unius</span> <span class='ocrx_word' id='word_1_285' title='bbox 2128 3696 2428 3781; x_wconf 71' lang='lat' dir='ltr'>yenitalia</span> 
     </span>
     <span class='ocr_line' id='line_1_34' title="bbox 163 3793 2425 3882; baseline -0.001 -24"><span class='ocrx_word' id='word_1_286' title='bbox 163 3799 262 3859; x_wconf 80' lang='lat' dir='ltr'>rei</span> <span class='ocrx_word' id='word_1_287' title='bbox 289 3845 309 3877; x_wconf 89' lang='lat'><strong><em>,</em></strong></span> <span class='ocrx_word' id='word_1_288' title='bbox 373 3794 548 3859; x_wconf 81' lang='lat' dir='ltr'>Unde</span> <span class='ocrx_word' id='word_1_289' title='bbox 573 3794 678 3859; x_wconf 79' lang='lat' dir='ltr'>ubi</span> <span class='ocrx_word' id='word_1_290' title='bbox 704 3818 830 3882; x_wconf 79' lang='lat' dir='ltr'>qua</span> <span class='ocrx_word' id='word_1_291' title='bbox 855 3796 917 3859; x_wconf 85' lang='lat' dir='ltr'>vi</span> <span class='ocrx_word' id='word_1_292' title='bbox 944 3806 1001 3860; x_wconf 77' lang='lat' dir='ltr'>et</span> <span class='ocrx_word' id='word_1_293' title='bbox 1027 3818 1148 3881; x_wconf 75' lang='lat' dir='ltr'>quo</span> <span class='ocrx_word' id='word_1_294' title='bbox 1171 3806 1351 3880; x_wconf 80' lang='lat' dir='ltr'>pacto</span> <span class='ocrx_word' id='word_1_295' title='bbox 1381 3817 1703 3880; x_wconf 62' lang='lat' dir='ltr'>comme-ssa</span> <span class='ocrx_word' id='word_1_296' title='bbox 1731 3796 1970 3859; x_wconf 75' lang='lat' dir='ltr'>coibunt</span> <span class='ocrx_word' id='word_1_297' title='bbox 1992 3793 2025 3858; x_wconf 65' lang='grc'><em>9</em></span> <span class='ocrx_word' id='word_1_298' title='bbox 2059 3793 2229 3858; x_wconf 85' lang='lat' dir='ltr'>dixit</span> <span class='ocrx_word' id='word_1_299' title='bbox 2253 3794 2324 3856; x_wconf 89' lang='lat' dir='ltr'>in</span> <span class='ocrx_word' id='word_1_300' title='bbox 2351 3814 2425 3857; x_wconf 90' lang='lat' dir='ltr'>re</span> 
     </span>
     <span class='ocr_line' id='line_1_35' title="bbox 163 3891 2427 3979; baseline -0.002 -21"><span class='ocrx_word' id='word_1_301' title='bbox 163 3894 389 3959; x_wconf 80' lang='lat' dir='ltr'>huius</span> <span class='ocrx_word' id='word_1_302' title='bbox 417 3892 602 3957; x_wconf 89' lang='lat' dir='ltr'>modi</span> <span class='ocrx_word' id='word_1_303' title='bbox 627 3892 983 3958; x_wconf 88' lang='lat' dir='ltr'>Lucretius</span> <span class='ocrx_word' id='word_1_304' title='bbox 1009 3893 1360 3957; x_wconf 72' lang='lat' dir='ltr'>machinari</span> <span class='ocrx_word' id='word_1_305' title='bbox 1391 3901 1459 3958; x_wconf 83' lang='lat' dir='ltr'>et</span> <span class='ocrx_word' id='word_1_306' title='bbox 1486 3895 1797 3979; x_wconf 68' lang='lat' dir='ltr'>com-ipere</span> <span class='ocrx_word' id='word_1_307' title='bbox 1828 3943 1841 3957; x_wconf 93' lang='lat'>.</span> <span class='ocrx_word' id='word_1_308' title='bbox 1881 3893 1951 3957; x_wconf 90' lang='lat' dir='ltr'>in</span> <span class='ocrx_word' id='word_1_309' title='bbox 1979 3891 2221 3968; x_wconf 83' lang='lat'><strong>111‚944</strong></span> <span class='ocrx_word' id='word_1_310' title='bbox 2252 3892 2427 3956; x_wconf 86' lang='lat' dir='ltr'>Nam</span> 
     </span>
     <span class='ocr_line' id='line_1_36' title="bbox 164 3989 2429 4079; baseline -0.002 -22"><span class='ocrx_word' id='word_1_311' title='bbox 164 3995 276 4058; x_wconf 65' lang='lat' dir='ltr'>aba·</span> <span class='ocrx_word' id='word_1_312' title='bbox 295 4002 646 4079; x_wconf 78' lang='lat' dir='ltr'>praeterea</span> <span class='ocrx_word' id='word_1_313' title='bbox 678 3993 845 4079; x_wconf 79' lang='lat' dir='ltr'>quod</span> <span class='ocrx_word' id='word_1_314' title='bbox 866 3992 1185 4056; x_wconf 72' lang='lat' dir='ltr'>machiner</span> <span class='ocrx_word' id='word_1_315' title='bbox 1210 3993 1637 4079; x_wconf 65' lang='lat' dir='ltr'>invmziamque</span> <span class='ocrx_word' id='word_1_316' title='bbox 1664 4041 1677 4055; x_wconf 93' lang='lat'>.</span> <span class='ocrx_word' id='word_1_317' title='bbox 1719 3992 1788 4055; x_wconf 89' lang='lat' dir='ltr'>in</span> <span class='ocrx_word' id='word_1_318' title='bbox 1816 4015 1879 4068; x_wconf 83' lang='lat' dir='ltr'>v,</span> <span class='ocrx_word' id='word_1_319' title='bbox 1893 3991 2015 4055; x_wconf 86' lang='lat'>247</span> <span class='ocrx_word' id='word_1_320' title='bbox 2046 3991 2215 4055; x_wconf 77' lang='lat' dir='ltr'>Illud</span> <span class='ocrx_word' id='word_1_321' title='bbox 2238 3991 2307 4053; x_wconf 76' lang='lat' dir='ltr'>in</span> <span class='ocrx_word' id='word_1_322' title='bbox 2333 3989 2429 4053; x_wconf 79' lang='lat' dir='ltr'>his</span> 
     </span>
     <span class='ocr_line' id='line_1_37' title="bbox 162 4089 2428 4177; baseline -0.002 -22"><span class='ocrx_word' id='word_1_323' title='bbox 162 4092 366 4157; x_wconf 78' lang='lat' dir='ltr'>rebus</span> <span class='ocrx_word' id='word_1_324' title='bbox 405 4113 484 4154; x_wconf 78' lang='lat' dir='ltr'>ne</span> <span class='ocrx_word' id='word_1_325' title='bbox 526 4091 891 4176; x_wconf 70' lang='lat' dir='ltr'>com-ipuisse</span> <span class='ocrx_word' id='word_1_326' title='bbox 927 4092 1128 4155; x_wconf 80' lang='lat' dir='ltr'>rearis</span> <span class='ocrx_word' id='word_1_327' title='bbox 1160 4091 1268 4156; x_wconf 83' lang='lat' dir='ltr'>Me</span> <span class='ocrx_word' id='word_1_328' title='bbox 1295 4091 1448 4155; x_wconf 76' lang='lat' dir='ltr'>mihi</span> <span class='ocrx_word' id='word_1_329' title='bbox 1479 4141 1492 4154; x_wconf 90' lang='lat'>.</span> <span class='ocrx_word' id='word_1_330' title='bbox 1537 4090 1694 4155; x_wconf 91' lang='lat' dir='ltr'>huic</span> <span class='ocrx_word' id='word_1_331' title='bbox 1732 4091 1885 4156; x_wconf 91' lang='lat' dir='ltr'>loco</span> <span class='ocrx_word' id='word_1_332' title='bbox 1921 4089 2086 4177; x_wconf 90' lang='lat' dir='ltr'>quid</span> <span class='ocrx_word' id='word_1_333' title='bbox 2115 4089 2428 4154; x_wconf 82' lang='lat' dir='ltr'>conveni-</span> 
     </span>
     <span class='ocr_line' id='line_1_38' title="bbox 161 4186 2430 4277; baseline -0.003 -23"><span class='ocrx_word' id='word_1_334' title='bbox 161 4199 278 4255; x_wconf 85' lang='lat' dir='ltr'>ret</span> <span class='ocrx_word' id='word_1_335' title='bbox 295 4239 314 4265; x_wconf 86' lang='lat'>,</span> <span class='ocrx_word' id='word_1_336' title='bbox 350 4188 518 4253; x_wconf 86' lang='lat' dir='ltr'>mihi</span> <span class='ocrx_word' id='word_1_337' title='bbox 548 4190 776 4254; x_wconf 80' lang='lat' dir='ltr'>statim</span> <span class='ocrx_word' id='word_1_338' title='bbox 794 4237 810 4265; x_wconf 89' lang='lat'>,</span> <span class='ocrx_word' id='word_1_339' title='bbox 838 4197 915 4253; x_wconf 84' lang='lat' dir='ltr'>ut</span> <span class='ocrx_word' id='word_1_340' title='bbox 944 4211 1094 4253; x_wconf 88' lang='lat' dir='ltr'>eum</span> <span class='ocrx_word' id='word_1_341' title='bbox 1123 4189 1547 4255; x_wconf 85' lang='lat' dir='ltr'>consideravi</span> <span class='ocrx_word' id='word_1_342' title='bbox 1564 4240 1579 4268; x_wconf 90' lang='lat'>‚</span> <span class='ocrx_word' id='word_1_343' title='bbox 1609 4190 1922 4277; x_wconf 87' lang='lat' dir='ltr'>apparuit</span> <span class='ocrx_word' id='word_1_344' title='bbox 1950 4213 1966 4266; x_wconf 83' lang='lat'>3</span> <span class='ocrx_word' id='word_1_345' title='bbox 2011 4186 2197 4274; x_wconf 90' lang='lat' dir='ltr'>quod</span> <span class='ocrx_word' id='word_1_346' title='bbox 2226 4186 2430 4269; x_wconf 87' lang='lat' dir='ltr'>longa</span> 
     </span>
     <span class='ocr_line' id='line_1_39' title="bbox 161 4284 2430 4375; baseline -0.004 -22"><span class='ocrx_word' id='word_1_347' title='bbox 161 4297 237 4353; x_wconf 83' lang='lat' dir='ltr'>et</span> <span class='ocrx_word' id='word_1_348' title='bbox 281 4307 598 4375; x_wconf 84' lang='lat' dir='ltr'>operosa</span> <span class='ocrx_word' id='word_1_349' title='bbox 637 4286 1074 4353; x_wconf 83' lang='lat' dir='ltr'>meditatione</span> <span class='ocrx_word' id='word_1_350' title='bbox 1118 4289 1492 4374; x_wconf 86' lang='lat' dir='ltr'>quaesitum</span> <span class='ocrx_word' id='word_1_351' title='bbox 1534 4289 1831 4375; x_wconf 89' lang='lat' dir='ltr'>reperire</span> <span class='ocrx_word' id='word_1_352' title='bbox 1869 4307 2075 4375; x_wconf 91' lang='lat' dir='ltr'>posse</span> <span class='ocrx_word' id='word_1_353' title='bbox 2102 4284 2430 4349; x_wconf 88' lang='lat' dir='ltr'>neminem</span> 
     </span>
     <span class='ocr_line' id='line_1_40' title="bbox 161 4380 2429 4475; baseline -0.003 -24"><span class='ocrx_word' id='word_1_354' title='bbox 161 4396 352 4474; x_wconf 79' lang='lat' dir='ltr'>puto</span> <span class='ocrx_word' id='word_1_355' title='bbox 405 4435 420 4449; x_wconf 91' lang='lat'>.</span> <span class='ocrx_word' id='word_1_356' title='bbox 482 4394 590 4450; x_wconf 85' lang='lat' dir='ltr'>est</span> <span class='ocrx_word' id='word_1_357' title='bbox 643 4394 867 4451; x_wconf 86' lang='lat' dir='ltr'>autem</span> <span class='ocrx_word' id='word_1_358' title='bbox 922 4389 1155 4475; x_wconf 85' lang='lat' dir='ltr'>paucis</span> <span class='ocrx_word' id='word_1_359' title='bbox 1209 4388 1520 4453; x_wconf 87' lang='lat' dir='ltr'>litterulis</span> <span class='ocrx_word' id='word_1_360' title='bbox 1577 4388 1939 4453; x_wconf 87' lang='lat' dir='ltr'>immutatis</span> <span class='ocrx_word' id='word_1_361' title='bbox 2002 4380 2429 4450; x_wconf 88' lang='lat' dir='ltr'>scribendum</span> 
     </span>
     <span class='ocr_line' id='line_1_41' title="bbox 167 4481 2429 4572; baseline -0.003 -22"><span class='ocrx_word' id='word_1_362' title='bbox 167 4487 441 4572; x_wconf 72' lang='lat' dir='ltr'>Quippe</span> <span class='ocrx_word' id='word_1_363' title='bbox 485 4485 703 4549; x_wconf 76' lang='lat' dir='ltr'>etenim</span> <span class='ocrx_word' id='word_1_364' title='bbox 745 4508 814 4549; x_wconf 79' lang='lat' dir='ltr'>sx</span> <span class='ocrx_word' id='word_1_365' title='bbox 859 4508 1394 4552; x_wconf 65' lang='lat' dir='ltr'>MAN-rmorss</span> <span class='ocrx_word' id='word_1_366' title='bbox 1426 4538 1438 4551; x_wconf 86' lang='lat'>.</span> <span class='ocrx_word' id='word_1_367' title='bbox 1490 4509 1573 4552; x_wconf 90' lang='lat' dir='ltr'>ex</span> <span class='ocrx_word' id='word_1_368' title='bbox 1618 4485 2033 4551; x_wconf 83' lang='lat' dir='ltr'>onomastico</span> <span class='ocrx_word' id='word_1_369' title='bbox 2073 4481 2429 4547; x_wconf 85' lang='lat' dir='ltr'>Labbaeus</span> 
     </span>
    </p>
   </div>
  </div>
 </body>
</html>
