3042 5192
586 470 670 537 12
1670 470 1702 538 Ι

423 660 518 705 275
575 641 927 728 silvifragis
956 650 1160 707 vexat
1187 641 1447 707 flabris:
1474 643 1572 706 ita
1598 641 1885 728 perfurit
1911 644 2049 707 acri

576 779 726 821 cum
752 757 1017 821 fremitu
1047 758 1395 843 saevitque
1422 757 1663 822 minaci
1689 779 2028 822 murmure
2050 765 2294 823 ventus
2316 807 2329 820 .

574 880 733 936 sunt
762 871 973 967 igitur.
989 874 1174 937 venti
1190 920 1206 947 ‚
1226 872 1295 934 ni
1322 874 1559 936 mirum
1575 920 1591 947 ‚
1616 892 1904 958 corpora
1933 893 2134 938 caeca
2151 922 2166 948 ‚

576 1008 747 1072 quae
775 1007 958 1051 mare
978 1036 993 1062 ‚
1019 1008 1190 1072 quae
1219 994 1436 1051 terras
1456 1036 1472 1063 ‚
1496 1007 1672 1072 quae
1704 985 1993 1072 denique
2020 989 2248 1053 nubila
2276 990 2440 1053 caeli

574 1110 853 1165 verrunt
882 1122 962 1164 36
992 1102 1214 1166 subito
1244 1103 1562 1166 vexantia
1589 1102 1854 1167 turbine
1883 1110 2159 1188 raptant
2178 1152 2193 1179 ‚

419 1234 514 1279 280
568 1238 694 1280 nec
720 1217 978 1281 ratione
1008 1215 1224 1281 fluunt
1253 1217 1381 1281 alia
1410 1226 1838 1303 stragemque
1867 1227 2276 1303 propagant,

573 1340 641 1395 et
668 1352 820 1394 cum
847 1331 1061 1395 mollis
1091 1352 1305 1416 aquae
1335 1330 1548 1396 fertur
1575 1339 1815 1396 natura
1841 1341 2120 1419 repente

571 1444 835 1510 flumine
865 1444 1232 1510 abundanti
1250 1493 1265 1522 ‚
1292 1467 1491 1530 quam
1517 1447 1720 1531 largis
1748 1447 2068 1512 imbribus
2099 1456 2298 1535 auget

571 1561 909 1624 montibus
942 1582 1027 1623 ex
1055 1560 1205 1624 altis
1234 1581 1514 1646 magnus
1547 1559 1872 1624 decursus
1901 1563 2132 1645 aquai,

570 1674 893 1761 fragmina
921 1674 1255 1739 coniciens
1285 1674 1601 1739 silvarum
1627 1677 2035 1760 arbustaque
2065 1683 2212 1740 tota
2231 1725 2246 1750 ‚

418 1809 514 1854 285
570 1811 696 1854 nec
724 1788 929 1855 validi
959 1798 1249 1876 possunt
1276 1798 1521 1876 pontes
1550 1790 1878 1854 venientis
1909 1792 2108 1875 aquai

572 1906 704 1969 vim
734 1905 1018 1969 subitam
1048 1905 1340 1970 tolerare
1360 1927 1375 1967 ε
1395 1905 1491 1969 ita
1518 1926 1762 1991 magno
1793 1904 2103 1970 turbidus
2133 1906 2322 1971 imbri

572 2021 854 2085 molibus
883 2021 1161 2084 incurrit
1179 2069 1193 2096 ‚
1216 2018 1454 2084 validis
1484 2042 1632 2083 cum
1659 2020 1912 2085 viribus
1931 2069 1947 2096 ‚
1970 2022 2179 2085 amnis
2198 2070 2214 2095 ‚

570 2136 689 2200 dat
719 2136 943 2199 sonitu
971 2156 1212 2221 magno
1244 2142 1537 2220 stragem
1556 2184 1572 2211 ‚
1593 2135 1937 2221 volvitque
1968 2137 2093 2200 sub
2124 2135 2321 2199 undis

569 2250 850 2339 grandia
878 2271 1044 2314 saxa
1060 2298 1075 2325 ‚
1097 2250 1363 2335 ruitque
1392 2251 1488 2313 ita
1517 2250 1848 2336 quidquid
1873 2250 2186 2315 fluctibus
2217 2251 2477 2316 obstat.

414 2384 511 2431 290
566 2367 664 2431 sic
690 2367 889 2453 igitur
919 2363 1169 2429 debent
1195 2364 1380 2428 venti
1410 2385 1681 2450 quoque
1710 2363 1975 2430 flamina
2001 2366 2160 2430 ferri
2178 2416 2195 2441 ‚

572 2503 742 2566 quae
772 2481 1005 2544 veluti
1032 2478 1325 2543 validum
1354 2500 1503 2542 cum
1531 2479 1775 2544 flumen
1804 2482 2223 2566 procubuere
2361 2564 2368 2567 .

571 2618 767 2682 quam
796 2595 959 2659 libet
986 2595 1053 2658 in
1082 2601 1343 2681 partem
1360 2643 1375 2671 ‚
1399 2593 1685 2659 trudunt
1711 2617 1823 2659 163
1853 2604 2008 2660 ante
2038 2604 2376 2680 ruuntque

567 2711 921 2796 impetibus
953 2710 1205 2773 crebris
1223 2760 1239 2785 ‚
1260 2711 1435 2773 inter
1464 2708 1622 2774 dum
1635 2711 1901 2798 ⁸vertice
1931 2718 2115 2774 torto

569 2826 942 2911 corripiunt
970 2823 1336 2911 rapideque
1364 2825 1619 2890 rotanti
1645 2825 1912 2889 turbine
1941 2834 2221 2911 portant
2237 2875 2251 2889 .

414 2958 510 3004 295
568 2962 775 3026 quare
807 2941 1004 3005 etiam
1032 2949 1235 3027 atque
1265 2941 1462 3004 etiam
1491 2948 1652 3004 sunt
1678 2941 1864 3004 venti
1892 2962 2182 3027 corpora
2211 2962 2407 3004 caeca
2431 2989 2444 3015 ‚

567 3054 1111 3142 quandoquidem
1140 3055 1336 3121 factis
1367 3064 1435 3120 et
1461 3056 1762 3120 moribus
1792 3056 2048 3120 aemula
2076 3057 2331 3143 magnis

565 3172 867 3236 amnibus
895 3172 1325 3236 inveniuntur
1343 3219 1358 3247 ‚
1381 3180 1620 3257 aperto
1652 3192 1939 3256 corpore
1970 3173 2084 3255 qui
2115 3180 2274 3235 sunt
2293 3220 2306 3234 .

564 3296 705 3350 tum
733 3306 939 3372 porro
968 3286 1194 3350 varios
1226 3307 1447 3349 rerum
1477 3286 1801 3349 sentimus
1830 3284 2079 3348 odores
2099 3334 2114 3358 ‚

562 3422 688 3463 1166
721 3409 942 3463 tamen
973 3399 1061 3462 ad
1090 3400 1270 3463 naris
1297 3399 1630 3462 venientis
1661 3398 1992 3462 cernimus
2021 3421 2332 3485 umquam
2352 3450 2368 3475 ,

410 3532 507 3577 300
567 3535 691 3578 nec
721 3513 977 3578 calidos
1008 3522 1235 3579 aestus
1259 3514 1540 3589 tuimur,
1560 3534 1688 3577 nec
1715 3513 1969 3599 frigora
2000 3515 2261 3599 quimus

562 3650 905 3715 usurpare,
925 3629 1134 3692 oculis
1154 3677 1169 3706 ‚
1188 3650 1316 3692 nec
1344 3649 1553 3693 voces
1583 3649 1857 3693 cernere
1888 3651 2188 3706 suemus3

566 3765 735 3829 quae
767 3753 989 3808 tamen
1019 3743 1238 3807 omnia
1266 3765 1595 3829 corporea
1625 3752 1937 3809 constare
1966 3754 2314 3810 necessest

561 3866 833 3935 natura,
859 3859 1168 3944 quoniam
1200 3880 1439 3924 sensus
1466 3859 1784 3945 inpellere
1814 3870 2134 3946 possunt:

560 3982 836 4059 tangere
868 3974 1037 4037 enim
1068 3981 1136 4037 et
1163 3974 1379 4059 tangi,
1400 3974 1530 4038 nisi
1557 3997 1805 4061 corpus
1825 4025 1839 4052 ‚
1862 3976 2044 4040 nulla
2071 3985 2300 4062 potest
2329 4000 2471 4041 res.

408 4105 504 4150 305
565 4087 854 4174 denique
884 4087 1260 4174 fluctifrago
1291 4110 1660 4175 suspensae
1689 4090 1758 4154 in
1785 4091 1984 4155 litore
2012 4099 2239 4156 vestes

563 4359 669 4490 27:¹3·
688 4362 912 4425 pontus.
950 4356 970 4423 ΙΙ
1009 4362 1106 4409 282
1135 4373 1288 4427 quem
1329 4358 1349 4426 ΙΙ
1387 4364 1486 4411 286
1509 4359 1752 4412 tul-bibus
1790 4359 1810 4429 ΙΙ
1849 4363 1949 4411 289
1974 4360 2079 4411 ruit
2103 4376 2204 4429 qua
2228 4358 2478 4429 quidquid
2516 4359 2535 4427 Η
2578 4366 2677 4412 294
2706 4379 2789 4413 ra·

561 4457 616 4509 pn
659 4455 778 4508 nque
