3042 5192
634 463 776 532 204
1694 459 1787 528 111

635 659 883 703 novum
915 641 1386 700 testamentum
1410 633 1750 698 Fuldense
1772 654 1813 697 a
1838 655 1944 697 me
1974 633 2224 698 editum
2244 683 2259 710 ,
2295 632 2563 721 digesta
2585 634 2846 701 Floren-

636 736 776 800 tina
809 785 822 798 .
867 735 1100 820 itaque
1130 734 1156 796 l
1182 732 1458 819 simplici
1496 730 1881 797 scribuntur
1908 734 1977 796 in
2007 733 2250 819 quibus
2279 757 2311 799 e
2337 733 2636 798 litteram
2663 733 2847 819 longa

637 833 900 922 syllaba
934 829 1285 919 praecedit
1304 878 1319 906 ,
1349 837 1427 893 ut
1458 830 1763 894 otoelodela
1791 832 2066 895 climatela
2092 832 2351 896 suadela
2379 833 2649 896 candela
2675 833 2848 896 sutela

637 935 873 997 cautela
911 931 1098 995 tutela
1138 929 1482 1014 corruptela
1518 929 1872 993 mndatela
1913 928 2159 1014 (Gaius
2201 952 2272 1006 11,
2289 930 2407 993 104
2426 979 2443 1005 ‚
2471 929 2849 994 Priscianus

635 1054 700 1117 p.
718 1030 879 1114 622)
924 1029 1164 1093 aeutela
1217 1026 1637 1112 (Priscianus
1673 1025 1957 1112 ibidem)
1988 1076 2001 1091 .
2052 1029 2081 1091 l
2103 1030 2477 1114 geminatur
2506 1029 2626 1092 ubi
2656 1029 2851 1115 prima

634 1129 859 1194 brevis
891 1139 1027 1192 est:
1061 1146 1274 1212 eaque
1297 1146 1338 1188 a
1357 1126 1559 1190 tertia
1588 1146 1668 1188 ac
1697 1125 1978 1213 simplici
1997 1125 2215 1190 forma
2234 1125 2545 1191 fecerunt
2565 1136 2850 1200 veteres,

635 1236 715 1293 ut
757 1228 1082 1315 loquellam
1110 1225 1446 1312 querellam
1470 1225 1841 1310 sequellam5
1872 1244 2032 1310 ergo
2061 1225 2311 1290 laellam
2336 1274 2355 1306 ,
2398 1247 2604 1311 quem
2634 1224 2850 1289 admo·

639 1326 798 1390 dum
809 1324 1056 1412 suqella
1084 1323 1256 1387 bene
1285 1321 1609 1408 scriptum
1639 1330 1746 1386 est
1774 1321 1956 1408 apud
1977 1321 2393 1387 Priscianum
2421 1324 2625 1410 p.601
2651 1372 2667 1398 ‚
2698 1323 2849 1387 male

635 1424 954 1512 confuqela
1005 1419 1189 1507 apud
1232 1419 1512 1485 Paulum
1558 1419 1913 1485 diaconum
1966 1445 2029 1508 p.
2051 1421 2128 1485 31
2173 1421 2621 1486 Lindemanni
2651 1472 2669 1498 ‚
2712 1424 2848 1487 item

636 1523 807 1586 male
836 1521 1152 1607 obsequela
1179 1541 1242 1603 p.
1265 1517 1385 1581 114
1416 1566 1432 1594 ,
1471 1519 1812 1605 obsequella
1841 1527 2027 1583 recte
2054 1520 2125 1583 in
2153 1520 2463 1584 Asinaria
2488 1521 2721 1586 Plauti
2751 1522 2848 1596 1‚l‚

638 1622 718 1685 50
751 1669 765 1683 .
808 1641 849 1684 a
892 1617 1188 1682 secunda
1227 1636 1424 1680 nemo
1467 1624 1625 1680 ante
1661 1616 1943 1681 Gellium
1981 1618 2302 1683 medellam
2345 1619 2481 1703 (sic
2521 1627 2715 1684 recte
2754 1641 2847 1683 co·

637 1717 773 1781 dex
799 1716 1072 1780 Minucii
1101 1714 1342 1778 Felicis
1360 1762 1375 1789 ‚
1404 1720 1482 1778 ut
1511 1720 1801 1779 testatur
1830 1713 2336 1781 Hildebrandus
2370 1715 2461 1780 ad
2488 1717 2845 1782 Arnobium

635 1839 699 1901 p.
720 1815 842 1879 633
861 1863 876 1891 ‚
931 1815 1090 1878 item
1135 1814 1231 1878 sic
1279 1811 1538 1877 scholia
1579 1813 1941 1878 Bobiensia
1983 1812 2074 1878 ad
2119 1813 2459 1879 Ciceronis
2519 1816 2845 1880 orationes

634 1912 916 2000 p.251‚8
947 1911 1213 1996 Orellii)
1238 1960 1254 1988 ‚
1286 1912 1514 1997 itaque
1541 1913 1899 1988 monellam‚
1927 1919 2095 1998 puto
2113 1960 2129 1986 ‚
2158 1934 2296 1977 non
2322 1914 2667 1993 monelam,
2698 1912 2843 1977 Ter-

635 2013 953 2077 tullianus
982 2060 998 2088 ,
1040 2011 1311 2075 nitellam
1341 2009 1727 2094 κᾶλλγκτροκ
1770 2018 1957 2075 recte
1985 2010 2415 2097 glossarium,
2459 2032 2639 2096 quae
2680 2013 2845 2076 nitela

635 2111 820 2199 apud
849 2110 1327 2175 Terentianum
1355 2108 1666 2172 Maurum
1694 2108 1818 2173 316
1849 2117 1917 2173 et
1946 2109 2276 2174 Solinum.
2316 2132 2455 2175 non
2484 2112 2765 2174 veniunt
2786 2110 2841 2172 in

637 2211 819 2275 hunc
848 2230 1122 2274 censum
1145 2208 1467 2288 tarbellae,
1499 2205 1689 2293 quod
1710 2206 1869 2271 mihi
1900 2206 2375 2273 deminutivum
2398 2207 2709 2283 videtur,
2740 2229 2841 2271 ne-

637 2332 768 2397 que
797 2308 931 2373 ulla
958 2328 1161 2373 causa
1188 2314 1294 2370 est
1320 2327 1440 2370 cur
1464 2329 1497 2370 e
1529 2304 1973 2391 producatur.
2010 2314 2170 2371 sunt
2195 2314 2422 2371 tamen
2452 2306 2839 2371 deminutiva

636 2406 965 2495 quaedam
1007 2404 1226 2471 vocali
1267 2403 1606 2491 producta
1634 2453 1650 2481 ‚
1696 2404 1821 2469 sed
1859 2425 1940 2469 ea
1980 2413 2373 2484 contracta3
2417 2406 2645 2491 qualia
2672 2415 2839 2478 sunt,

634 2506 797 2571 eliso
850 2505 961 2569 vel
1004 2528 1037 2569 o
1083 2502 1194 2569 vel
1235 2526 1279 2566 a
1318 2502 1428 2566 vel
1471 2526 1508 2566 r
1552 2503 1739 2588 (nam
1778 2525 1825 2567 x
1870 2504 2118 2569 omisso
2162 2526 2303 2569 non
2348 2504 2735 2590 duplicatur
2774 2504 2836 2568 li-

636 2602 877 2689 quida)
908 2651 924 2678 ‚
952 2603 1205 2688 paullus
1220 2648 1238 2681 ‚
1265 2602 1447 2682 villa,
1475 2602 1738 2665 ver-vella
1780 2602 2280 2686 (grammaticus
2301 2601 2837 2667 Vindobonensis

632 2726 697 2789 p.
722 2701 918 2786 106);
960 2701 1221 2779 corolla,
1252 2700 1829 2785 catella‚pistrilla‚
1860 2701 2130 2780 catilla-5,
2157 2702 2462 2778 salinum,
2488 2702 2834 2781 vilhunfld-

631 2803 725 2866 las
738 2849 757 2881 ,
779 2800 985 2863 nullus
1013 2796 1128 2882 (ad
1160 2819 1444 2883 quorum
1473 2797 1846 2883 exemplum
1874 2797 2248 2863 formarunt
2276 2799 2483 2883 ellum)
2503 2849 2520 2876 ‚
2544 2801 2833 2872 Messalla,

634 2899 957 2985 Hispallm
983 2922 1009 2981 ,-
1048 2898 1211 2961 stilla
1235 2944 1255 2976 ,
1295 2897 1460 2959 ralla
1487 2897 1697 2959 tunica
1722 2943 1741 2975 ‚
1779 2896 1940 2960 item
1970 2895 2151 2961 Sulla
2177 2904 2255 2961 ut
2284 2896 2689 2982 quibusdam
2716 2898 2831 2985 pla·

630 3004 741 3062 cet
768 3045 785 3073 ‚
826 2997 950 3061 olla
990 2995 1241 3059 rectius
1285 3015 1484 3079 quam
1524 2994 1676 3057 aula
1717 2994 1879 3079 (nisi
1909 2994 2098 3079 quod
2127 2994 2366 3059 eodem
2394 3017 2629 3060 errore
2658 2996 2829 3081 vulgo

631 3095 950 3160 dicebant
971 3094 1306 3158 Messalam
1335 3100 1403 3157 et
1419 3093 1722 3179 paulum)
1742 3141 1758 3169 ‚
1781 3091 1916 3157 hoc
1947 3101 2052 3158 est
2078 3114 2294 3179 parva
2317 3093 2498 3158 hor-ia
2520 3095 2665 3158 sive
2686 3096 2828 3170 orio,

633 3195 876 3270 εκὰφκ,
908 3192 992 3256 ab
1022 3190 1395 3257 hauriendo
1416 3240 1430 3255 .
1474 3213 1558 3255 ex
1591 3190 1829 3255 eodem
1858 3189 2415 3256 deminutivorum
2442 3214 2721 3257 numero
2748 3199 2829 3255 est

628 3293 839 3356 nitella
881 3291 1011 3375 (ita
1050 3299 1235 3356 recte
1274 3291 1344 3355 in
1370 3289 1681 3355 Martiale
1710 3313 1773 3367 v,
1790 3290 1870 3354 37
1902 3289 2492 3377 Schneidewinus)
2526 3292 2828 3381 etficella‚

628 3409 764 3474 quo
793 3386 1172 3452 Iuvenalem
1201 3396 1369 3477 puto
1399 3411 1594 3452 usum
1623 3409 1772 3453 esse
1797 3388 1868 3452 in
1896 3389 2103 3453 satira
2128 3389 2353 3466 mv‚9:
2381 3411 2538 3453 nam
2570 3391 2826 3475 Met-yae

609 3487 917 3578 ficedula-5
943 3507 1080 3549 non
1109 3488 1332 3572 potuit
1362 3486 1655 3552 scribere
1685 3536 1699 3550 .
1739 3488 2072 3553 nitedulam
2103 3488 2172 3551 in
2201 3488 2514 3553 Sestiana
2543 3487 2739 3553 Tullii
2762 3483 2824 3549 72

627 3590 1004 3671 agnoscunt
1039 3606 1179 3649 non
1217 3585 1421 3650 modo
1465 3584 1739 3650 codices
1757 3635 1772 3662 ‚
1803 3585 1926 3650 sed
1954 3586 2211 3651 scholia
2234 3586 2603 3652 Bobiensia
2629 3587 2824 3673 p.303‚

630 3685 700 3748 11
739 3682 815 3747 16
846 3681 960 3747 Or.
993 3690 1062 3747 et
1088 3682 1472 3749 Priscianus
1515 3710 1580 3772 p.
1609 3684 1732 3749 613
1762 3733 1776 3747 .
1819 3684 1997 3748 idem
2025 3685 2423 3750 vocabulum
2452 3685 2738 3751 Horatio
2770 3684 2825 3748 in

628 3781 1063 3870 epistularum
1093 3805 1136 3858 1,
1154 3783 1210 3859 7,
1228 3783 1309 3846 29
1338 3803 1380 3846 a
1405 3783 1711 3847 Bentleio
1742 3784 2127 3848 restitutum
2167 3785 2282 3868 qui
2310 3806 2449 3849 non
2478 3785 2825 3871 accipiunt.

623 3880 949 3946 rationem
988 3889 1057 3945 et
1083 3902 1330 3967 genera
1355 3880 1750 3946 fabellarum
1779 3883 2094 3968 ignorant
2123 3931 2138 3946 .
2183 3884 2401 3948 Servii
2426 3880 2823 3970 neglegentia

625 3986 762 4052 est,
795 3999 944 4042 cum
975 3978 1281 4044 Ciceroni
1322 3978 1648 4044 adscribit
1673 3982 1922 4046 nitelam
1950 3980 2039 4044 ad
2067 3982 2429 4067 georgicon
2458 4004 2503 4057 1,
2524 3982 2675 4056 1813
2701 3977 2820 4043 Hil-

626 4076 957 4142 debrandi
985 4078 1137 4162 plus
1161 4099 1360 4164 quam
1386 4079 1842 4165 neglegentia,
1866 4080 1980 4164 qui
2011 4079 2101 4143 ad
2129 4079 2501 4145 Arnobium
2527 4101 2593 4164 p.
2613 4078 2721 4142 197
2738 4077 2815 4138 ηὸ-

624 4177 890 4241 tedulam
918 4175 1155 4240 Latine
1186 4175 1316 4240 dici
1358 4184 1592 4262 neget,
1624 4198 1660 4240 e
1690 4175 1923 4241 codice
1951 4176 2230 4243 Arnobii
2258 4177 2328 4241 in
2356 4200 2409 4241 11
2438 4199 2504 4264 p.
2522 4177 2603 4241 75
2626 4174 2811 4240 ’ἐτάκ-

623 4277 749 4339 lam
790 4274 1103 4360 recipiat,
1132 4295 1517 4361 mutemque
1548 4283 1880 4362 agrestem
1906 4276 2004 4340 ita
2030 4297 2169 4340 non
2198 4297 2239 4341 a
2266 4274 2517 4363 pedum
2543 4276 2683 4339 nisu
2708 4266 2807 4335 sed

623 4394 665 4435 a
690 4372 910 4436 nitore
935 4370 1183 4437 dictum
1212 4374 1524 4459 opinetur
1544 4422 1558 4437 .
1581 4375 1803 4459 potuit
1829 4381 2052 4439 tamen
2082 4396 2231 4439 esse
2261 4374 2488 4459 aliqua
2514 4373 2647 4437 eius
2673 4388 2802 4433 con·

624 4469 927 4534 sonantis
960 4518 975 4544 ‚
1020 4491 1191 4555 quae
1223 4479 1330 4536 est
1357 4479 1514 4537 ante
1547 4470 2100 4549 deminutionem,
2128 4473 2565 4539 mutabilitas:
2590 4489 2721 4535 nam
2744 4465 2798 4527 in
