3042 5192
591 466 722 537 136
1666 459 1729 528 11

580 646 931 706 contracta
972 635 1361 701 Terentium
1411 635 1479 698 in
1524 634 1856 721 Adelphis
1913 633 2054 711 11‚2,
2073 634 2149 698 17
2204 655 2459 722 ponere
2513 635 2802 722 potuisse

578 740 920 804 Bentleius
944 743 1176 820 negat3
1204 734 1320 798 vix
1334 740 1520 797 reete
1535 783 1551 810 ‚
1578 755 1725 797 cum
1752 735 1821 797 in
1832 734 2114 798 deorsum
2132 731 2466 820 disyllabo
2490 734 2650 798 item
2663 733 2803 797 bre-

579 859 730 902 vem
747 859 896 900 eum
914 835 1116 921 longa
1133 833 1440 897 contrahi
1459 853 1545 896 ex
1560 854 1640 896 eo
1659 841 1985 919 appareat
2003 830 2190 916 quod
2208 829 2529 896 dixerunt
2542 833 2802 897 deornm.

581 958 718 1000 non
752 942 857 998 est
899 942 1121 998 tamen
1148 930 1518 994 verendum
1547 932 1785 1015 nequis
1819 928 2056 994 eodem
2083 931 2227 993 iure
2270 935 2544 1015 poetam
2576 930 2805 993 Culicis

581 1034 663 1097 66
693 1031 918 1097 Boethi
945 1050 1188 1093 nomen
1232 1028 1491 1093 duabus
1522 1029 1798 1116 syllabis
1838 1028 2158 1093 extulisse
2187 1027 2473 1105 credat,
2519 1050 2673 1092 eum
2698 1050 2805 1092 no-

581 1131 892 1195 vissimus
917 1127 1138 1192 editor
1167 1128 1406 1191 librum
1435 1127 1911 1213 interpolatum
1936 1127 2126 1211 sequi
2153 1126 2493 1202 maluerit,
2516 1126 2805 1212 quamvis

583 1222 833 1317 optime
865 1227 1070 1292 sciret
1103 1249 1250 1291 eum
1272 1228 1506 1291 Alcone
1536 1226 1787 1291 nullum
1813 1223 2215 1288 caelatorem
2250 1225 2474 1312 aptius
2508 1224 2807 1309 coniungi

583 1349 789 1413 posse
836 1348 1033 1438 quam
1065 1326 1378 1390 Rhoecum
1409 1325 1745 1389 Samium.
1792 1321 1916 1387 sed
1947 1322 2231 1387 Gellium
2271 1324 2645 1408 praeterire
2686 1344 2807 1387 non

585 1426 851 1501 debeo,
899 1425 1012 1509 qui
1045 1422 1214 1487 dixit
1252 1426 1319 1487 in
1351 1446 1421 1498 11,
1447 1424 1516 1486 17
1549 1425 1770 1511 Neque
1796 1447 1939 1489 vero
1969 1447 2081 1488 con
2106 1425 2429 1509 particula
2471 1434 2603 1487 tum
2628 1424 2809 1487 solum

571 1525 984 1611 producitur,
1026 1546 1165 1585 cum
1193 1546 1267 1586 ea
1305 1522 1506 1585 littera
1535 1523 1608 1585 de
1636 1546 1762 1609 qua
1799 1523 2009 1587 Cicero
2037 1522 2187 1586 dicit
2215 1519 2387 1604 (hoo
2419 1528 2526 1585 est
2536 1520 2624 1609 f)
2664 1522 2807 1583 ime·

583 1624 828 1710 quitur:
854 1645 1001 1685 nam
1030 1632 1088 1683 et
1120 1620 1268 1684 Cato
1296 1632 1353 1684 et
1382 1620 1712 1684 Sallustius
1730 1620 2129 1707 ‘faenonbuc'
2159 1619 2379 1703 (immo
2391 1620 2811 1706 faciam-ihm.-

583 1721 679 1784 sic
723 1726 907 1783 certe
940 1718 1352 1782 Sallustius
1336 1740 1405 1781 m
1449 1718 1732 1783 Catilina
1762 1718 1861 1794 23,
1881 1718 1950 1801 1)
1996 1719 2281 1804 inquiunt
2309 1716 2660 1828 ‘coopertus
2703 1720 2808 1795 ese',

573 1828 901 1903 praeterea
943 1817 1259 1901 colliqatm
1300 1827 1357 1880 et
1396 1839 1661 1881 eonem
1692 1817 1993 1903 producte
2034 1816 2259 1879 dicitur
2276 1864 2290 1878 .
2320 1814 2555 1878 idem
2538 1837 2610 1878 in
2640 1814 2807 1890 1v,17

588 1916 716 1980 Sed
743 1937 939 2001 neque
968 1914 1041 1978 ob
1069 1937 1262 2001 neque
1288 1915 1398 1978 sub
1424 1917 1807 2000 praepositio
1836 1914 2224 2001 producendi
2258 1913 2481 1978 habent
2501 1925 2807 1989 man-om,

583 2036 777 2100 neque
817 2015 958 2077 item
997 2036 1113 2077 con
1133 2061 1151 2092 ‚
1208 2013 1328 2076 nisi
1369 2036 1511 2076 cum
1551 2036 1689 2077 eam
1730 2015 1964 2077 litterae
2005 2023 2288 2076 secuntur
2325 2035 2488 2099 quae
2526 2013 2595 2074 in
2630 2011 2811 2075 verbis

586 2113 889 2177 cmwtimit
913 2122 972 2175 et
997 2110 1254 2198 confecit
1276 2112 1609 2175 secundum
1637 2135 1774 2175 eam
1800 2111 2048 2196 primae
2072 2121 2213 2173 cunt
2228 2158 2248 2191 ,
2290 2110 2388 2174 vel
2412 2132 2554 2174 cum
2580 2111 2809 2174 elidar

587 2234 663 2275 ex
691 2235 767 2276 ea
793 2233 836 2272 n
866 2211 1102 2289 littera,
1142 2210 1300 2273 sicut
1329 2209 1659 2273 Sallustius
1676 2208 2098 2297 ‘facinoribus’
2125 2207 2726 2295 inquit‘cooperaoe'.
2750 2207 2809 2270 in

588 2309 695 2373 his
738 2307 1096 2372 falsissima
1136 2315 1298 2372 sunt
1341 2319 1657 2393 coopertus
1700 2314 1771 2370 et
1812 2306 2127 2391 colliqamc
2150 2354 2170 2386 ,
2211 2306 2280 2369 in
2321 2306 2568 2390 quibus
2608 2330 2645 2371 o
2673 2327 2809 2370 eor-

585 2408 827 2494 ripitur
847 2456 860 2470 .
889 2406 1142 2470 Gellius
1173 2406 1446 2491 scripsit
1468 2416 1742 2492 copertus
1765 2411 1834 2469 et
1855 2406 2169 2490 coiuqatus
2180 2429 2207 2488 ,-
2233 2426 2520 2489 quorum
2540 2404 2807 2469 alterum

588 2526 794 2589 supra
821 2503 1223 2567 firmavimus
1249 2553 1264 2579 ‚
1296 2504 1491 2588 eique
1522 2504 1913 2568 simillimum
1946 2511 2052 2567 est
2080 2502 2268 2588 quod
2298 2502 2553 2567 Gellius
2582 2502 2810 2567 subicit

589 2624 733 2687 coyo
764 2627 785 2664 .·
828 2599 915 2663 de
959 2603 1201 2665 ceteris
1244 2602 1608 2666 observare
1654 2601 1814 2666 lieet
1853 2625 1923 2666 co
1968 2600 2374 2689 productum
2403 2602 2550 2664 sine
2581 2622 2807 2687 excep-

589 2701 771 2764 tione
813 2698 1015 2762 scribi
1059 2707 1216 2763 ante
1253 2722 1340 2786 qn
1368 2704 1752 2786 (coynoscere
1781 2722 2111 2785 coynomen
2137 2701 2414 2786 coqnaa'o
2443 2702 2629 2764 coni&
2656 2700 2805 2765 coui-

586 2822 724 2862 vere
767 2808 1068 2861 conectere
1108 2798 1430 2860 conubium
1456 2846 1474 2877 ‚
1518 2819 1561 2860 a
1590 2798 1833 2883 quibus
1879 2796 2196 2863 differunt
2233 2822 2558 2885 conqerere
2586 2806 2656 2863 et
2682 2793 2807 2864 obu-

586 2895 953 2980 umnerare)
975 2945 994 2975 ,
1036 2919 1149 2959 con
1179 2903 1246 2959 et
1276 2919 1345 2959 co
1375 2895 1638 2982 syllaba
1664 2895 1867 2979 longa
1906 2898 2281 2983 promiscue
2321 2904 2479 2961 ante
2517 2900 2544 2961 i
2586 2919 2807 2962 conso-

589 3002 859 3058 nantem
911 3004 979 3057 et
1029 2992 1212 3080 apud
1262 2994 1752 3059 vetustissimos
1797 3003 1955 3059 ante
1996 3019 2040 3058 u
2086 3003 2577 3060 consonantem
2617 2996 2721 3060 vel
2755 3020 2807 3058 s.

589 3093 1004 3158 notissimum
1049 3100 1155 3157 est
1197 3097 1425 3179 cojcere
1464 3094 1606 3157 sive
1644 3097 1897 3159 coiicere
1913 3141 1929 3169 ‚
1985 3092 2174 3178 quod
2204 3093 2679 3172 Quintilianum
2704 3115 2807 3179 ag·

589 3213 872 3255 noscere
903 3189 1041 3254 dixi
1084 3190 1174 3254 ad
1205 3191 1440 3255 Gaium
1483 3192 1720 3265 111‚119
1750 3241 1765 3256 .
1808 3193 2036 3256 coicere
2078 3190 2261 3278 apud
2289 3190 2585 3256 Nonium
2624 3191 2807 3277 1226?

589 3289 712 3353 268
741 3289 1063 3375 seriptum
1107 3297 1212 3353 est
1241 3291 1529 3355 octiens.
1559 3291 1656 3355 ita
1681 3289 1857 3354 idem
1887 3313 1950 3376 p.
1968 3290 2109 3366 506,
2125 3290 2205 3353 23
2237 3311 2275 3352 e
2303 3289 2566 3355 Lucilio
2604 3292 2804 3356 coicito

588 3397 643 3450 te
671 3388 830 3450 intro
861 3392 930 3448 et
959 3408 1043 3449 ex
1067 3386 1385 3453 Terentio
1412 3390 1707 3454 coicere-m
1733 3413 1796 3476 p.
1814 3389 2044 3465 87,31‚
2073 3389 2188 3454 ubi
2214 3387 2465 3452 Paulus
2498 3388 2805 3454 diaconus

591 3507 654 3570 p.
673 3484 791 3548 124
821 3485 1077 3549 coiciam
1109 3535 1123 3547 .
1168 3486 1237 3549 in
1265 3486 1598 3552 Varronis
1627 3509 1850 3551 rerum
1876 3495 2153 3563 rust.111‚
2173 3487 2268 3562 14,
2286 3486 2325 3550 4
2355 3487 2512 3552 coici
2544 3538 2559 3551 .
2599 3489 2805 3572 itaque

592 3582 948 3646 Caesarem
979 3584 1274 3648 scribere
1304 3584 1574 3649 solitum
1601 3585 1808 3649 fuisse
1839 3607 1875 3648 e
1915 3587 2403 3651 commentariis
2432 3583 2807 3674 Nipperdeii

591 3688 876 3768 apparet
905 3682 993 3766 (p.
1009 3681 1130 3745 295
1160 3682 1284 3746 304
1313 3683 1434 3747 313
1463 3683 1589 3747 448
1617 3684 1739 3747 455
1770 3683 1892 3747 473
1922 3684 2105 3770 551),
2129 3686 2242 3769 qui
2273 3707 2392 3749 eur
2422 3684 2495 3749 id
2524 3685 2805 3770 recipere

590 3780 880 3844 noluerit
905 3802 1045 3844 non
1075 3780 1275 3845 video
1306 3830 1320 3844 .
1371 3782 1744 3847 coicere-ntur
1769 3782 1839 3845 in
1871 3782 2074 3846 Caelii
2111 3782 2201 3847 ad
2232 3782 2622 3848 Ciceronem
2650 3781 2806 3866 epis·

593 3878 734 3943 tula
760 3879 904 3955 8‚8.
943 3880 1016 3942 in
1057 3879 1267 3964 ipsius
1299 3879 1641 3944 Ciceronis
1685 3881 1877 3968 epist.
1895 3903 1988 3957 ιχ,
2005 3880 2157 3957 20,1
2190 3883 2513 3946 coiecinws
2534 3931 2554 3961 ,
2596 3877 2806 3955 x‚3o‚3

594 3977 824 4039 coicere
854 4025 867 4040 .
911 3978 1276 4041 coiiciuntur
1303 3977 1372 4040 in
1407 3976 1694 4042 Vitruvii
1723 3978 1892 4042 libro
1924 3979 2119 4055 11‚4‚3
2137 4028 2153 4055 ‚
2194 3982 2535 4045 coiciantur
2563 3979 2805 4043 coicitu-

591 4085 692 4137 ιω·
721 4074 975 4138 coicitur
1013 4074 1155 4151 11‚5,
1190 4076 1219 4139 l
1254 4075 1293 4138 2
1323 4075 1396 4151 3,
1425 4075 1584 4139 item
1612 4076 1723 4151 7‚5
1753 4077 2175 4153 v11‚8‚414‚1
2220 4078 2628 4155 x‚2‚612‚2.
2656 4075 2803 4141 coho·-

592 4173 674 4235 cit
699 4170 1032 4257 glossaria
1059 4173 1384 4238 Labbaei.
1410 4174 1631 4238 codex
1653 4173 1835 4239 Festi
1858 4178 2066 4242 coiecit
2083 4201 2146 4264 p.
2163 4176 2393 4253 344‚31
2422 4226 2436 4240 .
2461 4179 2805 4242 coieommm

591 4271 848 4336 Fronto
891 4295 955 4358 p.
973 4272 1096 4337 290
1127 4322 1141 4336 .
1189 4273 1257 4336 in
1302 4282 1577 4338 senatus
1622 4273 1932 4338 consulto
1978 4274 2063 4339 de
2092 4275 2618 4341 Bacchanalibus
2654 4295 2802 4337 com-

591 4371 784 4433 vovise
813 4372 1191 4435 coventionid
1212 4420 1230 4452 ,
1275 4374 1699 4438 con-soluemmt
1725 4374 2114 4459 conspondice
2142 4375 2501 4439 cosoleretur
2524 4399 2546 4436 .·
2584 4370 2800 4436 cosmi!-

592 4478 716 4531 tere
733 4468 916 4554 apud
937 4467 1211 4533 Festum
1233 4491 1297 4555 p.
1316 4470 1414 4535 51.
1431 4470 1557 4535 sed
1581 4472 1975 4538 conauditum
1996 4481 2065 4537 et
2086 4474 2452 4560 coninquere
2473 4473 2529 4536 si
2549 4471 2801 4536 fuerunt
