3042 5192
558 362 693 431 172
1626 358 1696 426 V

546 532 906 599 seminibus
933 533 1279 618 multoque
1306 531 1653 596 minoribu’
1683 539 1843 596 sunt
1873 530 2217 596 elementis

544 671 743 735 quam
770 647 968 712 tellus
986 698 1000 711 .
1023 647 1178 712 ideo
1197 696 1214 724 ‚
1234 668 1358 732 per
1385 666 1541 710 rara
1566 646 1924 722 foramina,
1945 654 2172 710 terrae

542 764 848 851 partibus
881 784 1233 848 erumpens
1261 761 1513 848 primus
1558 783 1632 826 se
1671 761 1944 826 sustulit
1971 760 2208 825 aether

541 877 783 965 ignifer
813 885 883 942 et
909 877 1157 942 multos
1185 896 1411 940 secum
1436 876 1604 940 levis
1633 875 1912 940 abstulit
1936 875 2110 962 ignis
2129 925 2145 952 ‚

394 1011 491 1057 460
548 1015 687 1058 non
717 993 847 1057 alia
870 992 1071 1078 longe
1097 992 1358 1056 ratione
1387 1011 1467 1053 ac
1496 1011 1700 1075 saepe
1727 988 2045 1055 videntur
2062 1038 2077 1066 ‚

549 1129 753 1172 aurea
782 1129 930 1171 cum
957 1108 1238 1194 primum
1268 1104 1661 1191 gemmantis
1689 1125 1844 1168 rore
1871 1126 1995 1191 per
2021 1104 2270 1169 herbas

546 1223 871 1287 matutina
895 1222 1141 1287 rubent
1169 1219 1411 1285 radiati
1436 1219 1687 1284 lumina
1716 1219 1879 1284 solis
1896 1269 1912 1296 ‚

550 1337 814 1402 exalare
843 1337 1029 1401 lacus
1057 1335 1367 1401 nebulam
1395 1333 1713 1420 fluviique
1741 1355 2076 1420 perennes
2096 1384 2111 1411 ‚

546 1454 829 1538 ipsaque
856 1459 934 1516 ut
959 1452 1134 1516 inter
1171 1448 1329 1513 dum
1356 1448 1555 1513 tellus
1583 1448 1839 1512 fumare
1868 1448 2172 1527 videtur3

396 1584 493 1630 465
551 1567 772 1632 omnia
801 1586 972 1652 quae
1004 1586 1267 1628 sursum
1296 1585 1446 1628 cum
1475 1564 1914 1628 conciliantur
1930 1613 1947 1641 ‚
1967 1566 2036 1628 in
2066 1565 2204 1630 alto

551 1702 839 1768 corpore
867 1687 1186 1744 concreto
1215 1679 1586 1744 subtexunt
1611 1679 1840 1744 nubila
1868 1680 2122 1744 caelum
2140 1729 2153 1743 .

552 1795 649 1860 sic
675 1795 876 1882 igitur
904 1802 1044 1858 tum
1075 1814 1149 1858 se
1176 1793 1343 1858 levis
1373 1813 1453 1857 ac
1483 1792 1788 1857 diffusilis
1819 1794 2055 1859 aether

551 1930 839 1996 corpore
869 1917 1188 1973 concreto
1221 1908 1469 1972 circum
1498 1905 1697 1972 datus
1725 1907 2025 1994 undique
2051 1908 2240 1974 flexit

554 2031 622 2088 et
646 2025 783 2089 late
814 2022 1092 2088 diffusus
1119 2023 1190 2086 in
1219 2024 1434 2087 omnis
1463 2021 1762 2108 undique
1796 2024 2013 2109 partis

398 2156 496 2202 470
552 2139 774 2203 omnia
802 2139 898 2203 sic
926 2136 1126 2202 avido
1158 2137 1512 2223 complexu
1543 2149 1769 2202 cetera
1798 2138 2054 2223 saepsit
2075 2187 2088 2202 .

550 2254 731 2318 hunc
763 2252 1043 2319 exordia
1071 2260 1230 2317 sunt
1258 2252 1419 2316 solis
1448 2252 1782 2338 lunaeque
1812 2260 2044 2317 secuta
2062 2302 2078 2330 ‚

550 2368 1014 2454 interutraque
1043 2366 1225 2453 globi
1254 2388 1540 2452 quorum
1566 2375 1923 2432 vertuntur
1949 2369 2021 2431 in
2051 2369 2260 2445 auris3

556 2503 728 2567 quae
756 2503 975 2567 neque
1004 2491 1187 2547 terra
1216 2482 1342 2546 sibi
1371 2480 1658 2546 adscivit
1683 2504 1811 2546 nec
1837 2483 2162 2547 maximus
2191 2483 2424 2548 aether
2443 2535 2459 2560 ‚

556 2595 742 2682 quod
770 2617 989 2682 neque
1015 2603 1154 2660 tam
1179 2596 1451 2661 fuerunt
1477 2598 1710 2682 gravia
1734 2605 1813 2662 ut
1843 2596 2168 2683 depressa
2195 2597 2512 2664 sederent
2529 2649 2544 2677 ‚

402 2728 499 2773 475
556 2731 682 2774 nec
709 2710 882 2775 levia
909 2718 988 2775 ut
1012 2719 1294 2797 possent
1320 2733 1445 2798 per
1474 2733 1764 2777 summas
1790 2712 2001 2778 labier
2031 2734 2186 2777 oras
2205 2761 2220 2789 ‚

556 2833 624 2890 et
652 2831 876 2889 tamen
903 2827 1363 2912 interutraque
1391 2827 1487 2890 ita
1515 2833 1675 2891 sunt
1690 2876 1706 2904 ‚
1727 2834 1807 2892 ut
1835 2849 2124 2914 corpora
2150 2829 2302 2892 viva

554 2948 832 3005 versent
862 2948 930 3005 et
957 2948 1187 3026 partes
1214 2948 1294 3005 ut
1318 2940 1551 3005 mundi
1576 2941 1786 3006 totius
1818 2949 2085 3020 extent3

557 3053 745 3141 quod
772 3077 983 3142 genus
1012 3056 1081 3120 in
1107 3057 1304 3121 nobis
1337 3055 1666 3142 quaedam
1693 3057 1853 3122 licet
1879 3056 1948 3121 in
1977 3058 2269 3122 statione

554 3171 853 3235 membra
878 3192 1145 3235 manere
1163 3220 1178 3247 ‚
1204 3180 1423 3236 tamen
1453 3193 1602 3235 cum
1633 3172 1769 3237 sint
1796 3192 1876 3234 ea
1906 3194 2080 3258 quae
2107 3180 2536 3238 moveantur.

401 3301 499 3348 480
553 3284 660 3348 his
689 3286 890 3371 igitur
916 3286 1119 3350 rebus
1147 3286 1457 3351 retractis
1485 3294 1669 3351 terra
1695 3294 1973 3373 repente
1991 3336 2007 3364 ,

553 3420 861 3463 maxuma
892 3421 1026 3486 qua
1053 3421 1231 3464 nunc
1261 3422 1335 3466 se
1363 3401 1557 3486 ponti
1583 3401 1786 3487 plaga
1814 3402 2079 3466 caerula
2109 3401 2329 3466 tendit
2345 3452 2360 3478 ,

557 3512 841 3578 succidit
869 3523 940 3580 et
968 3516 1146 3580 salso
1177 3514 1452 3581 suffudit
1478 3517 1743 3602 gurgite
1771 3516 1994 3581 fossas
2014 3567 2027 3580 .

555 3630 760 3715 inque
790 3629 933 3693 dies
964 3638 1215 3715 quanto
1247 3631 1493 3695 circum
1520 3632 1734 3717 magis
1764 3631 2058 3696 aetheris
2087 3639 2317 3696 aestus

559 3752 628 3808 et
654 3743 825 3809 radii
854 3744 1016 3809 solis
1047 3747 1379 3831 cogebant
1405 3745 1707 3832 undique
1737 3755 1983 3811 terram
2002 3794 2018 3822 ‚

406 3875 503 3920 435
556 3859 949 3925 verberibus
980 3861 1231 3925 crebris
1264 3868 1565 3926 extrema
1593 3883 1635 3925 a
1662 3862 1880 3925 limini'
1909 3868 2104 3948 parte

567 4171 668 4219 458
696 4174 749 4218 ct
784 4167 805 4236 ΙΙ
842 4173 941 4220 460
968 4167 1231 4223 videmus.
1271 4170 1292 4239 Η
1328 4174 1424 4222 463
1452 4168 1785 4239 Exalautque
1811 4172 1832 4237 ΙΙ
1873 4174 1972 4222 468
1996 4169 2224 4240 saepsit.
2264 4168 2285 4237 ΙΙ
2321 4175 2420 4220 472
2449 4166 2597 4220 Inter
2619 4173 2778 4220 utras·

567 4267 670 4321 que
706 4250 726 4319 ΙΙ
762 4256 862 4304 476
888 4251 1026 4307 inter
1049 4260 1301 4325 utrasque
1337 4254 1359 4322 ΙΙ
1396 4259 1491 4306 481
1519 4252 1675 4323 plage
1711 4253 1733 4321 ΙΙ
1771 4258 1868 4305 482
1906 4251 2079 4307 salsos
2106 4250 2296 4306 offudit
2333 4253 2355 4318 ΙΙ
2393 4257 2491 4304 485
2531 4251 2599 4304 ad
2621 4250 2782 4303 limina

566 4340 799 4403 partem.
