3042 5192
1322 467 1419 535 111

232 663 494 730 suppus
513 690 532 718 ‚
562 649 634 706 et
660 640 735 705 in
760 647 946 704 terra
969 639 1213 704 mentis
1245 640 1359 725 qui
1385 639 1679 727 gignitur
1707 650 1935 708 aestus
1954 693 1970 718 ‚

229 759 407 821 inter
439 756 742 843 dumque
774 755 965 842 quasi
996 754 1367 840 exurgendi
1390 756 1650 820 incerta
1676 757 2019 823 voluntas.

102 889 179 936 175
235 892 397 957 ergo
429 890 835 958 corpoream
862 877 1169 934 naturam
1197 868 1395 933 animi
1424 890 1574 934 esse
1602 882 1980 949 necessest,

231 986 584 1072 corporeis
617 985 932 1072 quoniam
960 983 1112 1049 telis
1140 984 1411 1071 ictuque
1437 984 1705 1051 laborat
1722 1033 1736 1049 .

316 1100 385 1164 Is
414 1099 541 1164 tibi
567 1120 749 1163 nunc
777 1099 1034 1163 animus
1063 1098 1244 1184 quali
1272 1099 1359 1163 sit
1388 1120 1676 1186 corpore
1707 1108 1776 1165 et
1801 1100 1981 1165 unde

232 1214 621 1278 constiterit
646 1234 923 1301 pergam
948 1214 1279 1277 rationem
1305 1210 1596 1288 reddere
1629 1212 1826 1280 dictis
1845 1264 1858 1278 .

225 1327 564 1414 principio
597 1350 748 1393 esse
776 1328 882 1392 aio
912 1327 1347 1417 persuptilem
1376 1338 1583 1413 atque
1611 1328 1881 1395 minutis

102 1459 180 1506 1⁸0
227 1463 564 1530 perquam
595 1442 993 1528 corporibus
1018 1443 1271 1507 factum
1299 1450 1613 1507 constare
1631 1491 1645 1506 .
1666 1442 1739 1506 id
1764 1444 1862 1509 ita
1889 1466 2037 1509 esse

228 1557 389 1622 hinc
416 1558 581 1621 licet
609 1555 927 1622 advertas
956 1557 1245 1621 animum
1270 1565 1351 1623 ut
1374 1578 1782 1644 pernoscere
1810 1560 2034 1646 possis
2053 1610 2066 1624 .

230 1673 325 1736 nil
352 1670 531 1736 adeo
560 1671 707 1736 fieri
735 1671 933 1736 celeri
959 1672 1222 1736 ratione
1250 1669 1520 1736 videtur
1539 1720 1556 1748 ,

234 1808 430 1872 quam
461 1787 591 1852 sibi
617 1807 808 1851 mens
835 1786 979 1852 fieri
1003 1787 1327 1873 proponit
1358 1793 1427 1851 et
1451 1786 1728 1851 inchoat
1755 1787 1937 1872 ipsa:

238 1901 423 1967 ocius
454 1922 621 1988 ergo
651 1902 907 1967 animus
938 1922 1137 1987 quam
1164 1923 1276 1966 res
1306 1922 1380 1965 se
1408 1902 1666 1988 perciet
1692 1901 1828 1966 ulla
1846 1951 1862 1979 ‚

100 2032 183 2078 18⁵
234 2024 389 2080 ante
418 2016 658 2081 oculos
689 2037 974 2102 quorum
999 2017 1069 2080 in
1097 2024 1414 2102 promptu
1441 2023 1686 2080 natura
1713 2016 2014 2082 videtur:

234 2139 304 2196 at
331 2129 525 2218 quod
551 2130 795 2195 mobile
825 2138 1020 2196 tanto
1050 2137 1328 2217 operest
1344 2180 1360 2208 ,
1390 2138 1704 2196 constare
1733 2132 2046 2197 rutundis

232 2267 560 2333 perquam
590 2246 950 2311 seminibus
982 2244 1188 2310 debet
1212 2266 1678 2332 perquamque
1705 2248 1974 2313 minutis
1993 2297 2009 2323 ‚

230 2361 525 2425 momine
552 2362 656 2425 uti
680 2381 896 2447 parvo
924 2361 1192 2447 possint
1216 2360 1485 2446 inpulsa
1509 2362 1767 2426 moveri
1783 2411 1798 2425 .

232 2496 525 2561 namque
555 2483 864 2540 movetur
890 2497 1069 2562 aqua
1099 2482 1168 2540 et
1194 2475 1458 2540 tantillo
1487 2476 1774 2541 momine
1801 2475 1997 2542 flutat
2016 2526 2030 2552 ‚

100 2605 185 2653 190
236 2592 488 2678 quippe
515 2589 920 2657 volubilibus
948 2590 1311 2677 parvisque
1339 2598 1568 2656 creata
1594 2592 1822 2677 figuris
1842 2642 1857 2656 .

235 2714 306 2770 at
332 2713 577 2770 contra
602 2705 817 2770 mellis
846 2706 1265 2771 constantior
1296 2712 1403 2770 est
1427 2713 1674 2771 natura

236 2828 303 2884 et
326 2821 505 2907 pigri
532 2820 767 2886 latices
794 2821 1004 2907 magis
1034 2828 1104 2884 et
1130 2821 1558 2885 cunctantior
1587 2831 1813 2887 actus:

231 2934 471 3001 haeret
499 2937 675 3000 enim
701 2937 878 3001 inter
906 2957 980 3000 se
1008 2935 1220 3021 magis
1258 2935 1472 3000 omnis
1501 2937 1803 3002 materiai

235 3051 432 3137 copia
448 3099 465 3127 ,
486 3050 559 3113 ni
584 3051 820 3114 mirum
837 3100 853 3126 ‚
876 3050 1034 3137 quia
1059 3070 1200 3114 non
1226 3057 1365 3114 tam
1392 3050 1653 3116 levibus
1685 3059 1875 3116 extat

101 3178 184 3226 195
243 3165 647 3251 corporibus
683 3186 906 3252 neque
935 3172 1074 3230 tam
1103 3165 1458 3250 suptilibus
1489 3174 1696 3252 atque
1724 3165 2038 3231 rutundis
2058 3216 2071 3230 .
2105 3217 2110 3224 .

236 3299 523 3365 namque
553 3280 911 3367 papaveris
940 3301 1103 3345 aura
1130 3287 1363 3366 potest
1390 3302 1724 3368 suspensa
1748 3280 2051 3368 levisque

236 3415 478 3480 cogere
504 3401 587 3458 ut
613 3395 699 3459 ab
729 3416 985 3460 summo
1013 3395 1136 3461 tibi
1166 3394 1428 3461 diffluat
1455 3397 1632 3462 altus
1662 3418 1944 3462 acervus
1962 3447 1978 3474 ‚

232 3516 303 3572 at
327 3516 577 3574 contra
600 3509 897 3596 lapidum
925 3508 1300 3575 conlectum
1331 3511 1608 3597 spiritus
1648 3532 1803 3576 acer

231 3644 456 3688 noenu
483 3632 753 3711 potest.
774 3625 978 3710 igitur
1006 3625 1403 3712 parvissima
1433 3647 1722 3713 corpora
1749 3648 1876 3713 pro
1908 3648 2109 3713 quam

97 3751 181 3798 200
231 3745 299 3802 et
322 3738 665 3803 levissima
692 3745 853 3803 sunt
869 3788 885 3815 ‚
904 3740 1002 3805 ita
1026 3739 1398 3805 mobilitate
1425 3739 1773 3806 fruuntur:

232 3860 303 3917 at
329 3861 575 3918 contra
603 3874 778 3938 quae
809 3875 1093 3940 cumque
1122 3855 1333 3940 magis
1363 3876 1513 3919 cum
1540 3854 1846 3941 pondere
1873 3875 2119 3940 magno

231 3987 612 4055 asperaque
639 3968 1068 4034 inveniuntur
1085 4018 1101 4045 ‚
1126 3990 1205 4036 eo
1237 3971 1532 4036 stabilita
1556 3972 1766 4058 magis
1795 3978 1954 4036 sunt
1969 4020 1984 4034 .

227 4103 403 4147 nunc
428 4083 637 4170 igitur
668 4084 983 4169 quoniam
1013 4092 1119 4150 est
1147 4084 1343 4149 animi
1369 4092 1614 4150 natura
1640 4093 1912 4171 reperta

2389 472 2481 540 85

239 4361 335 4410 173
361 4357 560 4412 Suavis
598 4357 621 4426 ΙΙ
656 4367 864 4414 mentes
901 4360 925 4429 ΙΙ
963 4366 1059 4414 176
1085 4360 1342 4432 Corporis
1380 4360 1403 4430 ΙΙ
1441 4367 1537 4415 183
1575 4362 1622 4416 si
1659 4362 1682 4430 ΙΙ
1721 4368 1820 4415 198
1855 4363 2150 4416 coniectum
2174 4362 2465 4432 spicarum·-

240 4455 363 4509 que.
396 4445 419 4509 ΙΙ
456 4447 558 4496 203
599 4449 687 4496 est
707 4451 975 4499 omissum.
