3042 5192
592 458 727 526 130
1641 457 1768 525 ΠΠ

426 650 523 695 455
579 641 721 697 tum
747 631 1020 717 vigilare
1049 638 1273 694 tamen
1299 630 1496 693 nobis
1527 638 1598 694 et
1625 632 1920 698 membra
1945 654 2216 698 movere

580 756 818 811 nostra
844 744 1147 810 videmur
1166 794 1181 820 ,
1205 751 1275 808 et
1301 745 1371 808 in
1398 745 1618 809 noctis
1651 746 1928 833 caligine
1958 769 2160 814 caeca

583 882 854 926 cernere
886 881 1233 924 censemus
1262 858 1472 923 solem
1500 860 1857 947 lumenque
1888 862 2198 928 diurnum
2216 915 2232 941 ‚

580 977 1034 1061 conclusoque
1060 975 1214 1038 loco
1245 973 1500 1039 caelum
1526 997 1708 1040 mare
1735 975 2005 1042 flumina
2030 981 2279 1044 montis

578 1099 834 1155 mutare
865 1098 933 1155 et
961 1111 1234 1175 campos
1263 1088 1551 1176 pedibus
1583 1093 1868 1156 transire
1897 1093 2233 1172 videmur,

422 1224 522 1272 460
579 1216 647 1272 et
676 1208 935 1272 sonitus
966 1203 1197 1269 audire
1216 1253 1230 1280 ,
1254 1226 1490 1269 severa
1518 1206 1779 1270 silentia
1806 1207 2026 1272 noctis

574 1321 873 1407 undique
903 1342 1051 1384 cum
1082 1325 1394 1383 constent
1411 1368 1427 1394 ‚
1454 1328 1521 1383 et
1551 1319 1838 1384 reddere
1871 1320 2054 1386 dicta
2080 1330 2383 1389 tacentes
2403 1378 2418 1391 .

579 1444 806 1501 cetera
836 1434 920 1498 de
951 1455 1195 1520 genere
1223 1433 1358 1498 hoc
1384 1433 1639 1498 miracli
1665 1434 1876 1499 multa
1903 1433 2207 1500 videmus
2225 1485 2241 1513 ‚

578 1571 749 1636 quae
777 1550 1029 1614 violare
1057 1547 1259 1613 fidem
1290 1550 1481 1633 quasi
1510 1549 1818 1614 sensibus
1847 1551 2069 1614 omnia
2098 1558 2428 1636 quaerunt
2444 1601 2459 1628 ‚

571 1686 657 1728 ne
689 1666 1003 1750 quiquam
1021 1714 1035 1740 ‚
1060 1664 1373 1749 quoniam
1400 1685 1560 1748 pars
1590 1664 1832 1728 horum
1859 1667 2146 1729 maxima
2170 1666 2340 1731 fauit

418 1796 515 1842 465
569 1788 852 1867 propter
881 1780 1192 1864 opinatus
1222 1781 1418 1843 animi
1436 1829 1451 1854 ,
1478 1801 1652 1865 quos
1684 1779 1994 1844 addimus
2022 1780 2188 1867 ipsi,

568 1916 696 1981 pro
726 1895 887 1960 visis
915 1901 995 1958 ut
1023 1895 1158 1958 sint
1188 1916 1359 1979 quae
1385 1916 1527 1959 non
1557 1903 1718 1958 sunt
1748 1894 2039 1959 sensibu’
2068 1898 2248 1960 visa:

564 2031 721 2074 nam
748 2010 843 2074 nil
869 2011 1130 2095 aegrius
1163 2017 1268 2072 est
1298 2030 1497 2094 quam
1524 2029 1636 2073 res
1668 2029 2020 2073 secernere
2050 2019 2319 2097 apertas

567 2127 650 2190 ab
684 2124 902 2189 dubiis
922 2173 937 2199 ‚
961 2125 1217 2187 animus
1250 2143 1417 2207 quas
1448 2123 1532 2186 ab
1566 2144 1641 2186 se
1668 2123 1984 2209 protinus
2018 2123 2243 2189 addit.

648 2240 956 2325 Denique
984 2238 1078 2301 nil
1109 2237 1264 2301 sciri
1294 2238 1502 2322 siquis
1532 2244 1764 2325 putat,
1783 2236 1858 2300 id
1889 2259 2161 2323 quoque
2187 2240 2409 2305 nescit

409 2372 509 2418 470
567 2377 652 2418 an
685 2356 837 2418 sciri
867 2354 1091 2441 possit
1109 2400 1123 2428 ‚
1149 2354 1462 2436 quoniam
1489 2353 1585 2417 nil
1614 2354 1788 2416 scire
1815 2352 2068 2417 fatetur
2086 2403 2100 2416 .

560 2469 742 2533 hunc
769 2469 972 2554 igitur
1001 2474 1238 2531 contra
1263 2469 1521 2532 mittam
1552 2465 1964 2532 contendere
1994 2489 2262 2533 causam
2279 2518 2294 2542 ‚

562 2585 677 2670 qui
709 2586 925 2671 capite
951 2586 1099 2669 ipse
1130 2604 1251 2647 sua
1277 2582 1348 2646 in
1379 2585 1616 2647 statuit
1643 2583 1930 2668 vestigia
1955 2604 2107 2647 sese
2127 2631 2140 2647 .

562 2708 629 2763 et
657 2707 879 2762 tamen
906 2698 1039 2762 hoc
1072 2716 1342 2783 quoque
1370 2697 1468 2760 uti
1501 2696 1868 2761 concedam
1900 2699 2070 2761 scire
2090 2747 2103 2772 ,
2128 2703 2199 2761 at
2225 2696 2298 2761 id
2324 2699 2544 2784 ipsum

559 2834 874 2899 quaeram
892 2863 906 2889 ‚
932 2835 1081 2877 011111
1107 2812 1177 2874 111
1203 2812 1409 2875 rebus
1439 2812 1582 2876 veri
1610 2812 1706 2875 nil
1731 2811 1979 2876 viderit
2007 2819 2163 2874 ante
2182 2861 2198 2885 ‚

401 2946 497 2992 475
555 2928 733 2992 unde
766 2929 935 2992 sciat
966 2926 1129 3011 quid
1160 2926 1249 2990 sit
1279 2926 1451 2990 scire
1483 2934 1551 2990 et
1577 2927 1838 2991 nescire
1866 2927 2195 3000 vicissim,

552 3044 856 3108 notitiam
883 3043 1026 3105 veri
1062 3063 1233 3127 quae
1262 3063 1372 3106 res
1400 3040 1688 3126 falsique
1719 3043 1965 3106 crearit
1982 3090 1997 3117 ‚

555 3167 621 3223 et
653 3158 924 3222 dubium
956 3163 1142 3221 certo
1176 3177 1347 3241 quae
1375 3178 1489 3220 res
1523 3155 1789 3220 differre
1819 3156 2128 3242 probarit
2148 3205 2161 3219 .

547 3274 845 3336 invenies
874 3273 1104 3358 primis
1136 3270 1220 3335 ab
1251 3272 1561 3335 sensibus
1594 3291 1748 3334 esse
1778 3277 2071 3334 creatam

547 3388 851 3468 notitiem
878 3386 1021 3450 veri
1042 3435 1055 3461 ‚
1077 3407 1301 3471 neque
1332 3406 1572 3450 sensus
1603 3405 1811 3472 posse
1839 3384 2052 3449 refelli
2070 3434 2083 3448 .

389 3518 489 3565 480
546 3523 699 3565 110111
727 3501 976 3564 maiore
1005 3500 1139 3565 fide
1171 3500 1374 3565 debet
1402 3501 1758 3587 reperirier
1785 3500 1986 3575 illud,

544 3624 785 3702 sponte
819 3638 940 3680 sua
968 3617 1145 3680 veris
1179 3615 1364 3702 quod
1393 3616 1615 3701 possit
1641 3617 1910 3679 vincere
1936 3615 2139 3680 falsa:

544 3732 705 3818 quid
734 3734 983 3795 maiore
1012 3730 1144 3795 fide
1174 3753 1378 3818 porro
1413 3752 1611 3816 quam
1642 3751 1881 3795 sensus
1910 3730 2144 3795 haberi

540 3846 793 3911 debet?
823 3869 909 3911 an
939 3847 1023 3910 ab
1057 3868 1261 3910 sensu
1289 3845 1464 3909 falso
1492 3846 1667 3909 ratio
1700 3853 1852 3909 orta
1878 3846 2132 3911 valebit

539 3961 760 4027 dicere
793 3984 910 4025 eos
943 3969 1181 4025 contra
1200 4010 1215 4037 ‚
1241 3981 1414 4045 quae
1442 3968 1591 4023 tota
1619 3960 1701 4024 ab
1735 3961 2045 4025 sensibus
2078 3969 2231 4026 orta
2260 3962 2413 4026 est?

379 4092 474 4139 485
534 4080 648 4163 qui
676 4076 803 4142 nisi
836 4084 994 4141 sunt
1021 4078 1162 4140 veri
1182 4123 1197 4150 ,
1220 4076 1394 4139 ratio
1428 4096 1700 4161 quoque
1728 4074 1901 4139 falsa
1926 4075 2005 4139 fit
2034 4076 2246 4140 omnis
2266 4125 2279 4140 .

537 4357 637 4406 456
675 4349 915 4404 videatur
963 4351 982 4422 ΙΙ
1031 4357 1130 4403 460
1168 4353 1392 4406 montis.
1441 4349 1460 4422 ΙΙ
1509 4356 1609 4404 462
1647 4351 1883 4405 mirande
1932 4353 1954 4424 Η
2002 4359 2098 4405 471
2139 4353 2357 4405 mituam
2407 4350 2428 4421 ΙΙ
2467 4358 2571 4405 472
2610 4371 2710 4406 suo
2748 4355 2768 4423 ΙΙ

534 4442 632 4487 475
674 4434 944 4486 vicissem.
985 4432 1004 4503 ΙΙ
1044 4440 1143 4486 479
1182 4451 1344 4488 sensu
