3042 5192
1311 470 1378 536 V
2316 474 2456 543 305

231 669 368 709 rum
413 647 716 730 carpentis
745 693 761 720 ‚
799 669 958 731 quae
985 647 1223 730 partim
1252 657 1516 710 contecta
1534 650 1771 732 partun
1797 648 2061 710 revelata
2073 646 2322 733 frustra
2349 672 2458 712 no-

229 745 488 813 vetes-imis
512 744 904 807 trahebantur
932 745 1298 829 couseqnii-r,
1336 745 1446 828 qui
1480 752 1585 808 tot
1615 743 1909 807 eiusdem
1940 746 2125 809 vocis
2158 749 2460 834 exempla

233 840 790 916 consideraverit,
814 842 1174 904 novissima
1192 850 1514 929 carpenta
1532 843 1793 906 illorum
1812 841 2280 908 decoratorum
2301 868 2458 909 con-

231 961 467 1014 sccua,
497 939 628 1002 hoc
659 948 764 1002 est
791 939 902 1003 illa
925 939 1247 1003 decorata
1276 949 1432 1003 ante
1461 940 1824 1004 novissima
1849 940 2055 1005 fuisse
2084 942 2458 1026 intelleget.

231 1037 401 1100 hacc
433 1045 654 1099 autem
683 1035 1014 1101 adiectiva
1044 1045 1113 1101 et
1140 1036 1463 1102 adverbia
1493 1061 1535 1101 a
1558 1039 1754 1102 bonis
1786 1040 2227 1125 scriptoribus
2258 1041 2459 1126 sylla-

231 1136 333 1199 bis
365 1134 596 1197 divisis
629 1135 892 1220 prolata
923 1157 1072 1200 esse
1109 1143 1252 1200 tum
1278 1136 1429 1222 ipsa
1455 1136 1688 1219 regula
1719 1139 2030 1222 exposita
2059 1159 2137 1201 ac
2167 1138 2460 1203 fortasse

232 1232 529 1298 nondum
556 1234 721 1330 satis
745 1241 932 1297 recte
956 1234 1456 1320 circumscripta
1481 1234 1973 1299 demonstravi.
2006 1238 2218 1300 omnis
2241 1247 2461 1302 autem

231 1332 431 1395 huius
476 1332 967 1395 observationis
1011 1332 1222 1416 prima
1267 1334 1551 1396 stamina
1580 1335 1834 1396 suntin
1865 1333 2153 1418 quadam
2180 1335 2463 1400 Bentleii

235 1430 693 1517 disputatione
729 1478 743 1503 ‚
790 1451 987 1515 quam
1017 1429 1312 1493 Phaedri
1356 1431 1530 1494 libro
1574 1432 1789 1518 primo
1827 1434 1895 1494 in
1924 1432 2054 1496 fine
2085 1436 2459 1520 appositam

231 1527 695 1592 W⁷akefieldus
754 1538 821 1591 et
863 1527 1185 1613 Forbiger
1235 1551 1596 1614 numquam
1650 1529 1893 1614 legisse
1934 1537 2463 1616 cognoscuntur,

233 1649 384 1690 cum
423 1628 491 1689 in
531 1626 699 1689 libro
740 1626 942 1690 tertio
972 1626 1266 1691 Lucretii
1300 1628 1425 1691 648
1465 1628 1607 1691 sine
1650 1628 1784 1691 ulla
1825 1627 2241 1693 dubitatione
2284 1652 2462 1693 com-

231 1733 528 1788 mentum
554 1724 875 1788 Italorum
914 1725 984 1787 in
1025 1726 1246 1788 omnia
1288 1726 1690 1811 exemplaria
1729 1727 1914 1812 typis
1959 1749 2284 1813 expressa
2322 1728 2463 1791 illa-

231 1835 374 1886 tum
406 1823 729 1907 probant,
775 1823 1075 1906 quamvis
1103 1822 1447 1886 Bentleius
1490 1847 1625 1886 eum
1665 1824 2164 1910 praepositione
2205 1826 2468 1888 abiecta

231 1919 588 2005 legendum
633 1920 977 1984 docuisset
1026 1923 1291 2006 Corpore
1329 1922 1563 2008 reliq-ilo
1599 1970 1615 1995 ‚
1675 1921 1860 2006 quod
1896 1923 1991 1986 ita
2035 1923 2355 2009 scriptum
2398 1924 2465 1986 in

231 2018 633 2084 membranis
663 2017 1015 2083 Vossianis
1058 2029 1288 2083 extare
1328 2027 1544 2082 testor
1573 2068 1587 2082 .
1628 2019 1738 2082 hic
1779 2020 1980 2105 igitur
2025 2022 2316 2084 comicos
2350 2043 2465 2084 ve-

232 2130 416 2183 teres
447 2167 463 2192 ,
503 2119 659 2181 item
689 2117 1070 2181 Lucretium
1102 2125 1170 2179 ct
1199 2116 1614 2190 Phaedrum,
1656 2119 1947 2180 relicuom
1979 2127 2298 2202 quattuor
2329 2120 2466 2205 syl-

233 2217 407 2282 labis
444 2216 762 2280 extulisse
799 2215 1100 2280 ostendit
1134 2264 1148 2290 ,
1191 2217 1461 2301 negavit
1489 2224 1711 2279 autem
1743 2237 1823 2277 eo
1860 2215 2218 2299 Vergilium
2249 2218 2466 2281 Hora-

228 2318 398 2380 tium
440 2314 774 2377 Tibullum
815 2315 1241 2401 Propertium
1276 2334 1588 2397 umquam
1632 2335 1794 2375 usos
1842 2334 1991 2375 esse
2026 2362 2038 2375 .
2083 2315 2304 2397 potuit
2347 2314 2467 2378 ad-

233 2413 400 2477 dere
445 2411 757 2476 Ovidium
788 2462 803 2487 ‚
860 2413 1160 2478 Gratium
1192 2461 1206 2488 ‚
1266 2411 1725 2475 Germanicum
1758 2458 1772 2484 ,
1825 2410 2262 2497 Priapcorum
2306 2420 2467 2498 poe-

231 2523 341 2577 tas
372 2560 388 2585 ‚
434 2510 756 2596 opuscula
796 2511 1190 2574 Maroniana
1219 2559 1235 2585 ‚
1285 2508 1741 2578 Columellam,
1786 2508 2145 2582 Senecam,
2191 2511 2466 2596 Calpur-

231 2609 416 2672 nium
448 2657 464 2683 ‚
522 2608 863 2672 Lucanum
895 2657 911 2683 ‚
957 2607 1297 2671 Valerium
1351 2605 1662 2669 Flaccum
1698 2656 1711 2669 .
1774 2607 1896 2670 sed
1956 2608 2142 2693 quod
2194 2610 2468 2675 Martia-

228 2709 362 2772 lcm
406 2729 484 2772 ac
524 2706 902 2770 Iuvenalem
948 2708 1199 2791 primos
1242 2707 1497 2769 relicum
1542 2703 1791 2768 dixisse
1833 2707 2233 2772 existimavit
2262 2758 2277 2784 ‚
2331 2730 2469 2772 non

229 2807 403 2870 satis
447 2804 738 2869 attendit
765 2804 1065 2867 Persium
1107 2824 1187 2865 co
1232 2811 1470 2887 quater
1516 2825 1707 2866 usum
1753 2825 1901 2867 esse
1928 2853 1943 2879 ‚
1991 2805 2219 2868 Silium
2260 2807 2471 2870 multo

231 2904 507 2989 saepius
527 2952 542 2976 ,
573 2904 858 2965 Statium
891 2910 1026 2965 ter:
1057 2899 1265 2964 habet
1294 2901 1492 2963 etiam
1526 2901 1819 2985 Sulpicia
1852 2900 2076 2965 Caleni
2109 2952 2121 2965 .
2156 2912 2231 2967 at
2261 2905 2472 2988 epito-

231 3011 456 3067 mator
500 2999 750 3064 Iliados
791 3021 928 3062 non
969 2999 1191 3085 potuit
1234 2998 1527 3061 scribere
1570 2999 1693 3061 &95
1738 3002 2002 3084 Atropos
2042 3000 2202 3064 huuc
2244 3004 2475 3064 circum

228 3101 434 3166 stabat
471 3101 862 3185 reliquaeque
902 3121 1137 3161 sorore-5
1167 3093 1200 3174 ,’
1237 3097 1457 3181 potuit
1496 3098 1852 3182 riyidaeque
1896 3121 2132 3160 sorores
2158 3124 2183 3180 ‚·
2244 3119 2471 3182 quam-

233 3220 441 3285 quam
484 3196 885 3281 exemplaria
929 3206 1061 3259 tam
1094 3195 1360 3258 mirifice
1392 3195 1657 3258 variant
1687 3243 1701 3268 ‚
1743 3203 1819 3257 ut
1850 3194 1933 3257 de
1962 3195 2094 3259 hoc
2123 3217 2322 3259 versu
2354 3194 2475 3258 ad-

233 3298 372 3361 huc
405 3295 562 3359 nihil
596 3294 911 3358 constitui
941 3294 1193 3378 possit.
1237 3315 1362 3356 nec
1390 3292 1666 3356 Manilio
1700 3294 2058 3358 convenire
2092 3303 2255 3379 puto
2288 3292 2478 3378 quod

232 3405 347 3460 est
381 3396 451 3458 in
493 3417 561 3466 11,
581 3393 702 3456 734
734 3441 748 3466 ‚
797 3393 1082 3456 Dimidia
1108 3440 1125 3470 ,
1173 3393 1426 3478 reliquis
1454 3393 1757 3454 tribuatur
1782 3404 1850 3455 ul
1888 3393 2100 3456 ordine
2126 3394 2315 3477 siquis
2343 3418 2365 3454 .·
2409 3399 2479 3455 et

233 3507 462 3559 tamen
504 3491 704 3555 video
736 3489 1076 3554 Friderico
1107 3491 1356 3553 Iacobo
1399 3489 1581 3552 hunc
1624 3511 1889 3553 versum
1922 3491 2193 3576 probari
2223 3539 2238 3566 ‚
2281 3512 2479 3574 quem

234 3591 587 3657 Bentleius
629 3590 953 3653 reiecerat
985 3639 998 3652 .
1045 3591 1338 3653 relieu'iae
1382 3597 1604 3652 autem
1648 3611 2006 3673 numquam
2038 3587 2258 3652 dictae
2290 3596 2479 3660 sunt.

233 3690 545 3777 quamvis
593 3688 690 3751 ita
741 3687 1089 3772 scripsisse
1133 3695 1398 3750 veteres
1445 3686 1627 3750 dicat
1664 3687 2060 3773 Papirianus
2103 3688 2171 3750 in
2222 3687 2482 3773 sylloge

234 3787 546 3853 Putsohii
575 3809 639 3871 p.
660 3785 824 3850 2290
857 3834 870 3847 .
919 3787 1215 3849 relicuum
1247 3784 1616 3848 Vaticanus
1659 3783 1878 3848 codex
1908 3785 2207 3849 Sallustii
2232 3786 2299 3847 in
2333 3806 2483 3847 ora-

235 3889 428 3951 tione
457 3885 674 3947 Macri
704 3886 759 3968 ξ.
787 3886 814 3947 1
839 3934 852 3947 .
883 3885 1139 3970 νεῖὶῳῖεἰ
1172 3890 1276 3946 est
1303 3883 1373 3946 in
1402 3882 1548 3967 lege
1570 3882 1735 3945 Iulia
1763 3884 2138 3969 municipali
2177 3883 2283 3945 151
2310 3908 2326 3958 ς
2358 3883 2483 3946 sci-

236 3986 404 4049 licet
443 3991 518 4046 ut
551 3984 824 4068 pequdes
841 4006 1039 4068 pequs
1059 3983 1334 4068 pequuia
1358 3983 1680 4068 pequlatus’
1711 4030 1726 4054 ‚
1771 3983 1927 4044 item
1957 3982 2024 4043 in
2053 3982 2200 4065 lege
2231 3980 2488 4043 Thoria

238 4084 324 4146 25
370 4093 700 4168 oqupatum
749 4090 816 4145 et
865 4081 974 4143 lOl
1009 4082 1357 4165 persequtio
1391 4129 1405 4143 .
1449 4081 1758 4165 reliquuos
1801 4101 1921 4166 per
1954 4080 2091 4142 duo
2122 4103 2163 4142 u
2196 4077 2487 4143 dubitari

239 4203 384 4245 non
430 4188 663 4266 potest
703 4181 863 4264 quin
913 4186 1097 4241 extet
1125 4178 1190 4240 in
1225 4177 1566 4241 Ciceronis
1598 4176 1683 4240 de
1714 4199 1788 4240 re
1816 4178 2083 4263 publica
2113 4178 2281 4240 libro
2312 4199 2354 4248 1,
2374 4176 2452 4236 35
2472 4222 2487 4246 ,

240 4280 361 4342 ubi
383 4278 607 4341 Maius
631 4276 820 4341 dedit
844 4278 1160 4360 exiguuos
1178 4324 1195 4354 ,
1220 4299 1264 4360 9
1289 4275 1552 4339 litt-crae
1580 4297 1717 4338 non
1747 4276 1873 4338 nisi
1902 4274 2251 4358 vestigium
2282 4274 2490 4335 breve

247 4399 522 4442 manere
557 4383 879 4439 testatus:
911 4383 1195 4460 apparet
1217 4374 1386 4436 enim
1411 4372 1838 4437 scribendum
1864 4394 2013 4435 csse
2034 4372 2343 4456 reliquuos
2361 4393 2491 4432 ms-

249 4477 478 4541 tenlari
507 4476 689 4538 unius
719 4475 929 4558 optimi
958 4484 1012 4537 el
1037 4473 1257 4536 summi
1283 4473 1402 4533 riri
1431 4471 1777 4555 diliyeutia.
1810 4470 2181 4554 scripturae
2212 4467 2493 4530 mutabi-

2009 4567 2090 4630 20
