3042 5192
626 448 760 514 196
1697 446 1764 512 V

614 621 842 685 nubila
858 670 874 695 ‚
897 621 1032 695 sol,
1056 616 1302 684 imbres
1323 668 1338 695 ‚
1360 621 1477 683 nix
1497 669 1512 696 ‚
1538 621 1756 696 venti,
1775 620 2052 685 fulmina
2069 670 2085 696 ‚
2108 623 2371 707 grando
2393 676 2408 690 .

615 744 682 798 et
708 734 926 822 rapidi
955 734 1260 799 fremitus
1279 784 1294 810 ,
1319 740 1388 796 et
1415 754 1754 799 murmura
1780 756 2024 822 magna
2051 737 2409 802 minarum.

700 851 758 912 Ο
790 871 1001 935 genus
1029 849 1258 913 infelix
1287 848 1681 924 humanum,
1711 851 1872 915 talia
1902 850 2075 916 divis

442 983 568 1028 1195
611 987 759 1028 cum
787 965 1021 1029 tribuit
1048 964 1229 1027 facta
1258 971 1463 1048 atque
1492 965 1627 1028 iras
1659 964 1963 1029 adiunxit
1990 967 2304 1031 acerbas!

611 1089 903 1165 quantos
934 1088 1076 1144 tum
1105 1079 1392 1165 gemitus
1420 1079 1549 1166 ipsi
1579 1080 1704 1144 sibi
1722 1128 1738 1155 ‚
1762 1088 2147 1166 quantaque
2175 1083 2372 1148 nobis

610 1196 889 1259 volnera
907 1244 922 1270 ‚
945 1216 1114 1280 quas
1143 1194 1449 1257 lacrimas
1477 1215 1803 1280 peperere
1831 1196 2179 1261 minoribu’
2206 1199 2496 1262 nostris!

607 1332 729 1374 nec
758 1312 975 1396 pietas
1005 1309 1209 1373 ullast
1235 1308 1529 1372 velatum
1559 1329 1763 1395 saepe
1791 1308 2006 1373 videri

604 1426 851 1488 vertier
881 1423 971 1488 ad
997 1422 1286 1511 lapidem
1315 1431 1518 1508 atque
1549 1424 1762 1487 omnis
1794 1423 2118 1489 accedere
2146 1424 2237 1489 ad
2266 1446 2418 1490 aras
2437 1476 2453 1502 ‚

433 1556 560 1602 1200
605 1561 731 1602 nec
757 1539 1199 1627 procumbere
1228 1537 1409 1601 humi
1437 1545 1855 1625 prostratum
1887 1547 1955 1604 et
1981 1539 2285 1626 pandere
2314 1541 2572 1625 palmas

605 1661 759 1718 ante
789 1653 986 1718 deum
1019 1653 1298 1717 delubra
1317 1702 1331 1728 ‚
1354 1673 1480 1716 nec
1511 1674 1665 1717 aras
1697 1655 2017 1740 sanguine
2044 1656 2255 1720 multo

607 1790 922 1855 spargere
953 1765 1466 1855 quadrupedum
1483 1817 1498 1844 ,
1520 1789 1648 1832 nec
1675 1769 1854 1833 votis
1882 1778 2151 1835 nectere
2181 1778 2340 1835 vota
2361 1819 2375 1842 ‚

603 1883 727 1948 sed
754 1905 945 1971 mage
973 1892 1217 1971 pacata
1243 1903 1452 1968 posse
1482 1884 1702 1947 omnia
1728 1892 1951 1949 mente
1979 1887 2150 1949 tueri
2170 1935 2184 1948 .

597 2021 749 2063 nam
781 2021 929 2062 011111
959 1998 1353 2086 suspicimus
1382 1998 1605 2083 magni
1635 1999 1950 2063 caelestia
1975 1999 2209 2064 mundi

350 2185 359 2193 .
421 2130 548 2175 1205
595 2115 876 2201 templa,
901 2135 1106 2201 super
1136 2112 1481 2197 stellisque
1510 2110 1907 2178 micantibus
1939 2115 2216 2179 aethera
2243 2116 2448 2179 fixum
2470 2165 2485 2184 ..

598 2236 665 2293 et
692 2230 877 2293 venit
904 2230 972 2292 in
1003 2235 1289 2292 mentem
1319 2227 1478 2291 solis
1510 2228 1840 2314 lunaeque
1869 2231 2127 2294 viarum
2144 2280 2161 2304 ‚

596 2352 754 2407 tunc
785 2344 929 2407 aliis
960 2363 1291 2430 oppressa
1316 2343 1506 2406 malis
1535 2344 1607 2406 in
1635 2352 1918 2430 pectora
1947 2366 2113 2409 cura

597 2458 708 2521 illa
738 2479 1012 2544 quoque
1044 2456 1587 2544 expergefactum
1617 2467 1823 2546 caput
1853 2460 2106 2545 erigere
2133 2459 2279 2524 infit
2297 2509 2311 2532 ‚

590 2593 676 2635 ne
707 2593 880 2657 quae
909 2572 1086 2637 forte
1117 2570 1312 2635 deum
1341 2573 1538 2637 nobis
1566 2573 1869 2638 inmensa
1894 2582 2205 2660 potestas

410 2703 538 2748 1210
584 2687 672 2750 sit
689 2735 703 2761 ‚
725 2687 912 2750 vario
941 2694 1129 2751 motu
1161 2708 1333 2771 quae
1365 2687 1654 2751 candida
1682 2687 1905 2752 sidera
1933 2698 2195 2754 verset:

586 2809 872 2888 temptat
902 2802 1072 2865 enim
1101 2800 1367 2866 dubiam
1396 2810 1685 2867 mentem
1712 2805 1991 2868 rationis
2024 2812 2290 2890 egestas
2309 2853 2325 2878 ‚

588 2938 841 3002 ecquae
870 2939 1025 2980 nam
1052 2916 1255 2980 fuerit
1285 2917 1515 2980 mundi
1545 2918 1854 3003 genitalis
1885 2920 2074 3004 origo
2094 2968 2110 2994 ‚

585 3042 653 3095 et
682 3032 877 3096 simul
904 3053 1153 3118 ecquae
1185 3032 1272 3095 sit
1300 3032 1449 3096 finis
1470 3082 1484 3108 ,
1511 3055 1646 3118 quo
1677 3031 1766 3097 ad
1794 3034 2057 3097 moenia
2084 3034 2312 3098 mundi

581 3147 845 3212 solliciti
870 3157 1094 3211 motus
1123 3146 1303 3209 hunc
1331 3146 1600 3231 possint
1627 3146 1804 3211 ferre
1834 3148 2133 3212 laborem
2152 3198 2166 3222 ‚

407 3278 532 3323 1215
579 3282 665 3325 an
696 3262 1012 3327 divinitus
1043 3269 1317 3325 aeterna
1348 3260 1601 3325 donata
1630 3261 1844 3326 salute

574 3384 907 3465 perpetuo
937 3377 1204 3464 possint
1234 3376 1381 3438 aevi
1407 3375 1705 3441 labentia
1734 3384 1956 3443 tractu

574 3492 853 3556 inmensi
881 3489 1139 3556 validas
1170 3491 1315 3554 aevi
1346 3498 1775 3555 contemnere
1802 3493 1963 3556 viris
1982 3541 1996 3554 .

572 3614 923 3694 praeterea
953 3606 1058 3668 cui
1086 3626 1223 3667 non
1253 3606 1508 3669 animus
1537 3605 1892 3670 formidine
1923 3605 2149 3671 divum

572 3721 989 3787 contrahitur
1006 3769 1022 3795 ‚
1047 3719 1153 3782 cui
1179 3740 1318 3783 non
1349 3728 1717 3808 correpunt
1744 3721 2041 3786 membra
2067 3744 2320 3809 pavore
2340 3773 2355 3797 ‚

396 3853 520 3900 1220
564 3838 857 3902 suhninis
886 3834 1191 3900 horribili
1223 3856 1372 3898 cum
1399 3835 1602 3920 plaga
1630 3835 1894 3900 torrida
1922 3837 2126 3901 tellus

570 3953 924 4017 contremit
955 3958 1024 4014 et
1052 3969 1362 4034 magnum
1389 3959 1796 4035 percurrunt
1822 3973 2159 4016 murmura
2187 3951 2441 4015 caelum
2460 3953 2492 4015 ⁴?

564 4090 699 4132 non
728 4066 961 4155 populi
989 4073 1361 4151 gentesque
1398 4072 1688 4130 tremunt
1706 4115 1720 4142 ‚
1741 4088 2070 4153 regesque
2101 4067 2374 4152 superbi

571 4351 697 4398 1192
736 4345 950 4397 flumina
986 4344 1007 4415 ΙΙ
1049 4349 1179 4396 1198
1218 4342 1323 4396 ulla
1359 4297 1643 4396 velatumst
1679 4342 1699 4413 ΙΙ
1744 4349 1869 4395 1203
1907 4343 2116 4415 placata
2164 4342 2183 4412 ΙΙ
2227 4349 2358 4395 1208
2395 4345 2567 4414 eriget
2601 4343 2619 4412 ΙΙ
2659 4346 2777 4394 1214

562 4428 635 4480 Et
670 4429 816 4482 taciti
856 4431 876 4501 ΙΙ
917 4434 1048 4481 1220
1086 4427 1315 4480 Fulmini
1351 4425 1372 4497 Η
1419 4433 1542 4478 1221
1574 4444 1840 4479 murmure
