3042 5192
1325 490 1421 559 111
2340 494 2476 563 179

259 662 656 745 Quadratus
696 664 959 727 ”minanti
1001 662 1289 726 omittit:
1330 661 1507 725 idem
1550 663 1621 726 in
1659 684 1861 728 versu
1896 665 2099 729 tertio
2141 666 2478 732 discedere.

251 768 604 827 corrector
646 759 922 845 oblongi
973 767 1041 824 ct
1079 759 1232 823 Itali
1277 759 1591 847 Serpentis
1628 764 1831 827 cauda
1864 812 1878 826 .
1921 763 2250 829 Avantius
2293 763 2483 830 dedit

250 861 522 925 caudam
553 885 575 922 .·
611 857 772 922 inde
823 856 983 921 Pius
1027 859 1315 922 minantis
1359 859 1671 943 Serpentis
1715 861 1976 924 caudam
2011 911 2025 925 .
2067 862 2201 927 hoc
2251 885 2480 949 quam·

250 978 456 1043 quam
499 956 688 1021 multi
732 956 1108 1042 probarunt
1139 1004 1155 1031 ,
1195 964 1426 1041 aperte
1453 955 1695 1021 falsum
1725 965 1831 1021 est
1860 981 1875 1021 :
1916 980 2068 1022 nam
2097 966 2312 1025 totam
2340 983 2480 1026 ser-

249 1063 524 1142 pentem
564 1051 804 1117 discidi
835 1102 851 1129 ‚
893 1074 1031 1116 non
1073 1059 1330 1116 tantum
1374 1053 1656 1118 caudam
1685 1103 1700 1129 ‚
1742 1076 1777 1118 e
1806 1057 2131 1140 proximis
2164 1068 2481 1144 apparet,

247 1154 366 1218 ubi
397 1162 505 1217 est
535 1153 746 1238 Ipsam
773 1174 954 1237 seque
980 1161 1142 1215 retro
1159 1163 1409 1237 partem
1425 1164 1637 1237 petere
1662 1176 1766 1217 ore
1782 1156 2061 1238 priorem
2091 1205 2105 1219 .
2149 1164 2334 1221 recte
2363 1158 2480 1243 igi-

249 1260 362 1316 tur
382 1250 714 1314 Marullus
745 1249 1017 1336 scripsit
1039 1249 1141 1311 SE
1158 1270 1301 1312 nrt:
1317 1271 1361 1310 n
1377 1271 1469 1312 rr:
1486 1272 1534 1312 Μ
1554 1299 1567 1312 .
1601 1256 1741 1314 tum
1767 1249 1944 1314 idem
1973 1253 2185 1338 linqua
2208 1255 2484 1320 vibrame

244 1351 556 1413 minacem
587 1385 657 1395 —-
695 1358 755 1411 et
779 1347 1013 1411 caudae
1034 1369 1295 1431 procero
1325 1369 1579 1433 corpore
1607 1372 1627 1410 .·
1664 1348 1866 1434 paulo
1899 1350 2269 1434 elegantius
2301 1400 2316 1428 ,
2354 1352 2481 1417 nisi

248 1444 444 1532 quod
473 1445 785 1530 Serpentis
811 1444 1057 1509 retinet
1087 1492 1103 1519 ‚
1132 1442 1594 1508 Wakefieldus
1624 1446 1837 1530 linqua
1863 1447 2136 1511 vibrante
2162 1495 2182 1527 ‚
2222 1451 2482 1515 minanti

255 1583 325 1593 -
372 1545 578 1608 cauda
615 1554 672 1607 et
701 1564 963 1628 procero
1001 1564 1253 1626 corpore
1282 1590 1297 1604 .
1340 1542 1509 1606 alter
1554 1542 1723 1606 duas
1761 1545 2094 1630 serpentis
2126 1554 2354 1631 partes
2382 1547 2479 1611 fa-

248 1642 344 1707 cit
373 1691 390 1718 ,
436 1641 608 1705 alter
646 1648 788 1705 tres
823 1688 837 1704 .
877 1639 1083 1705 nihilo
1121 1639 1340 1703 minus
1379 1639 1438 1704 is
1482 1641 1595 1726 qui
1633 1648 1776 1705 tres
1804 1641 1967 1707 facit
1996 1690 2012 1720 ‚
2054 1644 2282 1707 nescio
2315 1666 2480 1729 quo-

245 1738 457 1804 modo
487 1750 809 1825 ubi-umque
834 1737 1128 1822 serpentis
1153 1783 1173 1815 ‚
1220 1734 1292 1799 id
1325 1745 1431 1801 est
1456 1786 1472 1814 ,
1512 1747 1590 1803 ut
1615 1740 1747 1825 ipsi
1773 1739 2044 1805 videtur
2069 1790 2084 1818 ,
2127 1749 2480 1828 utramque

247 1837 588 1925 serpentis
618 1843 884 1923 partem
913 1832 1157 1898 discidi
1185 1835 1330 1899 vult
1362 1859 1376 1898 z
1418 1835 1820 1922 prudentius
1847 1839 1906 1901 is
1938 1838 2053 1923 qui
2083 1838 2252 1904 duas
2281 1888 2297 1916 ,
2341 1863 2481 1905 ser-

244 1943 526 2024 pentem
564 1935 869 2020 uir-imque
913 1933 982 1998 in
1021 1933 1266 1997 multas
1308 1941 1540 2019 partes
1588 1933 1860 2000 discidit
1886 1984 1903 2011 ‚
1939 1936 2091 2013 vel,
2132 1959 2328 2022 quem
2363 1938 2481 2003 ad-

243 2031 523 2097 modum
578 2032 725 2119 ipse
777 2052 915 2093 non
958 2037 1141 2093 recte
1190 2031 1459 2115 scripsit
1486 2079 1501 2107 ‚
1545 2033 1829 2096 discindit
1858 2082 1872 2096 .
1919 2032 2041 2097 sed
2085 2056 2306 2120 neque
2350 2037 2483 2102 hoc

245 2134 561 2218 utrimque
608 2129 772 2194 satis
811 2126 1134 2214 ponderis
1177 2126 1386 2191 habet
1413 2177 1428 2204 ,
1472 2135 1541 2192 et
1579 2129 1759 2193 iners
1799 2137 2003 2214 atque
2045 2131 2342 2217 ineptum
2387 2133 2483 2198 di-

256 2228 460 2295 cendi
489 2248 702 2314 genus
729 2227 865 2291 hoc
895 2233 1002 2291 est
1028 2275 1043 2303 ‚
1087 2248 1222 2310 quo
1255 2247 1338 2290 ex
1365 2247 1653 2311 procera
1681 2226 1902 2291 cauda
1928 2228 2005 2292 fit
2032 2251 2250 2314 corpus
2264 2255 2486 2316 proce-

249 2351 399 2392 rum
428 2326 665 2391 caudae
697 2375 711 2389 .
761 2332 1015 2410 quanto
1043 2323 1293 2388 rectius
1325 2331 1471 2388 erat
1497 2323 1663 2389 illud
1692 2326 1925 2389 caudae
1950 2373 1970 2405 ‚
2014 2347 2098 2389 ex
2128 2347 2263 2411 quo
2295 2331 2488 2394 caude

251 2426 514 2491 factum
549 2444 702 2488 esse
731 2430 924 2508 patet
956 2471 972 2499 ‚
1017 2421 1330 2486 diiunctis
1358 2422 1596 2487 litteris
1625 2423 1847 2508 legere
1875 2425 2077 2489 cauda
2104 2424 2181 2489 e!
2219 2425 2489 2511 scripsit

243 2531 460 2611 poeta
498 2524 714 2608 linyua
749 2522 1025 2586 vibrante
1065 2541 1415 2585 meana-1
1445 2521 1799 2606 Serpentem
1844 2544 2112 2587 canna
2150 2546 2189 2586 r:
2221 2547 2484 2610 procero

244 2644 508 2708 corpore
547 2641 960 2695 urumque
991 2668 1005 2684 .
1045 2640 1199 2682 nam
1236 2621 1540 2706 utrimque
1565 2619 1834 2685 Marulli
1873 2642 2034 2685 sane
2063 2622 2486 2711 probandum

245 2729 392 2784 est:
424 2718 760 2803 utrimque
790 2740 827 2782 3
858 2738 1144 2803 procero
1177 2739 1463 2803 corpore
1497 2768 1513 2795 ‚
1554 2719 1625 2782 id
1655 2726 1762 2783 est
1792 2740 1877 2783 ex
1904 2727 2190 2804 utraque
2219 2721 2485 2807 proceri

244 2817 563 2905 corporis
591 2824 787 2903 parte
812 2866 833 2898 ,
875 2816 1101 2902 lingua
1127 2816 1350 2880 vibrat
1375 2865 1390 2892 ,
1423 2818 1626 2881 micat
1654 2815 1872 2881 cauda
1890 2865 1904 2879 .
1933 2819 2151 2899 micat,
2181 2819 2450 2904 inquam
2470 2867 2485 2893 ‚

242 2938 391 2980 non
419 2917 691 2979 minatur
707 2941 729 2978 .·
756 2915 891 2979 hoc
917 2916 1087 2979 enim
1116 2915 1342 3000 lingua
1362 2913 1571 2978 multo
1594 2915 1805 3001 magis
1828 2913 1990 2978 facit
2014 2936 2210 2999 quam
2235 2915 2452 2981 cauda
2468 2965 2483 2991 ‚

240 3014 528 3079 vacandi
564 3021 787 3077 autem
824 3014 1104 3079 verbum
1142 3013 1407 3098 linguae
1449 3020 1517 3077 et
1561 3010 1817 3076 caudae
1857 3013 2191 3099 serpentis
2232 3014 2483 3098 pariter

243 3111 577 3177 convenit
595 3160 610 3175 .

421 3208 564 3273 662.
591 3210 847 3274 Ipsam
875 3231 1231 3287 snoumu:
1263 3229 1526 3272 niz-rao
1556 3257 1570 3271 .
1613 3209 1931 3294 Impressi
1960 3230 2110 3272 cum
2137 3208 2323 3273 Italis
2353 3230 2481 3271 sn-

245 3330 410 3385 9113
441 3319 605 3373 retro
623 3356 637 3370 .

424 3406 566 3471 663.
596 3404 1017 3470 Vonnmns
1051 3426 1453 3481 Annsn‘rx,
1483 3428 1580 3470 ur
1610 3426 1879 3469 monsu
1906 3425 2264 3480 Panum-r,
2294 3425 2484 3467 1crA

245 3526 580 3569 nonom:
611 3553 625 3567 .
668 3503 774 3569 Ita
811 3502 981 3566 haec
1008 3501 1467 3567 Wakefieldus
1515 3503 1821 3567 distinxit
1857 3552 1872 3579 ‚
1915 3524 2040 3588 ego
2084 3524 2305 3588 neque
2350 3501 2485 3565 dis-

244 3603 472 3668 tincta
511 3622 734 3687 neque
776 3600 1166 3667 indistincta
1200 3602 1516 3688 intellego
1551 3626 1566 3666 z
1611 3623 1861 3688 quaero
1895 3602 2101 3677 enim,
2131 3599 2296 3687 quid
2321 3599 2486 3665 illud

244 3704 344 3767 sit
386 3699 578 3786 quod
603 3711 932 3786 prematur
961 3749 975 3765 .
1020 3700 1442 3765 scribendum
1482 3708 1588 3765 est
1615 3722 1996 3773 nononnn
2026 3748 2042 3776 ‚
2082 3700 2180 3764 ita
2210 3747 2226 3775 ‚
2264 3710 2332 3763 ut
2355 3701 2485 3764 vul-

239 3801 424 3864 neris
451 3799 723 3863 dolorem
736 3810 989 3884 premat
1015 3801 1254 3865 ardenti
1279 3824 1488 3865 morsu
1506 3849 1519 3862 .

424 3895 568 3961 665.
598 3895 1113 3961 Pas‘rxcums
1143 3919 1454 3962 armus
1484 3919 1794 3962 ANIMAS
1824 3945 1838 3961 .
1885 3896 2235 3981 Oblongus
2274 3893 2488 3979 prima

239 4016 457 4061 manu
487 3995 841 4059 Paride-alas
869 4044 884 4059 .
928 3993 1226 4059 eiusdem
1270 4003 1617 4060 corrector
1647 4017 1884 4060 vocem
1924 3993 2094 4057 male
2136 3992 2487 4078 repetitam

241 4092 545 4157 delevit.

421 4190 565 4254 674.
596 4211 860 4254 Tauro
894 4211 1150 4254 orl-uu:
1180 4212 1563 4256 ANIMIST.
1594 4191 2071 4257 680.s01,1u
2101 4209 2487 4252 Annusr.

241 4289 589 4355 Marullus
618 4300 926 4376 tantopere
952 4313 992 4353 r:
1009 4312 1097 4354 sr
1128 4291 1353 4371 animi,
1386 4299 1454 4355 et
1479 4292 1657 4354 solita
1686 4311 1830 4352 Esr
1860 4290 2086 4353 animi.

423 4386 568 4451 676.
593 4410 675 4450 11)
706 4409 805 4450 An
837 4410 1040 4452 mero
1071 4411 1222 4452 rau
1251 4410 1609 4453 Lonows
1639 4409 1918 4451 Enna-r.
1941 4382 2282 4450 Charisius
2299 4382 2490 4469 p.183

247 4494 326 4550 ct
349 4484 618 4551 Nonius
647 4484 870 4572 p.515‚
892 4486 968 4551 15
997 4510 1038 4550 a
1067 4488 1182 4553 leto
1210 4489 1339 4553 iam
1367 4489 1639 4573 lonqiter.
1669 4484 1827 4548 hinc
1854 4485 2107 4644 prissus
2129 4481 2491 4545 Lambinus
