3042 5192
99 780 180 826 565

95 1352 176 1399 570

90 1925 175 1970 675

1318 472 1413 542 III
2342 479 2471 549 101

230 647 541 712 omnibus
573 666 729 711 esse
758 644 960 733 igitur
988 653 1172 710 totas
1202 645 1500 712 dicemus
1528 648 1598 711 in
1625 647 1752 714 illis

226 762 580 849 particulis
612 762 867 827 animas
884 759 918 823 Ρ
939 768 1012 825 at
1041 781 1122 825 ea
1148 762 1410 826 ratione
1438 769 1757 848 sequetur

224 899 419 942 unam
450 878 865 942 animantem
895 875 1147 941 animas
1174 875 1490 940 habuisse
1517 876 1587 941 in
1618 899 1907 964 corpore
1934 880 2176 946 multas
2195 931 2208 944 .

226 1012 383 1077 ergo
415 990 712 1056 divisast
739 1011 822 1055 ea
851 1011 1025 1077 quae
1051 989 1179 1055 fuit
1205 1012 1342 1056 una
1370 990 1564 1055 simul
1595 1013 1745 1057 cum

226 1128 522 1193 corpore
545 1130 562 1184 3
589 1127 727 1192 qua
753 1112 1035 1193 propter
1061 1105 1346 1170 mortale
1374 1113 1733 1192 utrumque
1763 1107 2203 1194 putandumst
2221 1161 2237 1186 ‚

224 1221 288 1284 in
312 1222 570 1286 multas
603 1220 917 1308 quoniam
944 1221 1157 1305 partis
1189 1218 1542 1286 disciditur
1574 1241 1820 1307 aeque.

298 1335 673 1400 Praeterea
701 1334 759 1399 si
786 1334 1156 1399 inmortalis
1184 1341 1428 1400 natura
1457 1335 1696 1400 animai

224 1459 500 1516 constat
532 1458 602 1514 et
625 1450 696 1514 in
726 1470 976 1534 corpus
1004 1450 1439 1515 nascentibus
1466 1450 1842 1516 insinuatur
1858 1501 1874 1528 ‚

228 1586 345 1629 cur
374 1586 593 1652 super
621 1572 779 1629 ante
809 1572 1024 1629 actam
1053 1571 1344 1630 aetatem
1371 1564 1743 1629 meminisse
1770 1568 2119 1653 nequimus
2139 1618 2153 1642 ,

223 1700 345 1744 nec
371 1680 667 1766 vestigia
696 1686 1036 1765 gestarum
1065 1700 1287 1744 rerum
1316 1679 1452 1744 ulla
1480 1687 1785 1745 tenemus
1802 1680 1836 1744 Ρ

224 1815 373 1858 nam
401 1794 463 1858 si
492 1802 692 1859 tanto
724 1801 998 1879 operest
1025 1795 1225 1859 animi
1252 1802 1507 1859 mutata
1535 1802 1845 1880 potestas
1863 1845 1879 1871 ‚

226 1909 433 1974 omnis
461 1917 546 1973 ut
572 1916 873 1974 actarum
906 1907 1229 1974 exciderit
1255 1909 1613 1974 retinentia
1639 1930 1863 1974 rerum
1882 1960 1898 1986 ‚

224 2044 359 2087 non
376 2073 392 2100 ,
413 2031 495 2087 ut
526 2024 802 2110 opinor,
825 2021 895 2086 id
924 2045 966 2088 a
992 2023 1131 2088 leto
1160 2024 1288 2088 iam
1316 2024 1607 2110 longiter
1637 2032 1851 2102 errat3

227 2159 357 2223 qua
381 2146 677 2226 propter
704 2137 961 2202 fateare
988 2146 1339 2204 necessest
1366 2159 1542 2225 quae
1567 2138 1696 2204 fuit
1724 2146 1879 2205 ante

221 2253 555 2318 interiisse
573 2301 590 2328 ‚
614 2259 684 2317 et
714 2273 886 2339 quae
912 2274 1092 2317 nunc
1124 2262 1231 2318 est
1257 2275 1436 2319 nunc
1467 2275 1619 2319 esse
1649 2263 1942 2320 creatam
1961 2304 1974 2318 .

298 2366 669 2432 Praeterea
697 2368 756 2432 si
785 2369 913 2431 iam
942 2367 1248 2455 perfecto
1279 2389 1569 2454 corpore
1597 2369 1794 2434 nobis

87 2497 170 2544 680
214 2480 442 2546 inferri
472 2482 744 2547 solitast
771 2483 967 2547 animi
994 2484 1223 2547 vivata
1249 2491 1559 2569 potestas

82 3069 168 3230 ἒξ

216 2605 355 2661 tum
382 2619 538 2661 cum
564 2597 894 2683 gignimur
924 2605 991 2662 et
1017 2598 1195 2663 vitae
1224 2619 1374 2662 cum
1404 2599 1602 2663 limen
1631 2598 1870 2664 inimus
1891 2650 1906 2676 ,

218 2709 403 2775 haud
426 2713 527 2777 ita
554 2712 1001 2778 conveniebat
1026 2714 1124 2778 uti
1156 2734 1304 2778 cum
1335 2735 1624 2800 corpore
1655 2721 1725 2779 et
1751 2736 1886 2779 una

219 2846 367 2889 cum
394 2826 708 2892 membris
736 2824 1048 2893 videatur
1075 2828 1144 2892 in
1172 2828 1323 2914 ipso
1354 2828 1678 2914 sanguine
1709 2849 1935 2900 cresse
1954 2879 1969 2905 ,

218 2938 341 3004 sed
369 2942 479 3006 vel
506 2949 585 3006 ut
611 2942 681 3005 in
711 2962 918 3007 cavea
943 2964 1066 3028 per
1095 2963 1171 3007 se
1200 2943 1326 3008 sibi
1352 2944 1582 3008 vivere
1611 2943 1823 3008 solam

217 3057 534 3120 convenit
551 3105 567 3132 ‚
589 3064 666 3121 ut
694 3078 899 3121 sensu
929 3079 1179 3143 corpus
1208 3065 1431 3122 tamen
1461 3065 1693 3122 arceat
1720 3078 1916 3122 omne
1935 3108 1949 3122 .

217 3170 403 3255 quod
430 3171 576 3234 fieri
601 3178 820 3236 totum
851 3178 1089 3236 contra
1116 3172 1468 3237 manifesta
1497 3171 1704 3236 docet
1729 3194 1875 3237 res:

216 3306 501 3373 namque
528 3285 625 3349 ita
653 3306 915 3350 conexa
940 3294 1048 3350 est
1074 3307 1198 3373 per
1225 3308 1434 3353 venas
1462 3288 1726 3353 viscera
1751 3308 2002 3353 nervos

216 3421 504 3486 ossaque
524 3450 541 3476 ,
561 3401 659 3465 uti
690 3398 931 3465 dentes
961 3422 1234 3487 quoque
1265 3424 1468 3467 sensu
1496 3402 2020 3488 participentur3

214 3536 477 3579 morsus
505 3522 586 3580 ut
610 3514 867 3580 indicat
884 3564 899 3590 ,
924 3523 993 3580 et
1021 3515 1264 3602 gelidai
1292 3518 1590 3604 stringor
1618 3517 1816 3604 aquai
1834 3567 1851 3593 ‚

217 3635 283 3692 et
308 3629 483 3716 lapis
515 3650 879 3715 expressus
911 3631 1183 3696 subiens
1215 3653 1251 3695 e
1278 3631 1584 3719 frugibus
1615 3653 1816 3719 asper
1834 3682 1848 3696 .

214 3764 421 3827 quare
452 3743 653 3808 etiam
682 3753 884 3830 atque
916 3745 1112 3810 etiam
1139 3767 1361 3832 neque
1390 3748 1663 3834 originis
1695 3767 1845 3812 esse
1872 3747 2313 3833 putandumst

215 3859 511 3943 expertis
542 3858 793 3923 animas
821 3879 949 3922 nee
976 3859 1095 3924 leti
1119 3860 1268 3947 lege
1296 3862 1591 3927 solutas:

211 3992 361 4037 nam
387 3994 614 4060 neque
642 3981 834 4039 tanto
865 3995 1071 4060 opere
1100 3974 1368 4042 adnecti
1395 3977 1700 4065 potuisse
1728 3976 2173 4063 putandumst

213 4089 615 4174 corporibus
640 4088 894 4154 nostris
925 4091 1343 4157 extrinsecus
1370 4092 1743 4158 insinuatas
1763 4141 1779 4169 ,

222 4242 619 4249 -μῃ-η-

222 4288 319 4335 665
353 4286 557 4340 animas
594 4288 691 4342 bis.
748 4288 772 4356 ΙΙ
826 4295 925 4343 674
964 4307 1131 4361 opere
1165 4290 1376 4344 animist
1428 4291 1450 4359 ΙΙ
1505 4295 1606 4343 676
1643 4291 1709 4346 ab
1759 4292 1781 4361 ΙΙ
1826 4291 2039 4362 longius
2086 4290 2108 4359 ΙΙ
2156 4295 2254 4343 680
2290 4288 2448 4343 solita

222 4366 427 4422 animaist
479 4370 503 4439 ΙΙ
558 4374 657 4424 685
695 4371 858 4426 afluat
906 4372 928 4442 ΙΙ
972 4378 1066 4427 691
1110 4375 1315 4429 viscera
1349 4390 1448 4445 per
1483 4391 1646 4429 venas
1683 4375 1706 4442 ΙΙ
1743 4379 1840 4428 693
1880 4374 2108 4428 Morbus
2159 4375 2182 4443 ΙΙ
2228 4390 2389 4443 aque.
2428 4372 2449 4439 ΙΙ

223 4455 321 4503 694
357 4470 656 4524 oppressus
693 4456 884 4512 subitis
