3042 5192
1334 453 1400 519 V
2343 456 2478 525 199

233 651 419 695 arma
448 631 731 715 antiqua
758 650 997 694 manus
1025 647 1286 713 ungues
1315 626 1691 713 dentesque
1720 628 1992 693 fuerunt
2009 678 2024 704 ,

235 754 299 809 et
328 744 599 831 lapides
631 753 701 808 et
726 745 885 808 item
914 744 1231 809 silvarum
1260 741 1586 827 fragmina
1614 744 1778 807 rami
1795 793 1811 818 ,

90 879 188 923 1285
228 868 293 924 et
322 859 595 924 flamma
625 867 831 945 atque
858 861 1049 945 ignes
1067 907 1083 934 ‚
1106 865 1267 943 post
1297 878 1495 942 quam
1526 869 1684 922 sunt
1712 859 1982 944 cognita
2008 860 2320 944 primum.

232 975 581 1062 posterius
608 973 771 1038 ferri
797 975 899 1038 vis
930 979 1034 1037 est
1063 973 1370 1057 aerisque
1400 980 1673 1059 reperta
1690 1022 1704 1035 .

234 1099 300 1153 et
326 1090 524 1176 prior
553 1090 731 1153 aeris
761 1097 907 1154 erat
938 1109 1137 1174 quam
1163 1086 1322 1150 ferri
1352 1087 1662 1171 cognitus
1691 1109 1856 1153 usus
1874 1137 1889 1164 ‚

233 1226 373 1289 quo
404 1204 621 1268 facilis
648 1204 859 1289 magis
891 1211 995 1267 est
1021 1210 1262 1266 natura
1291 1209 1360 1265 et
1389 1201 1587 1286 copia
1613 1203 1825 1268 maior
1843 1253 1857 1267 .

234 1340 397 1383 aere
426 1319 648 1382 solum
676 1327 899 1382 terrae
925 1316 1344 1392 tractabant,
1367 1337 1659 1401 aereque
1687 1318 1846 1382 belli

86 1451 188 1496 1290
226 1434 606 1498 miscebant
634 1432 877 1497 fluctus
908 1439 976 1496 et
1000 1430 1281 1495 vulnera
1308 1438 1505 1494 vasta
1534 1433 1851 1496 serebant

233 1557 297 1612 et
328 1571 545 1634 pecus
575 1555 779 1633 atque
808 1567 1009 1632 agros
1038 1544 1455 1609 adimebant:
1478 1567 1631 1609 nam
1659 1546 1852 1611 facile
1882 1549 2030 1612 ollis

234 1664 461 1728 omnia
491 1662 827 1727 cedebant
852 1661 1123 1725 armatis
1153 1659 1337 1724 nuda
1367 1668 1436 1724 et
1461 1661 1715 1724 inerma
1732 1711 1746 1725 .

232 1778 391 1842 inde
418 1778 791 1842 minutatim
818 1776 1155 1863 processit
1181 1774 1441 1839 ferreus
1476 1776 1655 1840 ensis
1676 1824 1692 1851 ‚

232 1915 569 1979 versaque
598 1894 668 1956 in
697 1891 1129 1978 obprobrium
1160 1890 1423 1976 species
1454 1899 1561 1954 est
1587 1890 1777 1955 falcis
1807 1892 2061 1956 ahenae
2083 1943 2096 1964 ,

82 2025 189 2070 1295
232 2017 299 2073 et
326 2008 516 2073 ferro
548 2028 833 2093 coepere
865 2006 1079 2070 solum
1108 2003 1546 2092 proscindere
1579 2013 1798 2070 terrae

235 2129 748 2208 exaequataque
778 2129 936 2186 sunt
963 2120 1223 2206 creperi
1252 2121 1618 2184 certamina
1644 2121 1800 2185 belli
1819 2171 1833 2183 .

235 2246 303 2302 et
332 2239 527 2325 prius
559 2245 664 2301 est
693 2242 1017 2300 armatum
1044 2236 1114 2298 in
1145 2235 1299 2320 equi
1329 2233 1786 2298 conscendere
1816 2245 2042 2300 costas

233 2362 301 2417 et
326 2351 747 2417 moderarier
774 2350 955 2414 hunc
983 2348 1190 2414 frenis
1220 2348 1597 2434 dextraque
1627 2350 1852 2436 vigere

233 2490 435 2554 quam
464 2467 692 2553 biiugo
724 2477 924 2530 curru
950 2464 1111 2528 belli
1139 2471 1470 2550 temptare
1497 2464 1752 2550 pericla
1770 2515 1784 2528 .

78 2600 185 2646 1300
227 2593 295 2647 et
320 2584 595 2668 biiugos
622 2582 809 2667 prius
838 2587 943 2645 est
975 2559 1175 2666 quam
1202 2579 1306 2644 bis
1338 2579 1744 2665 coniungere
1774 2581 1970 2645 binos

233 2707 303 2761 et
332 2719 537 2783 quam
565 2695 902 2760 falciferos
932 2703 1257 2760 armatum
1287 2693 1652 2759 escendere
1684 2718 1921 2760 currus
1941 2747 1954 2759 .

227 2811 389 2876 inde
416 2813 635 2876 boves
661 2812 850 2876 lucas
880 2811 1121 2876 turrito
1153 2831 1441 2896 corpore
1459 2858 1475 2886 ‚
1504 2817 1717 2874 tetras
1736 2860 1752 2887 ‚

228 2927 672 3012 anguimanus
692 2976 708 3002 ‚
728 2926 884 2990 belli
913 2925 1289 2990 docuerunt
1315 2925 1596 2989 volnera
1623 2925 1833 2989 Poeni

228 3042 516 3106 sufferre
547 3050 617 3106 et
644 3062 917 3128 magnas
945 3041 1186 3105 Martis
1215 3041 1489 3106 turbare
1519 3048 1829 3106 catervas
1849 3091 1862 3104 .

72 3177 180 3220 1305
222 3158 321 3222 sic
351 3156 495 3221 alid
527 3179 613 3221 ex
639 3157 766 3220 alio
796 3157 1059 3244 peperit
1088 3154 1428 3221 discordia
1454 3156 1669 3220 tristis
1688 3205 1704 3232 ‚

226 3272 556 3336 horribile
586 3271 891 3336 humanis
916 3270 1102 3357 quod
1130 3272 1443 3358 gentibus
1473 3278 1656 3335 esset
1681 3270 1751 3333 in
1779 3271 1978 3334 armis
1998 3319 2012 3343 ‚

226 3389 437 3472 inque
469 3385 616 3450 dies
644 3385 801 3450 belli
826 3387 1196 3451 terroribus
1226 3385 1490 3450 addidit
1517 3406 1800 3471 augmen
1818 3435 1832 3449 .

312 3501 774 3587 Temptarunt
801 3501 1001 3566 etiam
1026 3509 1262 3566 tauros
1290 3502 1359 3564 in
1385 3522 1700 3564 moenere
1731 3501 1886 3564 belli
1906 3549 1921 3574 ‚

227 3616 633 3703 expertique
661 3636 817 3680 sues
845 3635 1087 3680 saevos
1117 3623 1278 3681 sunt
1302 3617 1566 3680 mittere
1593 3616 1662 3679 in
1690 3616 1941 3680 hostis.

69 3749 179 3794 1310
223 3741 295 3796 et
322 3729 594 3796 validos
621 3730 864 3817 partim
889 3751 1053 3817 prae
1084 3752 1157 3796 se
1185 3732 1426 3796 misere
1455 3731 1686 3794 leones

227 3867 387 3909 cum
416 3845 815 3910 doctoribus
844 3846 1115 3911 armatis
1146 3847 1499 3931 saevisque
1530 3846 1864 3932 magistris
1884 3895 1899 3921 ,

228 3962 349 4046 qui
376 3960 793 4025 moderarier
820 3960 927 4025 his
954 3969 1239 4046 possent
1265 3960 1634 4046 vinclisque
1664 3969 1894 4025 tenere
1913 4009 1929 4034 ‚

226 4098 313 4140 ne
349 4077 674 4162 quiquam
692 4123 708 4150 ‚
732 4075 1047 4161 quoniam
1072 4076 1403 4162 permixta
1434 4073 1641 4139 caede
1672 4075 1968 4140 calentes

238 4357 377 4403 1285
419 4348 593 4402 flamm
628 4353 651 4418 ΙΙ
693 4357 822 4403 1288
858 4352 1083 4404 maiore.
1136 4352 1156 4420 Η
1196 4358 1325 4404 1294
1364 4354 1600 4424 speciest
1645 4350 1666 4421 11
1706 4353 1957 4407 athenae.
1996 4353 2017 4420 ΙΙ
2067 4357 2195 4404 1300
2233 4350 2413 4417 biiugo
2451 4347 2470 4414 ΙΙ

242 4440 381 4486 1302
421 4451 509 4488 cas
545 4432 568 4503 ΙΙ
605 4442 804 4489 tetros.
845 4437 867 4504 ΙΙ
910 4441 1037 4488 1307
1074 4435 1228 4488 bellis
