3042 5192
1137 488 1561 552 EMENDA'rm‘
2368 489 2398 557 l
2418 490 2448 558 l

220 677 357 720 ιιοιι
382 654 587 719 facile
614 675 898 741 usquam
925 655 1135 721 multo
1165 678 1366 742 quam
1396 677 1522 743 ego
1554 656 1831 721 dixerim
1861 658 2010 746 plus
2038 662 2457 727 auctoritatis

222 754 444 817 inesse
492 753 985 840 exemplaribus
1037 756 1290 820 nostris
1344 755 1818 840 antiquissimis
1849 803 1864 831 ‚
1923 764 2042 821 aut
2058 806 2074 835 ,
2119 759 2177 823 si
2230 758 2458 825 studia

221 873 373 916 mea
400 852 786 915 examinare
812 852 1022 918 velint
1038 902 1054 928 ,
1077 852 1310 917 eadem
1339 854 1741 939 exemplaria
1771 854 1992 919 denuo
2019 864 2181 943 post
2207 879 2310 921 me
2342 879 2455 922 ex-

223 950 486 1014 cutiant
501 998 518 1025 ,
563 948 687 1013 sed
745 971 891 1014 cum
934 972 1096 1015 cura
1135 958 1204 1015 et
1252 953 1513 1015 intenta
1555 952 1898 1016 oculorum
1939 953 2080 1016 acie
2097 1002 2114 1029 ‚
2152 975 2240 1018 ne
2277 954 2456 1020 forte

222 1047 441 1134 prima
464 1067 669 1110 manu
698 1049 952 1134 scripta
981 1068 1132 1112 esse
1160 1056 1401 1136 putent
1424 1070 1598 1134 quae
1621 1051 1756 1114 sint
1778 1058 2232 1115 correctorum
2249 1102 2265 1128 ‚
2285 1074 2457 1118 neve

221 1146 417 1231 plura
449 1167 653 1231 quam
678 1146 739 1209 is
770 1166 969 1231 quem
995 1154 1236 1212 notare
1262 1146 1601 1212 voluerint
1625 1169 1947 1235 peccasse
1975 1156 2340 1235 arguantur
2357 1200 2371 1213 .

391 1243 632 1332 Itaque
677 1242 1074 1308 recensendi
1115 1266 1388 1308 munere
1440 1246 1539 1309 ita
1579 1245 1854 1310 functus
1900 1267 2044 1310 sum
2062 1294 2077 1321 ‚
2119 1254 2198 1312 ut
2242 1248 2457 1332 quod-

221 1362 513 1427 cumque
555 1341 803 1406 bonum
843 1348 914 1406 et
944 1363 1175 1406 verum
1216 1351 1397 1407 esset
1436 1349 1556 1407 aut
1594 1343 1664 1406 in
1697 1350 1987 1428 utroque
2018 1351 2135 1408 aut
2159 1344 2230 1409 in
2255 1346 2456 1411 alter·

221 1447 381 1504 utro
413 1437 650 1503 codice
669 1487 685 1516 ‚
706 1436 778 1502 id
806 1439 950 1503 sine
972 1440 1107 1504 ullo
1133 1440 1571 1505 dubitationis
1591 1439 1838 1505 indicio
1863 1442 2246 1506 exhiberem
2263 1493 2279 1519 ‚
2308 1466 2458 1509 ver-

222 1559 420 1601 suum
464 1545 687 1602 autem
727 1536 1030 1602 ordinem
1069 1559 1218 1602 eum
1235 1587 1251 1615 ‚
1290 1561 1427 1624 quo
1469 1545 1698 1603 essent
1733 1560 1775 1602 a
1802 1541 2146 1606 veteribus
2172 1541 2457 1607 librariis

223 1635 466 1721 scripti
481 1683 500 1710 ‚
536 1635 829 1698 numeris
870 1635 1199 1722 appositis
1239 1633 1636 1700 indicarem:
1662 1635 2192 1702 emendationem
2219 1638 2325 1705 his
2353 1662 2457 1705 re-

221 1733 356 1797 bus
401 1732 729 1796 contineri
771 1733 1136 1797 arbitratus
1175 1755 1322 1798 sum
1338 1783 1355 1810 ‚
1387 1736 1672 1819 primum
1711 1744 1790 1800 ut
1829 1756 2067 1800 versus
2096 1756 2138 1799 a
2173 1737 2458 1803 librariis

221 1831 493 1895 traiecti
527 1831 598 1894 in
637 1852 829 1894 suum
870 1830 1092 1894 locum
1128 1830 1647 1912 reducerentur3
1683 1833 1870 1920 quod
1906 1834 2021 1898 ubi
2062 1836 2282 1900 evenit
2298 1885 2313 1911 ‚
2335 1858 2456 1899 nu-

222 1930 397 1993 meri
424 1950 574 1993 sese
600 1928 888 1994 naturali
918 1928 1152 1994 ordine
1182 1931 1492 2019 excipere
1519 1952 1660 1995 non
1685 1938 2087 2017 potuerunt3
2111 1931 2354 1997 deinde
2383 1941 2459 2000 ut

222 2028 377 2115 ipsa
413 2049 729 2091 versuum
766 2028 1131 2104 vocabula,
1164 2029 1280 2093 ubi
1318 2030 1426 2093 vel
1453 2030 1791 2115 perissent
1816 2029 1926 2095 vel
1954 2029 2326 2116 depravata
2354 2053 2457 2097 es-

224 2132 419 2201 sent,
442 2132 767 2211 quantum
792 2125 936 2190 fieri
963 2134 1231 2212 posset,
1251 2127 1821 2213 reciperarentur,
1840 2128 1938 2191 ita
1963 2133 2189 2191 tamen
2218 2135 2295 2192 ut
2325 2130 2457 2192 sin-

223 2223 387 2310 gula
413 2221 505 2287 ad
536 2222 842 2287 codicum
869 2223 1071 2288 fidem
1092 2225 1346 2310 scripta
1367 2247 1517 2289 cum
1540 2225 1816 2309 singulis
1837 2226 2459 2289 commentariorum

224 2321 575 2406 particulis
596 2320 1158 2407 praefigerentur,
1180 2323 1363 2385 tum
1345 2343 1416 2386 ιιι
1441 2322 1590 2386 imis
1619 2320 1881 2407 paginis
1911 2322 2269 2386 carminum
2299 2344 2458 2386 enu-

224 2425 681 2484 mei-arentur.

399 2517 697 2604 Operam
720 2538 883 2581 vero
923 2519 1275 2582 maximam
1305 2540 1585 2605 eamque
1626 2519 1790 2584 satis
1817 2518 2232 2583 fastidiosam
2261 2521 2459 2608 posui

224 2616 291 2679 in
320 2616 543 2703 primo
586 2615 1069 2680 emendationis
1110 2619 1432 2703 cuiusque
1474 2626 1751 2682 auctore
1778 2616 2282 2703 investigando:
2304 2640 2459 2682 nam

224 2715 382 2799 quis
424 2735 759 2800 quemque
804 2721 1077 2780 secutus
1119 2724 1332 2793 esset,
1369 2715 1603 2801 quisve
1641 2716 1771 2780 alio
1801 2721 2103 2800 tempore
2130 2715 2308 2779 idem
2336 2737 2460 2804 per

223 2833 299 2877 se
339 2811 662 2888 vidisset,
695 2834 833 2876 non
873 2834 1077 2899 saepe
1107 2814 1368 2889 curavi,
1388 2813 1518 2878 nisi
1544 2814 1614 2876 in
1641 2813 2150 2877 mirabilioribus
2169 2862 2183 2876 .
2210 2834 2371 2899 ergo
2404 2814 2462 2877 si

225 2908 508 2996 quando
536 2910 954 2974 librariorum
982 2932 1216 2975 manus
1240 2933 1281 2975 a
1301 2932 1463 2975 vero
1493 2910 1846 2974 aberrasse
1873 2911 2279 2996 apparebat,
2302 2919 2460 2975 ante

225 3008 452 3072 omnia
497 3007 797 3093 quaesivi
851 3006 1174 3093 numquid
1218 3008 1452 3072 melius
1509 3006 1809 3071 adferret
1852 3019 2259 3072 omectonwn
2302 3011 2459 3073 anti-

222 3106 558 3193 ‹ptissana-5
571 3153 591 3185 ‚
626 3106 739 3189 qui
770 3105 1038 3170 saeculo
1074 3126 1258 3169 nono
1282 3104 1584 3170 codicem
1606 3104 1966 3189 oblongum
2000 3104 2459 3188 interpolavit.

224 3224 269 3267 a
294 3225 438 3289 quo
469 3202 531 3267 si
557 3201 723 3267 nihil
748 3203 1169 3286 rettuleram‚
1191 3203 1400 3267 multo
1442 3203 1640 3289 plura
1677 3202 1857 3266 bona
1897 3210 1964 3267 et
1996 3202 2066 3264 in
2092 3200 2199 3264 bis
2230 3201 2460 3285 exqui-
2507 3217 2508 3220 ’

224 3301 547 3366 sitissima
601 3321 743 3365 ιιοιι
797 3322 1015 3387 pauca
1069 3279 1523 3386 praebuerunt
1568 3310 1935 3365 correctores
1977 3299 2314 3385 quadrati.
2353 3298 2461 3364 bis

225 3405 454 3463 aetate
481 3419 611 3486 par
651 3405 721 3462 et
748 3399 817 3462 in
848 3397 1245 3463 emendandi
1276 3398 1496 3464 officio
1526 3398 1728 3484 paulo
1760 3397 2180 3461 constantior
2207 3398 2461 3462 estAn-

222 3499 427 3564 tonius
468 3496 671 3561 Marii
710 3496 822 3560 vel
860 3497 1085 3583 potius
1137 3496 1335 3561 huius
1388 3504 1625 3561 auctor
1666 3497 1860 3560 Italus
1879 3544 1898 3576 ,
1950 3496 2064 3579 qui
2115 3494 2467 3560 manifesta

221 3596 391 3660 vitia
417 3591 693 3659 sustulit
718 3595 1095 3659 innumera:
1116 3594 1370 3659 habent
1399 3596 1597 3660 etiam
1625 3593 1903 3680 propria
1931 3591 2260 3678 quaedam
2285 3594 2469 3658 bona

224 3696 375 3760 olim
402 3695 690 3779 impressi
706 3742 720 3756 .
746 3692 871 3756 sed
902 3694 1190 3757 omnium
1233 3691 1456 3757 studia
1485 3714 1636 3757 cum
1662 3693 1928 3778 ingenio
1957 3699 2098 3756 tum
2127 3691 2470 3777 diligentia

223 3794 434 3878 longe
485 3792 834 3876 superavit
882 3791 1221 3856 Michahel
1262 3792 1577 3856 Marullus
1601 3839 1620 3871 ,
1668 3798 1823 3855 ortu
1866 3789 2165 3854 Graecus
2183 3838 2199 3866 ‚
2233 3787 2358 3854 sed
2396 3789 2466 3851 in

224 3891 425 3979 poesi
462 3889 709 3954 Latina
749 3889 1025 3954 eximius
1042 3938 1058 3966 ,
1094 3891 1209 3975 qui
1249 3911 1398 3953 cum
1450 3910 1523 3953 se
1562 3888 1725 3953 totis
1766 3888 2020 3952 viribus
2058 3889 2130 3950 in
2171 3885 2468 3950 Lucretii

222 3989 571 4076 ingenium
600 3994 673 4052 et
699 3995 911 4052 artem
950 3988 1359 4052 insinuasset
1373 4035 1390 4064 ‚
1410 3987 1481 4050 in
1510 3987 1652 4051 eius
1682 3986 2079 4050 carminibus
2110 3982 2466 4048 emendan-

228 4087 343 4151 dis
379 4086 595 4151 multo
636 4086 789 4172 plus
827 4086 1171 4173 praestitit
1214 4106 1412 4171 quam
1448 4092 1610 4172 post
1650 4106 1798 4148 eum
1839 4083 1949 4148 vel
1977 4082 2319 4147 doctiores
2339 4132 2352 4145 .
2383 4082 2467 4145 ab

228 4184 436 4249 huius
480 4204 699 4271 prope
727 4182 1124 4248 Volaterras
1164 4184 1236 4247 in
1277 4183 1520 4247 Cecina
1559 4181 1762 4247 fluvio
1790 4182 2063 4246 interitu
2090 4201 2267 4244 anno
2300 4178 2468 4243 duo-

228 4281 500 4348 decimo
540 4281 786 4346 Petrus
828 4280 1173 4347 Candidus
1211 4282 1596 4347 Lucretium
1638 4281 1724 4345 ab
1769 4301 1850 4344 eo
1883 4277 2301 4343 emendatum
2331 4272 2470 4338 edi-

228 4381 337 4447 dit
353 4431 371 4455 ,
392 4383 796 4468 impressum
822 4379 1201 4446 Florentiae
1241 4381 1616 4467 sumptibus
1643 4377 1933 4465 Philippi
1964 4376 2251 4440 Giuntae
2292 4392 2469 4435 anno

240 4479 404 4545 1512
454 4499 685 4544 mense
733 4478 1019 4558 Martio;
1063 4480 1249 4545 euius
1300 4478 1611 4544 editionis
1663 4474 2000 4560 exemplar
2044 4473 2129 4537 ab
2172 4469 2472 4536 Iohanne
