3042 5192
603 460 740 527 322
1684 453 1749 519 v

767 633 906 694 053.
940 653 1018 694 sc
1037 653 1077 693 a
1093 653 1112 692 1
1129 653 1168 692 Β
1187 651 1229 691 Α
1246 651 1288 690 Ν
1305 651 1376 690 r.
1438 627 1579 690 959.
1615 650 1647 689 s
1663 650 1696 690 c
1717 650 1736 689 1
1754 650 1790 689 ις
1806 651 1843 690 n
1862 649 1903 690 A
1921 650 2051 713 Nsr.
2094 627 2241 690 Itali
2274 630 2635 715 utrobique
2670 653 2706 693 s
2724 654 2759 694 c
2778 654 2799 693 1
2820 669 2847 680 -

603 756 693 796 BA
715 756 753 795 Ν
773 755 842 794 r.
878 745 948 793 at
979 725 1470 798 Wakefieldus,
1513 733 1783 811 poetam
1812 747 1950 789 non
1980 726 2242 810 patiens
2276 733 2408 789 tam
2442 750 2607 814 pure
2638 751 2847 813 quam

602 832 778 896 solet
807 829 1024 912 loqui,
1056 827 1268 891 altero
1301 825 1451 888 loco
1484 825 1755 909 scripsit
1783 827 2076 887 scierant.

767 929 907 991 962.
952 947 1324 989 tuemur
1373 943 1779 985 conroaA.
1831 920 2221 1001 Quadratus
2261 923 2527 986 lucebat.
2580 923 2731 986 Itali
2776 939 2841 986 et

599 1026 969 1091 Brixiensis
1001 1023 1220 1086 editor
1251 1046 1272 1084 1
1289 1045 1328 1084 u
1343 1044 1385 1083 Ν
1401 1043 1440 1082 s
1457 1043 1494 1083 s
1510 1045 1549 1083 B
1568 1043 1608 1083 A
1627 1044 1667 1083 r
1688 1069 1701 1082 .
2147 1010 2151 1015 ’

767 1123 1064 1188 969.97().
1098 1123 1761 1194 SAErmERlchs
1794 1140 2042 1181 ramas
2073 1141 2319 1181 sunus
2351 1141 2835 1183 slaves-ram

600 1245 927 1288 msmBnA
1003 1220 1450 1284 NUDABANT
1519 1239 1832 1280 remur:
1867 1265 1882 1288 ‚
1949 1239 2385 1280 Noc-rcnno
2459 1240 2839 1282 ‘ri-turoni:

601 1345 871 1388 carri.
903 1320 1033 1383 Hic
1063 1318 1284 1382 omnia
1311 1317 1476 1380 mira
1504 1325 1695 1380 sunt.
1728 1316 2012 1400 primum
2042 1314 2187 1378 Itali
2207 1362 2222 1386 ,
2264 1336 2349 1377 ne
2380 1336 2621 1379 versus
2651 1317 2835 1382 Iaba-

599 1430 732 1490 ret,
764 1420 1179 1506 scripserunt
1204 1415 1411 1478 suibus·
1441 1463 1455 1477 .
1501 1423 1573 1477 at
1604 1421 1803 1500 pOe‘ta
1832 1414 1899 1475 in
1928 1413 2157 1487 v1,974
2187 1412 2309 1476 977
2338 1414 2434 1476 ita
2464 1434 2600 1475 non
2635 1413 2838 1484 dixit,

601 1520 726 1586 sed
752 1520 938 1584 subus
971 1525 1257 1598 utraque
1286 1513 1475 1576 brevi
1506 1562 1518 1574 .
1565 1533 1684 1575 cur
1713 1512 1913 1596 igitur
1952 1512 2063 1574 bic
2091 1533 2227 1574 non
2260 1512 2535 1596 scripsit
2564 1515 2837 1597 Saetiye-

597 1624 801 1706 risque
827 1618 1010 1680 mbas
1036 1611 1304 1677 similes?
1335 1612 1491 1696 quia
1519 1619 1670 1675 tota
1700 1609 1866 1674 b'aec
1894 1610 2234 1674 hominum
2259 1630 2406 1672 cum
2438 1610 2677 1673 suibus
2702 1611 2835 1672 col-

599 1720 759 1783 latio
789 1717 1018 1801 inepta
1048 1721 1153 1775 est
1185 1759 1198 1772 .
1244 1708 1601 1773 considera
1630 1710 1800 1772 enim
1832 1709 2006 1772 hanc
2048 1728 2432 1795 perversam
2465 1710 2831 1772 sententia-

597 1838 742 1881 rum
794 1832 1182 1897 compagem
1210 1857 1223 1870 .
1271 1803 1469 1872 ‘feras
1519 1809 1781 1872 multas'
1832 1807 2051 1891 inquit
2092 1800 2473 1870 ⁹vincebant
2502 1856 2518 1880 ,
2582 1829 2833 1892 paucas

589 1915 873 1980 latebris
903 1909 1111 1975 abditi
1142 1909 1482 1982 vitabant,
1514 1915 1583 1971 et
1612 1907 1959 1992 saetigeris
2002 1906 2233 1969 suibus
2262 1926 2461 1992 pares
2506 1905 2691 1968 humi
2720 1907 2829 1969 ab·

594 2013 747 2078 iecti
775 2008 1124 2074 nudabant
1151 2007 1448 2069 membra
1465 2007 1496 2067 .’
1526 2006 1842 2068 nudabant
1859 2025 2021 2068 vero
2045 2003 2077 2066 P
2109 2005 2221 2088 qui
2251 2025 2335 2067 ne
2366 2003 2659 2088 pellibus
2691 2006 2826 2088 qui·

598 2111 750 2175 dem
773 2115 1150 2172 uterentur.
1177 2103 1302 2168 sed
1323 2103 1454 2167 hoc
1476 2101 1971 2167 incommodum
1993 2102 2354 2166 Lambinus
2376 2103 2627 2166 levavit
2650 2113 2826 2166 recte

596 2205 953 2274 scribendo
983 2206 1282 2268 silvestria
1308 2202 1581 2266 membra
1610 2203 1807 2265 Nuda
1837 2223 1937 2263 DA
1958 2222 2109 2264 BAN
2127 2224 2167 2263 r
2197 2212 2398 2264 {errae
2417 2250 2431 2262 .
2476 2211 2703 2265 manet
2732 2210 2823 2266 ta·

595 2329 746 2371 men
774 2305 884 2369 vel
927 2305 1022 2367 sic
1051 2299 1212 2365 illud
1248 2301 1565 2364 obtusum
1608 2307 1676 2363 et
1714 2299 2095 2384 plumbeum
2134 2320 2409 2363 acumen
2432 2348 2448 2372 ,
2495 2299 2685 2384 quod
2726 2315 2821 2363 est

593 2408 662 2470 in
690 2402 1069 2469 hominibus
1100 2420 1248 2462 cum
1281 2400 1511 2463 suibus
1544 2397 2043 2483 comparandis,
2091 2418 2252 2483 ergo
2281 2398 2349 2461 in
2393 2398 2675 2462 latebris
2704 2399 2819 2462 illi.

591 2503 754 2568 feris
784 2522 953 2586 quas
983 2499 1363 2562 vitaverant
1390 2498 1520 2582 ipsi
1550 2497 1795 2560 similes
1819 2546 1834 2572 ,
1876 2495 2039 2564 nudi
2069 2496 2679 2582 prosternebantur
2698 2547 2711 2560 .
2748 2511 2815 2560 ut

591 2603 911 2673 laterent,
943 2605 1142 2684 puto.
1173 2595 1371 2658 immo
1400 2606 1693 2658 nocturno
1720 2605 1986 2680 tempore
2016 2597 2216 2681 capti:
2256 2594 2389 2658 hoc
2419 2596 2595 2658 enim
2626 2594 2813 2658 adici·

593 2708 735 2764 tur.
779 2709 981 2780 atque
1023 2692 1252 2757 eadem
1297 2701 1497 2757 nocte
1528 2693 1619 2756 illi
1647 2695 1855 2758 suibus
1883 2718 2076 2780 pares
2102 2693 2306 2757 domo
2344 2715 2553 2758 saxea
2584 2696 2813 2758 eiciun-

589 2807 700 2863 tur
732 2794 1082 2881 Spumiyeri
1108 2793 1234 2856 suis
1263 2793 1520 2855 adventu
1546 2792 1807 2856 validive
1834 2795 2024 2858 honis
2041 2842 2056 2856 .
2084 2814 2223 2856 non
2253 2794 2477 2877 potuit
2506 2794 2724 2857 bonus
2752 2809 2813 2856 et

588 2897 655 2960 in
686 2902 831 2958 arte
861 2891 1198 2978 perfectus
1229 2896 1432 2974 poeta
1459 2889 1630 2953 haec
1662 2899 1795 2953 tam
1826 2891 2030 2955 stulte
2062 2892 2467 2976 coniungere
2488 2941 2501 2955 .
2528 2885 2699 2956 ‘raro
2726 2893 2809 2957 la·

589 2993 800 3058 tebris
830 2990 1138 3055 vitabant
1165 2987 1343 3051 feras
1362 3036 1377 3058 ,
1410 2997 1477 3050 et
1510 2988 1740 3052 suibus
1774 2989 2019 3052 similes
2050 2988 2211 3053 nudi
2242 2999 2310 3053 et
2339 2989 2695 3054 frondibus
2720 2993 2806 3054 in·

589 3092 802 3156 voluti
830 3089 1141 3153 iacebant
1169 3094 1368 3148 nocte
1401 3086 1581 3172 capti
1600 3135 1615 3161 ,
1658 3108 1859 3172 saepe
1890 3099 2112 3150 tamen
2146 3088 2283 3151 suis
2312 3098 2430 3152 aut
2461 3090 2674 3153 lconis
2700 3088 2805 3153 ad·

589 3198 797 3253 ventu
841 3187 1060 3251 saxeis
1117 3185 1312 3248 tectis
1367 3182 1695 3247 excedere
1747 3186 2163 3270 cogebantur
2180 3188 2213 3248 .’
2262 3185 2391 3250 iam
2442 3209 2610 3251 vero
2658 3186 2803 3251 illud

587 3287 770 3350 subm·
788 3308 978 3370 pares
1007 3283 1136 3347 alio
1168 3281 1418 3346 referre
1449 3290 1851 3367 temptemus
1870 3332 1885 3356 ,
1926 3284 2179 3347 scilicet
2208 3281 2295 3347 ad
2326 3285 2508 3348 vires
2539 3295 2607 3349 et
2636 3286 2803 3349 forti·

590 3384 885 3448 tudinem
917 3382 1276 3469 primorum
1309 3380 1718 3443 mortalium:
1761 3382 1983 3444 statim
2015 3383 2235 3445 omnia
2262 3383 2633 3447 rectissime
2666 3406 2801 3470 pro-

590 3481 835 3545 cedent
865 3481 995 3542 hoc
1025 3478 1228 3542 modo
1249 3528 1263 3541 .
1288 3473 1549 3542 ‘multas
1576 3477 1757 3542 feras
1779 3479 2170 3554 vincebant,
2202 3501 2455 3566 paucas
2487 3482 2802 3552 vitabant,

587 3601 738 3644 cum
779 3600 866 3641 ne
910 3577 1258 3661 saetigeris
1301 3576 1532 3640 suibus
1562 3576 1833 3661 quidem
1862 3589 1918 3640 et
1943 3578 2210 3641 leonibus
2238 3578 2527 3665 impares
2558 3589 2797 3643 essent.

585 3697 734 3740 cum
765 3685 1139 3738 autem-nox
1181 3675 1564 3757 ingruebat,
1604 3676 1670 3737 in
1699 3677 1863 3738 cavis
1901 3673 2061 3738 nudi
2090 3677 2657 3762 procumbebant,
2696 3676 2798 3740 do·

587 3795 711 3837 nec
736 3772 874 3836 suis
904 3781 1021 3835 aut
1049 3771 1260 3835 lconis
1284 3779 1464 3835 metu
1498 3781 1999 3837 exterrerentur
2022 3773 2326 3837 cavernis
2351 3782 2422 3838 et
2444 3776 2797 3839 cubilibus.⁹

587 3872 755 3934 haec
774 3919 789 3944 ,
817 3870 1086 3953 inquam
1107 3918 1122 3944 ‚
1151 3870 1322 3932 bene
1344 3868 1726 3956 procedunt
1743 3919 1758 3942 ‚
1788 3869 1911 3934 sed
1934 3880 2217 3957 apparet
2239 3872 2613 3937 orationem
2636 3895 2793 3937 man·

585 3989 728 4031 cam
771 3989 953 4030 esse:
1001 3966 1247 4031 desunt
1292 3969 1463 4030 enim
1506 3989 1586 4031 ea
1632 3990 1803 4053 quae
1845 3969 1971 4033 alio
2017 3969 2389 4054 scripturae
2418 3992 2664 4054 genere
2692 3993 2791 4035 no-

581 4068 751 4139 tavi,
793 4077 850 4130 ec
891 4067 1189 4144 ἰεοηίὸαε,
1234 4067 1450 4129 deinde
1488 4079 1689 4130 autem
1730 4068 1794 4130 in
1837 4069 2138 4130 caverni-s·
2182 4089 2391 4153 porro
2425 4091 2709 4153 quonam
2736 4071 2787 4131 in

581 4164 733 4229 loco
775 4163 942 4226 haec
975 4164 1266 4228 carmina
1295 4161 1607 4227 damnum
1648 4164 1929 4227 fecerint
1967 4163 2265 4228 ostendit
2307 4165 2417 4228 ille
2448 4167 2642 4230 unius
2671 4165 2785 4251 syl·

579 4262 770 4326 labae
802 4260 1105 4325 defectus
1135 4270 1294 4347 post
1310 4285 1503 4346 pares
1527 4262 1740 4326 subus.
1772 4284 1993 4348 neque
2025 4285 2187 4326 vero
2218 4262 2421 4327 deest
2448 4263 2627 4327 aliud
2652 4283 2781 4350 per·

578 4360 980 4423 turbationis
1003 4357 1346 4423 indicium:
1377 4380 1532 4423 nam
1560 4371 1721 4447 post
1743 4385 1864 4426 sex
1886 4384 2125 4427 versus
2154 4362 2305 4426 loco
2329 4362 2547 4426 alieno
2576 4363 2777 4447 legun·

577 4464 686 4520 tur
716 4456 882 4521 haec
901 4504 916 4530 ‚
