3042 5192
1293 496 1395 566 IV
2320 500 2456 570 221
2491 544 2507 555 ·

227 671 416 735 cretii
445 692 586 735 xxv
631 679 701 736 et
742 669 1015 757 capituli
1059 671 1292 736 titulus
1313 720 1326 733 .
1373 693 1452 736 ac
1496 673 1777 758 primum
1821 672 2088 759 quidem
2129 673 2264 739 hoc
2306 675 2462 750 fuit,

231 770 514 850 Quonam
539 792 731 834 unum
757 770 996 856 quidvis
1036 771 1243 834 leviter
1267 771 1324 834 .ςί
1345 770 1521 857 forte
1548 772 1781 835 duobus
1807 773 2090 858 Attinyas
2116 773 2349 859 ἄρεω,
2395 775 2461 838 in

223 889 372 932 eam
416 868 817 931 sententiam
857 888 1057 952 quam
1101 867 1439 933 Homerus
1489 868 1559 932 in
1597 870 1923 935 infinitum
1973 871 2159 936 auxit
2211 870 2297 935 de
2339 894 2460 936 un·
2552 893 2560 900 ·

222 973 480 1052 guento
511 965 785 1029 Iunonis
816 963 1049 1029 dicens
1077 965 1208 1039 ΤοῨ
1241 966 1333 1029 καὶ
1374 966 1736 1039 κικγιυιὲκοιο
1767 966 1917 1031 Διὸς
1960 965 2114 1032 κατὰ
2159 982 2460 1054 χαλκοβα-

221 1063 334 1129 τὲε
364 1062 468 1128 A&
487 1063 746 1128 'Hunno
779 1063 849 1128 ἑο
884 1062 1056 1137 raian
1081 1085 1154 1127 τε
1185 1065 1279 1127 καὶ
1311 1063 1585 1150 &panon
1615 1065 1760 1128 ἵκετ’
1798 1064 2005 1139 civ-runi
2027 1114 2040 1127 .
2070 1064 2311 1132 horum
2337 1069 2457 1154 igi-

219 1172 337 1228 tur
365 1162 695 1227 elementa
723 1160 1153 1226 subtilissima
1193 1182 1344 1226 esse
1377 1161 1678 1239 dicebat,
1724 1171 1794 1228 et
1821 1164 2089 1228 omnino
2120 1163 2194 1228 τὰ
2225 1165 2458 1230 εῗΔωλα

221 1262 354 1324 ταῖς
396 1259 774 1324 Aemo-ruem
818 1258 1307 1345 ἂκγπερΒλή-τοιε
1355 1260 1716 1347 κεχρῆσθαι,
1762 1267 1840 1326 ut
1882 1270 1988 1327 est
2027 1261 2210 1349 apud
2253 1263 2456 1329 Laer-

217 1359 388 1423 tium
417 1358 573 1454 ¹⁹47
589 1408 604 1422 .
626 1356 895 1423 videtur
923 1364 1148 1422 tamen
1173 1357 1281 1422 his
1311 1357 1640 1424 adiecisse
1666 1383 1791 1425 esse
1816 1362 1959 1425 item
1983 1362 2229 1426 maiora
2258 1362 2456 1426 simu-

215 1456 406 1522 lacra
434 1505 450 1533 ,
497 1455 751 1520 scilicet
793 1476 830 1518 e
869 1456 1096 1520 multis
1138 1462 1343 1540 atque
1382 1456 1744 1522 innumeris
1771 1458 1950 1523 inter
1977 1479 2051 1524 se
2082 1460 2456 1526 coniunctis

218 1556 464 1621 effecta
481 1604 496 1631 ‚
524 1562 603 1618 ut
620 1554 951 1641 fulgorem
977 1554 1149 1641 ignis
1179 1554 1457 1620 aetherii
1473 1604 1489 1632 ,
1519 1576 1657 1641 quo
1686 1556 1861 1621 inter
1882 1557 2248 1622 tonitruum
2278 1561 2455 1624 soni-

216 1664 333 1719 tus
391 1654 613 1718 omnia
668 1660 1087 1739 occupentur
1144 1660 1214 1718 et
1269 1653 1768 1731 contineantur,
1826 1677 1964 1732 om
2023 1678 2062 1719 r
2089 1679 2196 1721 UL
2221 1681 2318 1722 111
2344 1681 2389 1722 n
2415 1681 2454 1721 s

218 1774 485 1817 canno
542 1751 824 1816 Ouum
873 1774 1019 1816 rsa
1069 1772 1417 1816 sonu-us
1460 1774 1753 1839 {lacn-r,
1803 1776 2159 1830 raanan,
2211 1778 2454 1831 mus,

217 1871 547 1914 carnum
564 1900 578 1914 .
623 1857 1038 1936 postremum
1068 1857 1215 1914 erat
1242 1849 1375 1914 hoc
1393 1898 1409 1925 ,
1439 1871 1590 1914 curn
1618 1858 1810 1916 tanta
1837 1853 1926 1918 sit
1953 1852 2455 1918 simulacrorum

216 1949 561 2014 subtilitas
591 1998 607 2025 ‚
649 1949 793 2013 fieri
821 1970 958 2014 non
996 1969 1201 2034 posse
1229 1956 1308 2013 ut
1334 1948 1596 2035 singula
1624 1950 1933 2015 sensibus
1961 1952 2211 2016 nostris
2239 1953 2453 2037 perci-

214 2049 523 2136 piantur,
556 2047 803 2135 quippe
833 2071 1011 2113 cassa
1036 2071 1249 2127 semu,
1295 2046 1481 2133 quod
1511 2055 1619 2112 est
1644 2048 1715 2111 in
1742 2069 1947 2112 versu
1979 2049 2098 2113 128
2118 2097 2132 2111 .
2164 2049 2333 2115 haec
2359 2052 2455 2116 ita

212 2146 361 2212 fere
389 2167 432 2209 a
475 2151 680 2234 pocta
709 2146 1018 2234 exposita
1055 2146 1265 2211 fuisse
1305 2146 1507 2210 certis
1551 2144 1814 2210 indiciis
1853 2147 1995 2214 sine
2026 2148 2160 2212 ulla
2189 2148 2452 2213 dubita-

215 2246 404 2310 tione
433 2265 918 2330 cognoscamus
945 2244 1103 2308 licet
1120 2294 1135 2308 .
1180 2243 1395 2330 prima
1436 2243 1634 2308 huius
1669 2244 1821 2309 libri
1848 2247 2095 2331 pagina
2119 2247 2189 2310 in
2218 2246 2452 2311 codice

213 2365 298 2408 eo
330 2365 418 2408 ex
449 2365 584 2429 quo
614 2343 832 2408 nostri
863 2341 1185 2428 descripti
1212 2350 1373 2407 sunt
1407 2341 1694 2406 indicem
1725 2344 2167 2429 capitulorum
2204 2346 2452 2420 tenuit,

213 2464 417 2529 quem
463 2439 683 2505 codex
722 2441 1056 2527 oblongus
1099 2440 1170 2503 in
1207 2462 1446 2506 versus
1486 2464 1655 2506 xxvx
1702 2441 2099 2528 dispositum
2145 2443 2450 2509 exhibet:

209 2563 367 2606 nam
395 2540 568 2605 haec
597 2560 769 2625 quae
799 2539 1221 2604 subiecturus
1252 2561 1398 2604 sum
1428 2540 1691 2626 singula
1720 2540 1961 2627 singuli
1989 2563 2229 2606 versus
2259 2549 2420 2606 sunt
2435 2592 2449 2619 ,

587 2672 621 2725 7
655 2672 739 2725 De
764 2671 1037 2726 celeritate
1059 2679 1208 2726 tactu
1232 2672 1402 2726 videri

559 2755 618 2808 11
655 2756 740 2808 De
775 2756 946 2809 turbis
982 2754 1052 2808 de
1085 2756 1272 2809 umbra
1305 2757 1534 2810 hominis

556 2838 619 2892 15
654 2839 740 2892 De
775 2838 969 2894 auditis
1006 2855 1318 2911 corpoream
1362 2856 1484 2893 esse
1518 2856 1706 2893 vocem

550 2921 619 2975 24
655 2923 741 2976 De
779 2921 1097 2976 ambulando
1239 2922 1323 2976 De
1359 2940 1581 2976 somno,

204 3042 275 3105 in
305 3061 552 3105 aversa
579 3040 824 3127 pagina
849 3039 977 3104 fuit
1002 3040 1284 3126 primum
1313 3040 1546 3105 titulus
1565 3088 1580 3116 ‚
1606 3038 1741 3104 Sibi
1766 3039 2269 3104 iamdissimum
2291 3065 2416 3105 esse
2427 3090 2445 3122 ,

206 3147 439 3204 cetera
469 3186 485 3213 ‚
527 3160 701 3225 quae
748 3139 944 3224 quasi
982 3139 1263 3225 primum
1303 3138 1501 3203 huius
1544 3137 1694 3202 libri
1721 3158 1992 3202 versum
2023 3136 2298 3202 exhibet
2326 3138 2445 3202 ob-

203 3238 457 3323 longus
474 3285 489 3310 ‚
532 3238 905 3322 quadratus
947 3238 1148 3302 minio
1180 3237 1433 3325 scripta
1469 3236 1841 3300 uncialibus
1881 3234 2159 3314 litteris;
2201 3234 2446 3300 deinde

201 3357 454 3400 versus
480 3357 619 3398 xxv
648 3336 842 3423 primi
865 3382 880 3398 .
909 3336 979 3399 in
1009 3334 1264 3399 scheda
1294 3333 1596 3399 secunda
1620 3355 1863 3398 versus
1894 3356 1987 3397 Lu
2004 3380 2020 3407 ‚
2050 3355 2092 3397 a
2119 3331 2201 3398 26
2230 3355 2446 3419 usque

202 3433 298 3498 ad
327 3433 447 3507 76,
478 3453 628 3496 cum
658 3434 854 3497 titulo
886 3440 1041 3497 ante
1070 3433 1153 3497 29
1173 3481 1186 3494 .
1232 3433 1302 3497 in
1340 3433 1565 3521 priore
1609 3431 1903 3498 schedae
1930 3432 2167 3497 tertiae
2202 3433 2448 3519 pagina

200 3553 453 3597 versus
491 3537 735 3616 poetae
763 3553 920 3608 xxv,
935 3531 974 3594 7
977 3533 1014 3595 7
1022 3531 1220 3595 -101
1244 3580 1259 3608 ,
1305 3530 1541 3595 titulus
1573 3539 1729 3596 ante
1757 3532 1874 3609 983
1918 3531 1987 3595 in
2016 3551 2263 3596 aversa
2287 3533 2447 3596 item

200 3652 350 3695 xxv
382 3650 532 3693 cum
559 3629 755 3694 titulo
774 3679 790 3706 ‚
839 3628 1191 3694 102-126.
1221 3631 1446 3717 potuit
1487 3630 1689 3716 igitur
1728 3630 1839 3694 hic
1858 3678 1874 3706 ,
1915 3630 2031 3693 ubi
2061 3651 2299 3695 sensus
2326 3631 2444 3694 im-

199 3727 553 3819 perfectus
585 3736 690 3793 est
708 3779 722 3804 ‚
754 3726 1005 3813 aliquid
1033 3728 1346 3815 periisse3
1376 3749 1514 3792 non
1543 3729 1736 3793 nimis
1766 3729 1974 3793 multa
2001 3739 2224 3792 tamen
2242 3777 2257 3804 ‚
2288 3730 2447 3813 quia

199 3832 415 3915 poeta
444 3848 517 3891 se
543 3847 682 3891 rem
700 3829 930 3913 paucis
953 3825 1200 3891 docere
1233 3826 1397 3892 dicit
1422 3827 1573 3903 115;
1599 3847 1759 3912 ergo
1789 3848 1931 3890 non
1957 3832 2098 3891 tres
2126 3827 2443 3913 paginae,

199 3923 334 3990 sed
377 3945 545 3989 una:
587 3946 743 3989 nam
786 3923 956 3989 duas
987 3923 1225 3989 deesse
1265 3946 1402 3988 non
1431 3946 1637 4010 posse
1679 3924 2008 3990 concedet
2038 3925 2152 4010 qui
2182 3946 2261 3989 ea
2287 3946 2442 4011 per-

198 4023 468 4111 ceperit
506 4045 680 4108 quae
724 4022 942 4088 dicam
983 4021 1073 4087 ad
1100 4043 1369 4087 versum
1417 4023 1535 4087 144
1567 4073 1580 4088 .
1623 4044 1843 4110 neque
1888 4045 1967 4089 ea
2005 4023 2252 4111 pagina
2280 4045 2445 4089 xxvi

197 4122 609 4187 carminibus
639 4123 979 4198 constitit,
1028 4119 1153 4186 sed
1178 4121 1306 4185 fuit
1332 4121 1401 4185 in
1433 4142 1513 4185 ea
1554 4130 1825 4210 praeter
1854 4123 2147 4187 carmina
2172 4123 2408 4188 titulus
2427 4172 2443 4199 ‚

199 4241 406 4306 quem
436 4219 692 4286 indices
720 4221 894 4285 libro
924 4220 1292 4307 praepositi
1322 4220 1676 4297 exhibent,
1704 4241 1853 4285 cum
1879 4221 2063 4285 intus
2090 4221 2265 4285 inter
2291 4242 2441 4285 ver-

197 4341 321 4384 sus
349 4340 492 4383 non
519 4327 938 4406 compareat,
971 4319 1123 4384 Esse
1150 4320 1292 4383 item
1315 4320 1560 4385 maiora
1576 4367 1590 4382 .
1617 4340 1737 4384 eos
1759 4326 1982 4384 autem
2002 4339 2241 4382 versus
2265 4340 2439 4404 quos

197 4417 361 4482 huic
387 4419 676 4506 paginae
707 4440 915 4507 supra
944 4417 1216 4484 attribui
1234 4468 1250 4493 ‚
1294 4417 1561 4483 Probus
1594 4425 1662 4483 et
1691 4418 1967 4482 Servius
1996 4416 2405 4480 rettulerunt
2422 4466 2437 4479 .

198 4515 407 4583 Probi
450 4518 661 4584 verba
705 4526 864 4583 sunt
903 4517 1073 4582 haec
1114 4518 1183 4581 in
1214 4517 1688 4582 commentario
1719 4515 1808 4582 ad
1839 4516 2133 4602 eclogam
2164 4536 2232 4578 v1
2262 4512 2439 4579 Ver-
