3042 5192
1224 447 1326 514 VI

200 626 289 689 hie
314 625 416 688 ubi
444 623 545 688 sol
575 622 782 687 radiis
798 671 814 697 ‚
835 628 1303 707 tempestatem
1329 620 1504 684 inter
1535 642 1813 708 opacam
1833 672 1847 696 ‚

93 758 160 802 525
202 739 455 804 adversa
480 737 668 802 fulsit
696 736 1070 800 nimborum
1100 737 1455 822 aspargine
1486 744 1725 801 contra
1742 786 1756 811 ‚

200 863 313 917 tum
339 854 513 917 color
539 856 611 916 in
639 852 848 938 nigris
879 850 1105 914 existit
1131 850 1423 914 nubibus
1450 852 1677 935 arqui.

267 967 483 1031 Cetera
511 989 687 1053 quae
718 987 918 1029 cursu
948 972 1263 1029 crescunt
1290 986 1631 1050 cursuque
1661 973 1973 1030 creantur
1992 1014 2006 1036 ‚

199 1091 255 1145 et
279 1104 431 1166 quae
462 1087 908 1146 concrescunt
933 1080 1003 1142 in
1030 1079 1319 1143 nubibus
1338 1128 1354 1156 ‚
1378 1080 1598 1143 omnia
1615 1129 1630 1157 ‚
1652 1101 1962 1165 prorsum

197 1197 380 1259 omnia
396 1245 411 1268 ,
432 1197 544 1259 nix
563 1245 579 1271 ‚
600 1196 786 1260 venti
804 1244 819 1270 ,
841 1192 1099 1280 grando
1117 1243 1135 1270 ‚
1156 1193 1552 1279 gelidaeque
1581 1196 1859 1281 pruinae
1876 1244 1892 1270 ‚

82 1325 151 1370 ⁵30
193 1319 248 1373 et
270 1311 361 1374 vis
386 1331 626 1396 magna
653 1310 784 1396 geli
801 1358 816 1384 ,
837 1329 1148 1394 magnum
1179 1307 1503 1373 duramen
1532 1330 1854 1394 aquarum
1873 1359 1888 1384 ‚

196 1433 251 1487 et
273 1446 443 1488 mora
471 1446 648 1510 quae
677 1423 915 1488 fluvios
946 1424 1195 1508 passim
1226 1423 1522 1489 refrenat
1552 1425 1770 1488 euntis
1789 1472 1805 1499 ,

190 1539 536 1623 perfacilest
563 1547 792 1603 tamen
819 1539 989 1603 haec
1016 1540 1315 1625 reperire
1343 1539 1696 1623 animoque
1723 1538 1953 1603 videre

191 1654 378 1716 omnia
405 1677 537 1740 quo
569 1661 774 1740 pacto
803 1653 969 1717 fiant
999 1673 1134 1738 qua
1158 1674 1318 1717 reve
1349 1661 1663 1717 creentur
1681 1701 1697 1728 ‚

187 1790 314 1831 cum
338 1770 501 1833 bene
531 1770 848 1854 cognoris
879 1769 1220 1832 elementis
1250 1766 1519 1832 reddita
1549 1788 1722 1852 quae
1754 1769 1920 1833 sint.

66 1896 143 1942 ωε)
252 1881 431 1945 Nunc
460 1904 584 1969 age
604 1932 621 1959 ‚
647 1905 819 1968 quae
847 1883 1021 1947 ratio
1052 1882 1259 1947 terrai
1284 1882 1577 1946 motibus
1607 1890 1792 1946 extet

186 1998 455 2082 percipe.
482 2005 548 2062 et
574 2000 648 2061 in
676 1998 905 2085 primis
932 2005 1183 2062 terram
1209 1995 1317 2060 fac
1344 2004 1423 2060 ut
1453 2018 1602 2061 esse
1631 1999 1842 2061 rearis

183 2119 389 2196 supter
413 2113 569 2176 item
595 2120 678 2177 ut
706 2133 953 2199 supera
980 2112 1281 2176 ventosis
1310 2109 1612 2196 undique
1641 2113 1904 2197 plenam

178 2226 483 2310 speluncis
502 2277 517 2303 ,
540 2227 923 2312 multosque
950 2227 1137 2292 lacus
1165 2225 1545 2310 multasque
1573 2227 1852 2291 lucunas

173 2338 230 2401 in
255 2342 491 2425 gremio
521 2362 761 2427 gerere
792 2350 860 2406 et
885 2363 1089 2427 rupes
1120 2340 1546 2425 deruptaque
1574 2362 1770 2406 saxa:

66 2465 135 2511 540
176 2454 487 2540 multaque
518 2457 649 2520 sub
679 2463 871 2542 tergo
902 2457 1107 2520 terrai
1134 2455 1404 2519 flumina
1431 2463 1614 2520 tecta

176 2569 421 2633 volvere
450 2572 519 2634 vi
553 2570 798 2635 fluctus
828 2585 1528 2655 summersaque‘saxa
1555 2570 2025 2656 putandumst:

175 2682 443 2769 undique
475 2686 651 2748 enim
681 2685 954 2749 similem
985 2707 1134 2750 esse
1165 2686 1268 2749 sui
1295 2706 1405 2749 res
1433 2686 1734 2771 postulat
1757 2688 1941 2774 ipsa.

170 2796 260 2861 his
285 2799 479 2883 igitur
506 2800 715 2863 rebus
747 2801 1121 2865 subiunctis
1153 2802 1659 2887 suppositisque

169 2919 329 2976 terra
355 2935 648 2998 superne
678 2915 904 2978 tremit
930 2915 1188 2999 magnis
1219 2937 1553 2980 concussa
1580 2917 1788 2979 ruinis
1806 2965 1821 2991 ‚

65 3037 123 3082 ’κδ
166 3027 376 3091 subter
403 3029 521 3092 ubi
548 3029 837 3115 ingentis
866 3029 1222 3114 speluncas
1251 3031 1515 3094 subruit
1544 3038 1764 3094 aetas:

167 3142 394 3229 quippe
424 3142 682 3206 cadunt
711 3144 839 3207 toti
869 3151 1130 3208 montes
1149 3193 1165 3220 ‚
1184 3165 1565 3230 magnoque
1593 3152 1872 3230 repente

165 3275 476 3321 concussu
503 3257 644 3321 late
676 3256 1064 3343 disserpunt
1088 3257 1245 3322 inde
1273 3267 1636 3324 tremores,

164 3377 219 3431 et
242 3372 472 3436 merito
493 3421 511 3447 ‚
536 3373 850 3457 quoniam
879 3373 1163 3458 plaustri
1191 3394 1522 3438 concussa
1551 3382 1965 3439 tremescunt

163 3489 320 3547 tecta
337 3535 352 3560 ‚
373 3487 557 3550 viam
588 3496 869 3573 propter
887 3536 902 3564 ,
926 3510 1065 3552 non
1091 3508 1333 3574 magno
1365 3488 1669 3573 pondere
1697 3499 1844 3556 tota
1863 3540 1878 3564 ‚

66 3606 118 3652 ¹⁵¹]
160 3616 270 3661 nec
293 3601 515 3665 minus
548 3602 883 3676 exultant,
909 3607 977 3664 et
1004 3601 1118 3665 ubi
1144 3602 1307 3687 lapi’
1338 3625 1621 3689 eumque
1651 3605 1782 3668 viai

152 3708 427 3779 ferratos
454 3689 796 3800 utrimque
824 3723 1124 3779 rotarum
1154 3719 1445 3782 succutit
1472 3721 1674 3784 orbes
1694 3768 1711 3784 .

156 3823 221 3887 fit
248 3848 521 3915 quoque
541 3878 558 3905 ‚
579 3830 694 3895 ubi
721 3831 792 3894 in
816 3851 1092 3916 magnas
1123 3838 1340 3917 aqi'iae
1370 3842 1735 3919 vastasque
1765 3834 2040 3898 lucunas

2249 449 2386 520 223

158 4166 244 4213 524
278 4169 609 4235 tempestate
643 4167 755 4220 inte
790 4171 810 4238 ΙΙ
850 4173 949 4221 526
989 4170 1142 4222 existi
1180 4170 1201 4238 ΙΙ
1238 4163 1343 4220 527¹
1374 4186 1585 4222 sursum
1622 4172 1643 4239 ΙΙ
1681 4186 1996 4239 sursumque
2033 4170 2053 4239 ΙΙ
2092 4175 2183 4221 531
2226 4170 2372 4220 avin-

156 4242 246 4296 tis.
292 4247 314 4314 ss
360 4254 465 4300 532
504 4249 775 4304 Perfacile
809 4253 855 4305 si
905 4253 926 4322 ΙΙ
974 4259 1071 4306 533
1108 4253 1275 4305 fluant
1321 4252 1341 4319 ΙΙ
1391 4257 1490 4304 536
1528 4258 1700 4306 terras
1749 4254 1769 4322 ΙΙ
1809 4259 1906 4307 537
1944 4269 2107 4323 super
2142 4253 2314 4304 ventis
2353 4253 2372 4318 ΙΙ

150 4332 237 4379 53⁹
268 4347 436 4401 rupes
475 4332 705 4405 derupes
744 4333 765 4404 ΙΙ
805 4342 899 4388 541
940 4353 1331 4390 summersosca
1367 4335 1386 4406 ΙΙ
1427 4342 1524 4389 542
1563 4336 1734 4390 simile
1760 4353 1881 4391 esse
1905 4338 1955 4388 vi
1994 4334 2014 4405 ΙΙ
2053 4340 2151 4388 548
2187 4321 2371 4403 plaus-

152 4410 239 4463 tris
274 4410 295 4480 11
334 4422 439 4466 550
478 4435 538 4468 es
575 4416 768 4488 dupuis
803 4437 1028 4489 cumque
1063 4421 1196 4472 vim.
