3042 5192
1287 466 1414 535 1111

102 656 181 702 ⁹20
226 660 373 703 nam
404 637 683 703 dubium
708 658 849 701 non
881 647 986 702 est
1003 687 1020 715 ‚
1043 639 1282 703 animai
1310 641 1471 725 quin
1501 663 1711 727 opera
1738 643 1825 707 sit

228 774 464 818 sensus
492 753 607 817 hic
634 753 705 818 in
732 753 930 817 nobis
948 801 964 829 ,
990 774 1187 839 quem
1217 775 1365 819 cum
1396 777 1607 841 sopor
1632 756 1893 845 inpedit
1922 779 2072 824 esse
2090 809 2107 836 ‚

228 877 364 932 tum
389 869 593 933 nobis
623 869 905 933 animam
934 869 1398 954 perturbatam
1430 891 1580 935 esse
1607 872 2052 958 putandumst

228 983 641 1069 eiectamque
667 983 887 1060 foras3
908 1004 1049 1046 non
1079 1003 1338 1047 omnem
1356 1008 1372 1047 z
1393 1006 1684 1070 namque
1711 986 1964 1052 iaceret

227 1106 504 1162 aeterno
537 1119 791 1185 corpus
814 1096 1159 1184 perfusum
1186 1097 1438 1185 frigore
1466 1099 1615 1164 leti.

98 1227 178 1273 925
227 1212 475 1300 quippe
492 1261 509 1288 ,
532 1213 647 1278 ubi
673 1212 857 1277 nulla
883 1212 1103 1277 latens
1132 1214 1371 1278 animai
1398 1236 1560 1302 pars
1587 1225 1965 1282 remaneret

224 1328 289 1392 in
315 1327 634 1392 membris
653 1376 669 1404 ‚
693 1328 911 1391 cinere
940 1335 1018 1392 ut
1042 1328 1253 1393 multa
1278 1329 1446 1393 latet
1475 1330 1763 1394 obrutus
1790 1331 1963 1416 ignis
1981 1381 1997 1408 ‚

227 1439 407 1506 unde
435 1441 795 1506 reconflari
823 1463 1063 1507 sensus
1090 1463 1215 1530 per
1242 1445 1540 1510 membra
1564 1452 1843 1531 repente

223 1565 463 1644 posset
476 1605 493 1633 ,
515 1564 595 1621 ut
623 1578 708 1620 ex
734 1556 871 1643 igni
901 1578 1101 1622 caeco
1133 1579 1540 1644 consurgere
1577 1558 1837 1623 flamma
1854 1559 1887 1622 P

308 1670 452 1735 Sed
482 1672 725 1756 quibus
752 1671 922 1736 haec
949 1673 1155 1738 rebus
1184 1674 1451 1738 novitas
1482 1674 1732 1738 confiat
1748 1723 1764 1750 ‚
1788 1682 1856 1738 et
1882 1674 2062 1739 unde

92 1802 180 1848 930
231 1787 616 1875 perturbari
642 1787 858 1851 anima
887 1795 955 1851 et
984 1809 1231 1876 corpus
1260 1789 1697 1875 languescere
1724 1790 1944 1876 possit
1961 1839 1977 1864 ‚

90 2375 177 2421 935

86 2948 173 2997 940

82 3523 171 3569 945

75 4094 164 4144 950

233 1900 614 1989 expediam:
642 1909 715 1965 tu
740 1900 849 1965 fac
876 1923 961 1965 ne
990 1903 1209 1968 ventis
1235 1904 1447 1969 verba
1473 1903 1878 1991 profundam
1896 1952 1910 1968 .
2003 1915 2020 1929 ⁶

229 2016 553 2103 principio
585 2023 866 2080 externa
892 2038 1140 2103 corpus
1172 2015 1258 2081 de
1285 2027 1481 2103 parte
1509 2040 1862 2083 necessum
1894 2026 1998 2083 est
2015 2068 2029 2092 ‚

230 2131 425 2195 aeriis
455 2131 769 2216 quoniam
796 2131 1084 2194 vicinum
1113 2134 1407 2218 tangitur
1434 2134 1616 2197 auris
1635 2183 1651 2210 ‚

231 2244 499 2309 tundier
527 2253 732 2330 atque
762 2246 846 2310 ab
875 2245 1025 2310 ibus
1056 2247 1293 2312 crebro
1320 2247 1653 2334 pulsarier
1680 2249 1818 2312 ictu
1835 2297 1852 2325 ‚

227 2367 723 2448 proptereaque
751 2359 891 2424 fere
918 2382 1031 2425 res
1062 2381 1293 2426 omnes
1323 2369 1442 2427 aut
1470 2362 1655 2426 corio
1685 2369 1844 2427 sunt

228 2483 341 2540 aut
367 2475 573 2540 etiam
602 2474 876 2539 conchis
905 2482 1023 2539 aut
1051 2475 1221 2541 callo
1251 2484 1368 2541 aut
1396 2477 1648 2541 cortice
1675 2483 1896 2542 tectae
1915 2527 1928 2542 .

226 2590 613 2655 interiorem
642 2590 841 2654 etiam
866 2597 1129 2676 partem
1156 2591 1567 2678 spirantibus
1597 2598 1712 2655 aer

228 2705 545 2770 verberat
569 2703 681 2769 hic
707 2702 885 2769 idem
903 2753 919 2781 ‚
951 2726 1100 2769 cum
1129 2704 1396 2770 ducitur
1423 2713 1628 2792 atque
1655 2706 1933 2771 reflatur
1949 2756 1962 2771 .

227 2840 437 2905 quare
468 2819 802 2905 utrimque
832 2840 1027 2884 secus
1059 2841 1208 2884 cum
1239 2841 1487 2908 corpus
1514 2822 1791 2909 vapulet
1808 2871 1825 2898 ‚
1848 2830 1920 2886 et
1950 2843 2099 2887 cum

228 2934 629 3021 perveniant
654 2935 894 3023 plagae
921 2956 1047 3022 per
1073 2955 1287 3022 parva
1312 2934 1643 2999 foramina
1666 2937 1865 3002 nobis

227 3049 535 3137 corporis
567 3048 658 3113 ad
682 3050 930 3138 primas
958 3050 1173 3136 partis
1205 3051 1667 3136 elementaque
1695 3050 1911 3138 prima
1928 3100 1944 3127 ‚

226 3163 307 3228 fit
333 3164 525 3250 quasi
553 3165 873 3251 paulatim
900 3165 1096 3230 nobis
1124 3186 1249 3252 per
1274 3167 1573 3232 membra
1597 3165 1793 3229 ruina
1810 3214 1824 3228 .
1905 3223 1918 3233 .

228 3279 720 3344 conturbantur
751 3279 920 3344 enim
949 3279 1294 3367 positurae
1321 3279 1800 3368 principiorum

226 3394 538 3480 corporis
568 3403 771 3479 atque
801 3395 997 3459 animi
1014 3444 1028 3458 .
1049 3394 1128 3459 fit
1153 3395 1253 3459 uti
1278 3415 1440 3482 pars
1467 3394 1626 3459 inde
1654 3394 1894 3458 animai

228 3508 509 3573 eiciatur
526 3558 545 3585 ‚
570 3517 639 3573 et
664 3509 1029 3574 introrsum
1056 3531 1219 3596 pars
1247 3508 1478 3574 abdita
1506 3508 1740 3586 cedat,

222 3645 387 3709 pars
416 3623 619 3687 etiam
647 3623 975 3690 distracta
1000 3645 1124 3710 per
1152 3636 1343 3689 artus
1370 3645 1509 3688 non
1540 3632 1745 3709 queat
1773 3644 1921 3688 esse

221 3739 588 3802 coniuncta
612 3738 788 3804 inter
817 3760 890 3804 se
919 3760 1141 3825 neque
1169 3747 1360 3804 motu
1384 3746 1616 3803 mutua
1641 3739 1859 3824 fungi:

218 3853 402 3918 inter
436 3853 610 3917 enim
640 3855 858 3940 saepit
887 3863 1122 3919 coetus
1150 3861 1393 3918 natura
1419 3854 1734 3939 viasque:

218 3989 390 4055 ergo
419 3989 661 4034 sensus
690 3969 831 4034 abit
854 3970 1127 4034 mutatis
1154 3969 1446 4034 motibus
1475 3969 1610 4033 alte
1628 4017 1643 4031 .

218 4091 289 4147 et
320 4084 641 4168 quoniam
668 4105 808 4149 non
838 4091 942 4148 est
970 4084 1165 4170 quasi
1194 4082 1381 4170 quod
1409 4080 1741 4148 suffulciat
1769 4089 1954 4146 artus
1974 4128 1991 4156 ‚

218 4196 448 4263 debile
474 4197 552 4262 fit
581 4220 830 4284 corpus
849 4247 865 4275 ‚
886 4199 1463 4286 languescuntque
1494 4198 1714 4262 omnia
1741 4197 2036 4262 membra
2053 4245 2069 4272 ‚

2328 478 2463 546 145

222 4446 329 4492 928
370 4439 563 4495 Possit
598 4439 619 4509 ΙΙ
657 4447 756 4494 929
793 4443 987 4497 conflat
1029 4445 1050 4515 ΙΙ
1086 4449 1186 4496 934
1225 4452 1382 4514 atque
1408 4445 1520 4498 eius
1559 4444 1580 4515 ΙΙ
1619 4448 1719 4496 936
1753 4442 1895 4514 gallo
1934 4442 1954 4512 ΙΙ
1993 4446 2090 4493 945
2129 4439 2384 4492 Eliciatur

1988 4539 2063 4602 10
