3042 5192
1308 477 1371 545 11
2357 483 2447 550 75

218 661 449 739 sponte
482 675 611 718 sua
638 651 827 717 forte
854 648 1246 714 offensando
1275 657 1353 714 ut
1379 651 1633 716 semina
1671 672 1893 717 rerum

64 786 163 832 1050
216 767 618 833 multimodis
650 777 903 833 temere
930 766 1000 828 in
1029 786 1292 831 cassum
1318 764 1708 851 frustraque
1738 775 1973 833 coacta

216 881 479 947 tandem
509 883 873 947 coluerunt
901 902 980 946 ea
1009 902 1181 965 quae
1210 888 1538 946 convecta
1569 890 1848 968 repente

214 1019 598 1083 magnarum
628 1018 853 1062 rerum
877 994 1117 1061 fierent
1146 993 1425 1060 exordia
1453 1018 1717 1082 semper
1734 1045 1750 1072 ‚

215 1113 408 1176 terrai
434 1113 649 1176 maris
678 1120 747 1176 et
774 1111 940 1175 caeli
967 1111 1365 1196 generisque
1395 1111 1801 1176 animantum
1819 1161 1832 1175 .

218 1248 413 1313 quare
445 1227 653 1291 etiam
683 1233 887 1312 atque
917 1226 1114 1290 etiam
1140 1226 1295 1292 talis
1322 1225 1577 1291 fateare
1606 1247 1881 1290 neeesse
1912 1236 2016 1292 est

66 1358 165 1404 1055
220 1363 355 1407 esse
383 1342 564 1406 alios
593 1342 749 1407 alibi
780 1361 1184 1427 congressus
1212 1341 1548 1416 materiai,

218 1457 421 1541 qualis
448 1457 571 1521 hie
600 1464 706 1521 est
721 1504 738 1533 ‚
758 1454 959 1523 avido
990 1456 1344 1541 complexu
1371 1477 1571 1541 quem
1600 1464 1787 1520 tenet
1813 1456 2046 1522 aether
2062 1506 2076 1520 .

292 1570 661 1636 Praeterea
689 1593 839 1636 cum
865 1571 1176 1636 materies
1207 1579 1313 1636 est
1338 1571 1547 1636 multa
1572 1579 1814 1656 parata
1829 1619 1846 1647 ‚

221 1707 359 1749 eum
383 1686 583 1751 loeus
614 1694 720 1751 est
746 1694 979 1771 presto
998 1736 1015 1763 ‚
1033 1708 1163 1751 neo
1189 1708 1300 1752 res
1327 1707 1453 1750 nee
1482 1707 1686 1751 causa
1711 1694 2007 1752 moratur

225 1801 349 1865 ulla
364 1851 379 1877 ‚
400 1802 555 1887 geri
582 1799 835 1866 debent
851 1850 867 1877 ‚
890 1803 959 1865 ni
985 1803 1219 1867 mirum
1237 1849 1253 1877 ,
1278 1809 1347 1866 et
1373 1800 1648 1865 confieri
1671 1822 1785 1866 :res
1803 1852 1818 1865 .

66 1929 170 1976 1070
225 1936 389 1979 nunc
418 1938 507 1980 ex
540 1917 898 1981 seminibus
916 1965 933 1993 ,
955 1918 1013 1981 si
1041 1924 1233 1982 tanta
1262 1925 1367 1981 est
1395 1917 1591 2002 copia
1620 1925 1938 2001 quantam

224 2052 602 2096 enumerare
631 2040 819 2096 aetas
849 2033 1251 2097 animantum
1278 2054 1419 2097 non
1447 2039 1653 2117 queat
1682 2033 1892 2096 omnis
1911 2083 1928 2108 ‚

225 2145 362 2230 quis
391 2145 629 2211 eadem
657 2154 899 2212 natura
924 2155 1149 2213 manet
1166 2196 1183 2225 ‚
1212 2168 1385 2233 quae
1416 2148 1668 2211 semina
1693 2169 1916 2213 rerum

226 2263 528 2327 conicere
556 2263 628 2325 in
655 2262 806 2327 loca
836 2284 1145 2349 quaeque
1176 2271 1382 2348 queat
1411 2262 1602 2326 simili
1627 2263 1886 2327 ratione

224 2384 421 2462 atque
447 2377 584 2443 huc
613 2386 773 2443 sunt
801 2378 1104 2443 coniecta
1120 2427 1136 2454 ,
1158 2400 1436 2444 neeesse
1466 2386 1573 2442 est
1601 2377 1959 2444 confiteare

65 2503 168 2549 1075
225 2512 363 2555 esse
389 2493 561 2557 alios
591 2493 737 2558 aliis
764 2501 1095 2559 terrarum
1121 2494 1192 2558 in
1218 2494 1524 2579 partibus
1554 2494 1738 2558 orbis

225 2614 289 2670 et
311 2608 533 2672 varias
560 2607 899 2673 hominum
925 2610 1145 2694 gentis
1175 2617 1244 2673 et
1272 2611 1493 2674 saecla
1518 2609 1808 2674 ferarum
1828 2660 1842 2673 .

303 2721 454 2786 Huc
482 2722 746 2788 aceedit
771 2732 849 2788 ut
874 2724 944 2787 in
972 2745 1226 2789 summa
1252 2747 1363 2790 res
1390 2726 1574 2790 nulla
1602 2725 1690 2790 sit
1717 2747 1884 2802 una,

223 2837 409 2902 unica
439 2859 612 2923 quae
642 2839 955 2924 gignatur
985 2847 1053 2904 et
1078 2841 1277 2905 unica
1305 2840 1585 2925 solaque
1615 2850 1876 2906 creseat
1893 2891 1909 2917 ‚

223 2952 376 3036 quin
405 2952 713 3038 aliquoiu'
745 2954 875 3018 siet
904 2955 1106 3019 saecli
1133 2954 1599 3041 permultaque
1632 2954 1868 3021 eodem

64 3078 167 3125 10⁵0
223 3066 353 3131 sint
377 3089 624 3154 genere
644 3117 657 3131 .
681 3069 752 3132 in
779 3069 1008 3154 primis
1037 3070 1427 3135 animalibus
1446 3119 1461 3147 ‚
1481 3071 1731 3135 inclute
1759 3071 2058 3146 Memmi,

222 3181 513 3249 invenies
544 3184 640 3248 sie
669 3184 1123 3271 montivagum
1151 3206 1363 3271 genus
1394 3208 1545 3250 esse
1575 3185 1865 3250 ferarum
1883 3235 1898 3262 ‚

228 3297 321 3360 sic
346 3296 687 3363 hominum
716 3300 1007 3385 genitam
1034 3301 1293 3386 prolem
1309 3350 1326 3378 ‚
1350 3301 1445 3365 sie
1477 3299 1767 3386 denique
1793 3310 2013 3367 mutas

228 3414 717 3500 squamigerum
743 3413 1041 3500 pecudes
1072 3424 1142 3480 et
1171 3438 1460 3502 corpora
1488 3425 1732 3481 cuncta
1757 3418 2132 3483 volantum.

222 3548 347 3611 qua
372 3536 663 3614 propter
690 3528 949 3594 caelum
978 3531 1167 3595 simili
1194 3533 1457 3597 ratione
1486 3532 1900 3598 fatendumst
1918 3583 1933 3609 ‚

62 3652 165 3700 1085
221 3649 597 3729 terramque
627 3652 697 3709 et
724 3644 933 3709 solem
952 3693 969 3722 ‚
995 3645 1220 3711 lunam
1239 3696 1254 3724 ‚
1274 3669 1457 3712 mare
1475 3697 1490 3723 ‚
1513 3656 1740 3712 cetera
1770 3670 1943 3733 quae
1972 3658 2130 3714 sunt
2148 3700 2163 3726 ‚

222 3778 348 3821 non
379 3780 534 3824 esse
561 3759 758 3824 unica
775 3807 792 3835 ‚
816 3759 940 3824 sed
967 3783 1243 3827 numero
1273 3764 1483 3850 magis
1513 3764 1937 3841 innumerali3

223 3873 761 3960 quandoquidem
790 3876 969 3940 vitae
999 3875 1327 3962 depactus
1357 3880 1681 3944 terminus
1711 3880 1843 3945 alte

232 4184 349 4231 1059
376 4190 434 4234 ut
454 4189 724 4236 omissum.
766 4187 786 4253 ΙΙ
827 4190 951 4238 1061
982 4186 1224 4240 colerunt
1258 4189 1279 4258 ΙΙ
1315 4189 1554 4242 coniecta
1589 4188 1610 4258 ΙΙ
1651 4196 1778 4242 1062
1808 4208 1872 4242 ex
1898 4191 2084 4244 ordine
2119 4192 2140 4261 ΙΙ
2185 4201 2311 4249 1070
2338 4206 2388 4248 et
2429 4198 2447 4263 Η

234 4269 350 4316 1072
380 4266 479 4319 Vis
517 4266 540 4335 ΙΙ
583 4272 713 4319 1073
752 4286 990 4340 quaeque
1021 4279 1075 4323 at
1122 4271 1144 4341 ΙΙ
1199 4277 1328 4324 1078
1364 4272 1652 4343 gignantur
1700 4274 1721 4343 ΙΙ
1774 4281 1903 4328 1079
1941 4275 2219 4346 aliquoivis
2255 4277 2277 4346 ΙΙ
2320 4288 2447 4335 1080

226 4346 383 4401 indice
407 4359 617 4403 mente.
656 4349 678 4418 ΙΙ
721 4357 846 4404 1081
889 4352 1167 4409 Invenisse
1206 4355 1228 4422 ΙΙ
1267 4363 1394 4410 1082
1433 4358 1695 4427 geminam
