3042 5192
626 446 763 514 146
788 404 792 408 ⁸
1675 444 1801 512 1111

618 617 933 686 bracchia
959 618 1459 703 palpebraeque
1491 616 1776 694 cadunt,
1798 618 2224 704 poplitesque
2251 621 2527 686 cubanti
2626 595 2634 603 ’

621 756 822 821 saepe
852 739 1076 797 tamen
1106 734 1603 797 summittuntur
1633 733 1925 817 virisque
1953 733 2306 799 resolvunt
2322 785 2336 799 .

618 847 861 914 deinde
893 849 1110 912 cibum
1139 848 1442 931 sequitur
1472 868 1749 911 somnus
1766 895 1783 922 ‚
1807 847 1994 931 quia,
2018 869 2192 932 quae
2220 849 2385 916 facit
2412 859 2529 916 a‘er
2547 904 2562 926 ‚

460 984 559 1029 955
611 966 779 1029 haec
809 961 1040 1026 eadem
1071 963 1259 1026 cibus
1278 1010 1293 1038 ,
1314 962 1384 1024 in
1410 983 1620 1026 venas
1651 961 1809 1025 dum
1840 961 2093 1026 diditur
2122 965 2369 1040 omnis,

618 1080 819 1145 efficit
838 1128 851 1141 .
876 1086 945 1142 et
971 1077 1180 1141 multo
1212 1099 1420 1163 sopor
1447 1078 1555 1141 ille
1585 1076 2014 1163 gravissimus
2044 1085 2270 1144 exstat
2287 1130 2303 1156 ‚

616 1217 812 1280 quem
843 1202 1030 1257 satur
1059 1200 1176 1256 aut
1202 1192 1420 1256 lassus
1450 1194 1677 1278 capias
1696 1242 1710 1268 ‚
1735 1193 1892 1277 quia
1919 1192 2202 1278 plurima
2229 1202 2371 1258 tum
2398 1218 2472 1259 se

616 1329 905 1395 corpora
934 1308 1342 1371 conturbant
1366 1327 1610 1392 magno
1640 1313 1922 1371 contusa
1950 1308 2182 1373 labore
2201 1358 2214 1371 .

613 1423 689 1488 fit
714 1424 974 1486 ratione
1007 1421 1239 1485 eadem
1270 1421 1612 1486 coniectus
1640 1422 1886 1507 partim
1914 1423 2154 1486 animai

458 1555 557 1602 960
612 1538 808 1602 altior
826 1586 841 1613 ‚
865 1545 1069 1621 atque
1098 1535 1280 1599 foras
1312 1537 1563 1600 eiectus
1592 1537 1843 1621 largior
1872 1537 2014 1600 eius
2031 1586 2047 1612 ‚

616 1661 683 1716 et
712 1651 988 1716 divisior
1012 1653 1187 1714 inter
1216 1671 1289 1714 se
1318 1671 1397 1714 ac
1428 1649 1819 1716 distractior
1848 1659 2041 1716 actus
2061 1702 2074 1715 .

692 1767 784 1831 Et
814 1789 947 1853 quo
980 1768 1262 1853 quisque
1292 1765 1434 1828 fere
1463 1764 1691 1830 studio
1722 1764 2075 1831 devinctus
2106 1766 2463 1845 adhaeret—,
2572 1839 2575 1842 Α

611 1889 727 1946 aut
758 1882 997 1966 quibus
1026 1882 1095 1943 in
1122 1881 1327 1944 rebus
1356 1881 1636 1944 multum
1666 1903 1893 1946 sumus
1923 1889 2080 1946 ante
2108 1886 2346 1948 morati

609 2006 812 2084 atque
840 1998 909 2060 in
939 2017 1019 2060 ea
1044 1996 1304 2059 ratione
1331 1994 1460 2059 fuit
1490 2002 1811 2059 contenta
1837 1998 2046 2081 magis
2074 2019 2261 2061 mens
2283 2048 2297 2072 ‚

454 2131 553 2178 965
610 2114 677 2177 in
709 2081 957 2177 somnis
989 2109 1225 2173 eadem
1252 2108 1646 2194 plerumque
1674 2109 1978 2174 videmur
2007 2112 2228 2188 obire3

605 2226 923 2293 causidici
953 2246 1194 2289 causas
1224 2244 1424 2309 agere
1457 2230 1526 2288 et
1554 2246 1958 2311 componere
1985 2226 2172 2312 leges
2193 2276 2207 2296 ,

602 2342 1118 2430 induperatores
1146 2359 1447 2424 pugnare
1475 2360 1558 2401 ac
1583 2339 1841 2426 proelia
1868 2340 2054 2405 obire
2073 2389 2088 2415 ‚

605 2465 847 2521 nautae
877 2461 1295 2519 contractum
1325 2475 1472 2517 cum
1500 2454 1722 2518 ventis
1754 2452 2001 2540 degere
2028 2454 2274 2519 bellum
2291 2504 2306 2528 ‚

601 2594 730 2648 nos
761 2591 956 2656 agere
984 2569 1117 2633 hoc
1147 2575 1368 2632 autem
1400 2576 1469 2631 et
1495 2577 1804 2633 naturam
1835 2591 2158 2654 quaerere
2186 2591 2406 2634 rerum

447 2703 546 2751 970
602 2707 866 2772 semper
896 2696 963 2749 et
989 2686 1329 2748 inventam
1354 2684 1590 2769 patriis
1622 2704 1960 2768 exponere
1992 2683 2243 2748 chartis
2262 2734 2276 2747 .

604 2809 829 2865 cetera
857 2801 952 2864 sic
982 2798 1206 2863 studia
1234 2805 1438 2884 atque
1469 2805 1649 2862 artes
1677 2797 2072 2884 plerumque
2101 2798 2419 2863 videntur

599 2916 670 2979 in
699 2914 948 2980 somnis
978 2914 1232 2978 animos
1260 2912 1601 2977 hominum
1628 2911 1952 2976 frustrata
1978 2922 2212 2977 tenere
2230 2963 2245 2976 .

601 3039 669 3095 et
699 3031 814 3116 qui
843 3050 1123 3115 cumque
1154 3027 1298 3092 dies
1325 3028 1574 3091 multos
1605 3048 1690 3090 ex
1719 3026 1955 3091 ordine
1984 3026 2161 3092 ludis

599 3143 920 3209 adsiduas
952 3143 1285 3208 dederunt
1314 3163 1560 3228 operas
1578 3190 1594 3218 ‚
1613 3142 2010 3228 plerumque
2039 3141 2343 3207 videmus
2361 3193 2378 3216 ,

440 3277 538 3323 975
594 3282 743 3324 cum
770 3260 899 3322 iam
929 3257 1331 3321 destiterunt
1360 3278 1439 3321 ea
1469 3257 1777 3321 sensibus
1806 3278 2134 3343 usurpare
2152 3307 2168 3332 ‚

592 3374 877 3436 relicuas
905 3379 1128 3436 tamen
1158 3393 1306 3436 esse
1332 3373 1479 3436 vias
1507 3373 1578 3434 in
1604 3380 1828 3437 mente
1855 3374 2151 3460 patentis
2171 3421 2186 3447 ‚

598 3509 731 3573 qua
756 3487 1022 3574 possint
1051 3485 1282 3550 eadem
1310 3507 1533 3550 rerum
1564 3487 1915 3551 simulacra
1940 3487 2212 3552 venire:

593 3622 717 3687 per
742 3600 989 3665 multos
1016 3602 1244 3685 itaque
1271 3601 1384 3665 illa
1414 3599 1558 3664 dies
1587 3601 1822 3666 eadem
1852 3604 2302 3667 obversantur

594 3722 751 3779 ante
783 3715 1012 3779 oculos
1031 3763 1047 3790 ‚
1072 3715 1269 3778 etiam
1295 3715 1647 3801 vigilantes
1674 3725 1753 3780 ut
1778 3716 2138 3781 videantur

436 3847 534 3894 980
597 3851 868 3895 cernere
899 3829 1204 3894 saltantis
1236 3837 1305 3892 et
1332 3829 1556 3893 mollia
1583 3832 1879 3894 membra
1905 3833 2267 3908 moventis,

593 3953 660 4008 et
690 3944 982 4008 citharae
1011 3942 1335 4028 liquidum
1362 3933 1633 4007 carmen
1662 3943 2088 4031 chordasque
2116 3946 2455 4032 loquentis

587 4059 857 4123 auribus
888 4059 1189 4146 accipere
1207 4107 1222 4134 ‚
1248 4065 1316 4122 et
1346 4080 1735 4123 consessum
1765 4081 2040 4123 cernere
2074 4058 2358 4124 eundem

587 4175 942 4260 scenaique
975 4172 1168 4236 simul
1194 4173 1421 4238 varios
1450 4172 1807 4261 splendere
1837 4172 2119 4240 decores
2138 4225 2153 4239 .

589 4420 688 4467 959
722 4421 874 4484 parte
913 4413 932 4482 ΙΙ
969 4420 1064 4467 961
1106 4416 1274 4470 intus.
1315 4419 1334 4488 Η
1373 4424 1469 4470 982
1509 4436 1828 4473 consensum
1869 4419 1890 4489 Η
1926 4424 2023 4472 983
2062 4419 2368 4489 Scenatque
