3042 5192
1263 465 1363 534 VI
2285 469 2426 538 247

185 664 334 708 nam
366 643 483 728 qui
513 660 799 727 cumque
828 662 991 705 suos
1020 640 1400 727 fugitabant
1426 642 1644 707 visere
1674 637 1763 708 ad
1787 659 2032 730 aegros
2051 694 2065 720 ‚

184 759 344 824 vitai
371 758 645 821 nimium
675 756 958 842 cupidos
986 757 1354 842 mortisque
1381 757 1677 822 timentis

58 891 154 937 124⁰
186 873 511 959 poenibat
539 871 742 958 paulo
772 878 933 956 post
958 871 1143 956 turpi
1171 880 1388 936 morte
1415 873 1725 959 malaque
1743 923 1758 950 ‚

188 987 499 1053 desertos
517 1036 532 1063 ‚
557 987 707 1073 opis
738 986 1033 1072 expertis
1049 1037 1064 1064 ‚
1087 987 1343 1068 incuria
1369 995 1673 1054 mactans
1690 1038 1704 1053 .

188 1103 297 1188 qui
321 1102 597 1166 fuerant
624 1109 843 1167 autem
872 1109 1177 1188 praest0,
1203 1103 1602 1190 contagibus
1630 1103 1820 1168 ibant

158 1218 179 1258 ”
189 1227 390 1303 atque
418 1216 653 1282 labore
671 1265 687 1292 ‚
714 1215 940 1304 pudor
968 1238 1166 1303 quem
1191 1224 1333 1282 tum
1365 1218 1654 1305 cogebat
1682 1219 1870 1283 obire

192 1331 581 1418 blandaque
608 1332 938 1396 lassorum
964 1353 1104 1396 vox
1131 1333 1341 1397 mixta
1366 1354 1537 1398 voce
1568 1334 1939 1419 querellae.

54 1462 156 1509 1⁶24ss
191 1448 481 1532 optimus
510 1446 642 1511 hoc
670 1446 790 1510 leti
818 1467 1029 1533 genus
1060 1468 1219 1534 ergo
1252 1449 1536 1535 quisque
1565 1449 1833 1514 subibat
1852 1498 1866 1511 .

52 1578 153 1624 122⁵
186 1563 575 1626 incomitata
600 1562 747 1650 rapi
776 1562 1141 1627 cernebant
1164 1562 1403 1629 funera
1428 1571 1625 1629 vasta
1642 1613 1657 1640 ‚

54 1693 152 1740 ιω
186 1678 386 1763 inque
418 1677 565 1740 aliis
596 1675 793 1741 alium
818 1676 1140 1762 populum
1168 1679 1452 1765 sepelire
1482 1700 1756 1743 suorum

189 1799 558 1857 certantes:
586 1791 870 1856 lacrimis
898 1790 1060 1856 lassi
1085 1792 1404 1878 luctuque
1429 1792 1779 1858 redibant:

191 1907 344 1972 inde
370 1908 621 1971 bonam
648 1913 906 1992 partem
933 1907 1003 1970 in
1032 1907 1277 1972 lectum
1303 1929 1607 1973 maerore
1636 1907 1971 1974 dabantur
1990 1959 2004 1974 .

52 2038 161 2085 1250
198 2044 317 2087 nec
358 2029 636 2108 poterat
666 2019 1017 2107 quisquam
1044 2023 1322 2108 reperiri
1338 2072 1354 2100 ‚
1379 2044 1578 2109 quem
1603 2045 1824 2110 neque
1851 2027 2125 2090 morbus

190 2159 308 2202 nec
336 2159 524 2202 mors
552 2157 678 2201 nec
706 2136 927 2201 luctus
954 2144 1319 2223 temptaret
1344 2146 1652 2224 tempore
1685 2140 1876 2204 talei.

266 2251 630 2316 Praeterea
654 2253 784 2316 iam
812 2259 1047 2338 pastor
1079 2260 1147 2317 et
1177 2253 1616 2318 armentarius
1646 2255 1858 2320 omnis

190 2375 256 2430 et
281 2368 606 2432 robustus
635 2368 792 2431 item
823 2367 1009 2431 curvi
1037 2366 1423 2432 moderator
1452 2370 1658 2433 aratri

189 2480 547 2568 languebat
563 2530 579 2558 ‚
601 2482 1001 2568 penitusque
1031 2504 1189 2547 casa
1217 2490 1537 2549 contrusa
1563 2484 1874 2550 iacebant

40 2611 153 2656 1255
194 2617 481 2683 corpora
508 2604 909 2682 paupertate
939 2603 1009 2661 et
1033 2598 1270 2664 morbo
1302 2597 1534 2665 dedita
1558 2600 1758 2664 morti
1777 2649 1791 2664 .

194 2712 508 2775 exanimis
537 2712 763 2798 pueris
794 2733 998 2798 super
1029 2714 1406 2779 exanimata
1432 2723 1788 2802 parentum

190 2847 477 2912 corpora
503 2848 645 2891 non
672 2849 1032 2914 numquam
1059 2850 1299 2915 posses
1328 2837 1650 2916 retroque
1679 2828 1911 2893 videre

188 2942 514 3007 matribus
545 2950 615 3007 et
642 2944 947 3029 patribus
975 2952 1174 3010 natos
1206 2965 1409 3029 super
1439 2943 1641 3008 edere
1669 2944 1874 3008 vitam
1893 2992 1906 3006 .

190 3077 317 3121 nec
344 3058 679 3122 minimam
706 3066 966 3145 partem
998 3081 1080 3124 ex
1109 3060 1287 3145 agris
1317 3059 1638 3122 maeroris
1663 3059 1735 3121 in
1761 3059 1994 3142 urbem

29 3184 145 3232 1260
190 3171 513 3238 confluxit
541 3173 728 3240 labes
745 3224 762 3250 ‚
786 3194 983 3259 quem
1010 3174 1293 3239 contulit
1322 3172 1765 3260 agricolarum

188 3288 385 3373 copia
413 3289 819 3353 conveniens
849 3311 935 3353 ex
963 3290 1142 3353 omni
1167 3288 1476 3354 morbida
1501 3295 1699 3375 parte
1720 3338 1733 3351 .

189 3402 409 3467 omnia
436 3404 848 3490 conplebant
874 3404 1029 3469 loca
1054 3411 1403 3490 tectaque3
1428 3424 1564 3489 quo
1593 3404 1806 3490 magis
1835 3410 1986 3467 astu

187 3517 533 3583 confertos
561 3518 658 3583 ita
686 3520 1044 3584 acervatim
1071 3541 1254 3584 mors
1285 3519 1749 3584 accumulabat
1766 3570 1779 3583 .

191 3632 401 3697 multa
429 3633 541 3698 siti
566 3640 917 3720 protracta
944 3634 1117 3699 viam
1144 3655 1268 3720 per
1295 3655 1558 3720 proque
1585 3634 1818 3699 voluta

27 3761 144 3808 1255
195 3768 486 3833 corpora
514 3747 767 3812 silanos
797 3747 888 3812 ad
917 3769 1240 3835 aquarum
1270 3756 1484 3814 strata
1510 3750 1824 3814 iacebant

188 3861 555 3928 interclusa
584 3864 801 3928 anima
826 3863 1025 3928 nimia
1053 3864 1139 3928 ab
1170 3863 1524 3929 dulcedine
1556 3885 1879 3951 aquarum
1898 3913 1914 3939 ‚

188 3976 532 4065 multaque
561 3999 685 4065 per
710 3978 945 4066 populi
971 3979 1220 4064 passim
1247 3979 1401 4044 loca
1427 3987 1743 4066 prompta
1769 3978 2046 4065 viasque

190 4191 271 4199 —-
278 4193 537 4201 —u-—-
560 4195 597 4200 ω-

200 4285 340 4335 1238
371 4291 549 4338 utsere
584 4285 606 4354 ΙΙ
645 4292 777 4339 1240
814 4286 1087 4342 Poenibus
1124 4295 1178 4342 at
1223 4289 1244 4359 ΙΙ
1304 4295 1436 4343 1238
1471 4290 1656 4343 incura
1690 4287 1710 4358 ΙΙ
1754 4294 1881 4341 1225
1920 4287 2197 4341 certabant
2233 4290 2252 4356 ΙΙ
2296 4291 2424 4338 1249

194 4365 397 4418 iectum
440 4367 462 4436 ΙΙ
516 4374 647 4422 1250
682 4370 896 4423 morbo.
945 4372 966 4441 ΙΙ
1019 4377 1145 4424 1251
1184 4372 1314 4427 tale.
1359 4374 1379 4445 ΙΙ
1434 4378 1564 4426 1260
1599 4372 1857 4444 languens
1894 4371 1915 4443 ΙΙ
1958 4376 2084 4424 1261
2124 4366 2366 4423 morbide
2404 4369 2424 4438 ΙΙ

199 4453 341 4501 1262
375 4451 692 4506 condiebant
727 4455 749 4523 ΙΙ
783 4462 989 4510 aestus.
1027 4456 1050 4524 ΙΙ
1091 4461 1217 4510 1264
1252 4463 1524 4528 prostrata
1561 4456 1583 4526 ΙΙ
1624 4462 1750 4509 1265
1789 4456 2065 4510 tacebant.
