3042 5192
1278 485 1374 554 III
2346 493 2436 560 97

206 679 321 722 nee
347 660 564 723 refert
592 669 821 722 utrum
848 665 1084 744 pereat
1113 634 1438 745 dispersa?
1449 681 1574 746 per
1604 681 1802 725 auras

84 794 159 837 545
205 780 281 838 sn
310 782 667 838 eontracta
696 773 836 837 suis
867 793 903 835 e
933 772 1238 859 partibus
1270 775 1709 841 obbruteseat
1727 825 1742 850 ‚

206 887 465 975 quando
498 888 838 952 hominem
864 895 1080 952 totum
1108 888 1318 974 magis
1348 910 1427 953 ae
1456 892 1666 977 magis
1692 889 1992 977 undique
2023 913 2260 957 sensus

208 1002 421 1068 deficit
451 1012 527 1067 et
552 1004 737 1067 vitae
766 1003 982 1066 minus
1013 1011 1083 1067 et
1110 1004 1326 1068 minus
1355 1003 1657 1091 undique
1686 1014 1904 1070 restat
1921 1056 1935 1069 .

276 1118 366 1183 Et
395 1118 722 1204 quoniam
748 1138 936 1182 mens
967 1125 1073 1183 est
1098 1117 1384 1182 hominis
1413 1138 1575 1204 pars
1602 1141 1737 1184 una
1755 1169 1770 1197 ‚
1792 1120 1944 1185 loeo
1976 1142 2148 1207 quae

206 1233 327 1297 fixa
352 1241 589 1297 manet
618 1240 807 1297 certo
825 1281 841 1308 ‚
861 1232 972 1296 vel
999 1239 1077 1296 ut
1106 1253 1303 1297 aures
1334 1241 1541 1318 atque
1572 1235 1748 1298 oculi
1780 1243 1941 1300 sunt

82 1365 161 1411 550
205 1357 395 1434 atque
425 1348 542 1412 alii
571 1368 813 1412 sensus
842 1347 955 1433 qui
985 1348 1189 1411 vitam
1220 1368 1504 1432 eumque
1533 1348 1944 1434 gubernant,

206 1469 267 1526 et
291 1463 397 1527 vel
422 1462 532 1526 uti
559 1482 797 1525 manus
825 1470 942 1526 aut
970 1462 1206 1525 oculus
1235 1483 1518 1526 naresve
1551 1484 1855 1527 seorsum

206 1586 463 1642 secreta
493 1576 580 1640 ab
611 1576 810 1640 nobis
838 1585 1180 1663 nequeunt
1209 1578 1456 1641 sentire
1485 1598 1708 1662 neque
1739 1600 1888 1643 esse
1907 1629 1923 1655 ‚

207 1691 321 1756 sed
346 1701 577 1756 tamen
604 1692 674 1755 in
703 1712 916 1779 parvo
945 1691 1285 1756 lincuntur
1313 1698 1619 1779 tempore
1648 1693 1825 1770 tabi,

210 1808 297 1870 sie
323 1808 586 1871 animus
613 1828 738 1894 per
768 1827 841 1870 se
868 1829 1006 1871 non
1037 1807 1183 1892 quit
1210 1806 1351 1870 sine
1383 1827 1669 1894 corpore
1699 1814 1769 1871 et
1795 1808 1945 1895 ipso

79 1938 159 1983 555
211 1942 348 1986 esse
374 1922 648 1986 homine
666 1971 683 1997 ‚
704 1921 877 1985 iflius
907 1921 1099 2006 quasi
1129 1919 1318 2006 quod
1343 1941 1466 1985 vas
1499 1942 1649 1986 esse
1679 1919 1944 1988 videtur
1963 1973 1978 1999 ‚

207 2037 337 2100 sive
362 2036 551 2101 aliud
583 2035 744 2122 quid
773 2036 875 2100 vis
902 2037 1128 2123 potius
1159 2036 1578 2100 coniunctius
1609 2037 1670 2100 ei

204 2152 443 2238 fingere
462 2201 481 2227 ‚
509 2149 1055 2237 quandoquidem
1085 2172 1347 2215 conexu
1376 2172 1626 2237 eorpus
1655 2150 1981 2215 adhaeret

208 2264 495 2352 denique
514 2315 531 2342 ‚
560 2266 865 2353 eorporis
895 2273 1099 2351 atque
1129 2266 1326 2329 animi
1353 2266 1583 2329 vivata
1608 2273 1915 2353 potestas

204 2380 370 2444 inter
401 2402 480 2445 se
510 2380 867 2444 coniuncta
894 2381 1123 2446 valent
1147 2382 1422 2467 vitaque
1448 2380 1796 2445 fruuntur:

76 2510 156 2557 560
200 2516 317 2559 nec
345 2496 495 2560 sine
524 2491 810 2583 eofpore
840 2495 1012 2558 enim
1037 2494 1259 2560 vitalis
1291 2494 1493 2559 edere
1521 2502 1745 2560 motus

207 2610 343 2674 sola
370 2618 607 2698 potest
634 2610 835 2675 animi
862 2630 986 2697 per
1015 2630 1088 2673 se
1115 2616 1361 2674 natura
1386 2631 1512 2674 neo
1543 2617 1765 2674 autem

207 2745 466 2789 cassum
493 2725 712 2790 anima
741 2746 989 2811 eorpus
1021 2723 1264 2788 durare
1295 2732 1363 2789 et
1391 2726 1700 2790 sensibus
1729 2726 1829 2790 uti
1847 2777 1860 2790 .

203 2840 452 2904 scilieet
468 2889 484 2916 ,
508 2839 779 2904 avolsus
807 2837 1146 2904 radicibus
1174 2846 1254 2904 ut
1278 2841 1515 2926 nequit
1542 2840 1744 2905 ullam

203 2954 528 3043 dispicere
558 2955 703 3043 ipse
733 2955 966 3019 oculus
995 2975 1135 3018 rem
1166 2975 1467 3019 seorsum
1497 2976 1788 3042 corpore
1818 2962 1965 3020 toto
1983 3005 1999 3031 ‚

72 3083 153 3130 56⁵
201 3070 294 3133 sie
321 3070 544 3134 anima
570 3078 774 3155 atque
804 3070 1061 3134 animus
1088 3081 1212 3157 per
1242 3090 1315 3133 se
1342 3070 1437 3134 nil
1463 3090 1671 3157 posse
1698 3068 1967 3134 videtur
1985 3120 1998 3133 .

200 3184 266 3247 ni
290 3184 527 3248 mirum
544 3234 560 3260 ,
591 3185 749 3270 quia
774 3206 900 3273 per
927 3206 1135 3249 venas
1165 3191 1234 3248 et
1260 3184 1521 3248 viscera
1548 3183 1799 3248 mixtim
1819 3232 1835 3260 ‚

204 3320 324 3385 per
349 3320 601 3364 nervos
631 3303 837 3384 atque
868 3321 1026 3363 ossa
1044 3348 1059 3376 ‚
1079 3305 1394 3363 tenentur
1426 3320 1712 3386 corpore
1742 3300 1828 3364 ab
1859 3300 2036 3363 omni

201 3433 321 3476 nec
347 3414 606 3501 magnis
634 3414 999 3479 intervallis
1027 3411 1391 3502 primordia
1419 3421 1710 3501 possunt

200 3526 401 3593 libera
431 3528 793 3594 dissultare
811 3578 826 3606 ,
845 3527 1001 3592 ideo
1033 3528 1349 3592 conclusa
1376 3536 1730 3592 moventur

70 3654 152 3702 ⁵70
199 3643 560 3708 sensiferos
587 3651 809 3708 motus
828 3693 844 3720 ‚
868 3664 1040 3729 quos
1072 3651 1265 3708 extra
1295 3663 1545 3731 eorpus
1572 3642 1641 3705 in
1670 3665 1868 3708 auras

203 3758 370 3822 aeris
396 3759 571 3823 haut
597 3765 888 3846 possunt
914 3765 1076 3845 post
1101 3765 1380 3823 mortem
1414 3757 1628 3821 eiecta
1655 3759 1908 3824 moveri

195 3881 562 3960 propterea
592 3873 749 3959 quia
774 3895 915 3937 non
943 3873 1135 3937 simili
1158 3873 1420 3937 ratione
1449 3880 1798 3938 tenentur:

198 4007 442 4076 eorpus
476 3988 651 4052 enim
681 3997 884 4074 atque
913 3988 1210 4052 animans
1242 3988 1368 4052 erit
1396 3993 1511 4052 aer
1530 4036 1546 4064 ‚
1570 3989 1626 4052 si
1656 3987 1970 4052 cohibere

204 4298 300 4344 544
335 4291 585 4363 disperse
623 4293 645 4364 ΙΙ
682 4299 779 4346 545
805 4295 1139 4350 obrutescat.
1177 4293 1197 4366 ΙΙ
1236 4301 1331 4348 551
1372 4302 1530 4365 atque
1566 4294 1587 4367 ΙΙ
1625 4299 1722 4347 553
1747 4293 2022 4366 linguntur
2059 4295 2079 4365 11
2115 4293 2234 4346 tali.
2276 4295 2297 4364 Η
2334 4299 2430 4345 555

204 4373 461 4429 hominem
500 4376 523 4449 ΙΙ
560 4393 719 4431 vasae
753 4375 774 4446 ΙΙ
812 4382 914 4431 564
951 4379 1138 4433 oculus
1173 4379 1289 4451 ipse
1326 4378 1347 4450 ΙΙ
1385 4383 1484 4431 566
1518 4396 1618 4451 per
1651 4385 1918 4434 omissum.
1967 4378 1988 4451 ΙΙ
2036 4380 2184 4432 mixti
2245 4376 2265 4446 ΙΙ
2330 4383 2423 4428 571

208 4473 439 4513 movere.
480 4460 502 4531 ΙΙ
542 4465 642 4512 573
682 4460 909 4515 animam
944 4462 1078 4516 serit

1989 4560 2027 4621 7
