3042 5192
1253 468 1354 535 VI
2272 473 2411 542 219

56 664 123 708 405
173 645 395 731 arguit
426 650 499 707 et
524 641 847 729 liquidam
874 641 1116 706 molem
1146 662 1556 728 camposque
1583 645 1880 709 natantis
1899 645 1931 707 Ρ

169 767 529 844 praeterea
558 759 615 822 si
644 759 791 822 vult
819 731 1170 821 caveamus
1199 755 1488 821 fulminis
1518 758 1722 822 ictum
1741 807 1756 835 ‚

175 896 293 938 cur
324 872 601 937 dubitat
627 871 849 936 facere
879 878 957 936 ut
983 872 1318 956 possimus
1350 893 1625 936 cernere
1653 873 1924 938 missum
1942 873 1975 935 P

176 990 232 1052 si
259 1009 392 1051 nec
424 987 764 1072 opinantis
795 994 1017 1051 autem
1045 986 1190 1051 volt
1217 988 1594 1073 opprimere
1622 988 1761 1073 igni
1778 1036 1793 1063 ‚

177 1125 297 1166 cur
328 1109 532 1166 tonat
560 1124 646 1166 ex
673 1101 787 1165 illa
812 1108 1007 1187 parte
1026 1149 1041 1176 ,
1064 1107 1141 1165 ut
1168 1102 1381 1165 vitare
1412 1123 1732 1186 queamus
1752 1150 1767 1178 ,

56 1237 130 1281 410
175 1240 293 1281 cur
320 1217 646 1281 tenebras
677 1222 834 1279 ante
864 1223 931 1280 et
958 1214 1261 1280 fremitus
1293 1224 1362 1280 et
1388 1237 1728 1281 murmura
1758 1218 2027 1281 concit?

178 1341 243 1396 et
272 1331 475 1395 simul
501 1331 571 1394 in
599 1331 843 1395 multas
871 1331 1084 1418 partis
1116 1332 1229 1416 qui
1258 1329 1535 1396 credere
1561 1332 1790 1417 possis

185 1448 457 1511 mittere
476 1445 510 1507 Ρ
535 1466 623 1508 an
649 1445 783 1508 hoc
814 1446 993 1510 ausis
1022 1466 1382 1532 numquam
1412 1444 1820 1510 contendere
1846 1445 2094 1511 factum
2114 1496 2129 1520 ,

177 1571 251 1625 ut
278 1561 529 1624 fierent
555 1561 729 1625 ictus
758 1581 892 1624 uno
924 1561 1049 1624 sub
1078 1568 1383 1645 tempore
1410 1561 1638 1644 plures
1655 1559 1689 1621 P

179 1686 247 1741 at
276 1683 558 1762 saepest
584 1696 862 1739 numero
892 1674 1143 1740 factum
1169 1675 1443 1760 fierique
1471 1681 1822 1739 necessest
1839 1723 1854 1748 ‚

56 1810 131 1853 115
178 1800 252 1855 ut
279 1792 521 1877 pluere
550 1790 619 1852 in
646 1789 869 1854 multis
896 1791 1283 1876 regionibus
1314 1797 1382 1854 et
1410 1789 1655 1854 cadere
1683 1789 1911 1853 imbris
1929 1839 1945 1864 ‚

182 1906 462 1969 fulmina
489 1905 585 1968 sic
613 1926 748 1968 uno
776 1904 919 1968 fieri
948 1905 1072 1969 sub
1104 1913 1405 1991 tempore
1435 1904 1644 1970 multa
1662 1954 1676 1968 .

184 2029 534 2106 postremo
565 2042 683 2084 cur
714 2028 949 2084 sancta
978 2018 1177 2084 deum
1208 2018 1489 2085 delubra
1517 2041 1810 2104 suasque

184 2134 466 2199 discutit
492 2133 737 2198 infesto
768 2134 1150 2222 praeclaras
1178 2134 1450 2199 fulmine
1480 2134 1679 2200 sedes

185 2259 251 2313 et
278 2250 459 2314 bene
488 2248 669 2314 facta
700 2248 898 2313 deum
924 2248 1173 2334 frangit
1202 2251 1554 2314 simulacra
1583 2250 1855 2334 suisque

52 2381 132 2426 420
184 2363 393 2429 demit
420 2365 818 2450 imaginibus
846 2364 1140 2429 violento
1171 2365 1447 2429 volnere
1474 2365 1802 2430 honorem
1819 2362 1852 2426 Ρ

186 2478 463 2564 altaque
494 2501 614 2544 cur
642 2479 1033 2565 plerumque
1062 2481 1232 2565 petit
1256 2480 1437 2556 loca,
1465 2481 1881 2566 plurimaque
1912 2481 2051 2544 eius

182 2595 524 2659 montibus
552 2595 623 2658 in
652 2594 920 2659 summis
947 2595 1232 2680 vestigia
1261 2596 1588 2659 cernimus
1615 2595 1787 2680 ignis
1805 2593 1838 2657 Ρ

265 2708 479 2788 Quod
506 2730 711 2794 super
741 2717 847 2773 est
870 2758 885 2784 ,
902 2708 1167 2773 facilest
1198 2730 1282 2773 ex
1309 2708 1416 2774 his
1447 2731 1859 2795 cognoscere
1887 2710 2089 2775 rebus
2109 2758 2123 2783 ‚

180 2833 531 2908 presteras
565 2823 784 2887 Graiei
816 2846 987 2909 quos
1017 2825 1101 2888 ab
1132 2846 1207 2888 re
1233 2826 1748 2900 nominitarunt,

44 2955 126 2998 425
178 2938 245 3001 in
272 2959 465 3002 mare
495 2959 631 3022 qua
657 2939 840 3002 missi
867 2940 1143 3003 veniant
1169 2939 1431 3003 ratione
1461 2960 1750 3024 superne
1769 2989 1783 3003 .

178 3076 335 3118 nam
363 3054 445 3116 fit
472 3062 549 3117 ut
577 3053 752 3117 inter
783 3052 941 3118 dum
968 3062 1105 3119 tam
1135 3076 1335 3139 quam
1366 3053 1658 3118 demissa
1686 3054 1996 3117 columna

177 3169 246 3231 in
274 3190 466 3232 mare
497 3166 583 3230 de
614 3169 797 3232 caelo
830 3168 1233 3246 descendat,
1258 3192 1458 3255 quam
1484 3168 1662 3233 freta
1692 3170 1939 3233 circum

176 3281 575 3347 fervescunt
601 3284 895 3369 graviter
924 3285 1333 3372 spirantibus
1362 3286 1569 3350 incita
1597 3284 1824 3349 flabris
1842 3333 1858 3358 ‚

180 3408 249 3462 et
281 3420 461 3484 quae
493 3419 776 3483 cumque
801 3400 871 3462 in
902 3421 982 3464 eo
1011 3408 1155 3464 tum
1184 3401 1319 3464 sint
1346 3399 1684 3485 deprensa
1710 3400 1996 3464 tumultu

42 3527 127 3574 {30
178 3514 457 3599 navigia
485 3513 555 3576 in
588 3535 910 3578 summum
940 3516 1211 3580 veniant
1238 3523 1485 3581 vexata
1514 3516 1835 3602 periclum
1853 3564 1866 3577 .

180 3628 317 3692 hoc
347 3629 429 3692 fit
456 3628 575 3692 ubi
600 3628 777 3693 inter
806 3628 964 3693 dum
992 3652 1131 3694 non
1160 3632 1308 3715 quit
1334 3632 1438 3696 vis
1462 3631 1668 3694 incita
1693 3631 1880 3694 venti

177 3764 503 3830 rumpere
533 3763 733 3827 quam
762 3745 984 3830 coepit
1010 3746 1254 3809 nubem
1272 3794 1288 3821 ,
1311 3745 1434 3809 sed
1466 3744 1807 3830 deprimit,
1829 3752 1904 3808 ut
1936 3745 2024 3809 sit

178 3859 247 3920 in
276 3879 471 3921 mare
503 3856 589 3921 de
620 3858 805 3922 caelo
837 3867 972 3923 tam
1004 3882 1203 3944 quam
1234 3859 1526 3925 demissa
1555 3861 1861 3925 columna
1880 3910 1895 3934 ‚

176 3973 512 4060 paulatim
530 4023 545 4048 ‚
571 3975 765 4058 quasi
794 3973 957 4058 quid
986 3997 1215 4062 pugno
1246 3975 1656 4059 bracchique
1688 3997 1978 4062 superne

40 4103 123 4148 135
176 4089 499 4153 coniectu
529 4087 842 4153 trudatur
872 4097 940 4154 et
971 4089 1375 4155 extendatur
1405 4092 1471 4154 in
1502 4090 1754 4166 undas3

182 4372 285 4418 406
326 4365 469 4416 vivit
504 4366 525 4433 ΙΙ
564 4372 660 4418 417
702 4365 911 4420 dilubra
946 4368 965 4436 ΙΙ
1005 4373 1098 4420 421
1142 4368 1255 4420 ioca
1292 4371 1312 4436 Η
1350 4369 1497 4439 plus.
1550 4367 1568 4433 ΙΙ
1609 4376 1706 4421 424
1745 4368 1878 4438 grali
1916 4370 1936 4436 ΙΙ
1974 4372 2071 4419 426
2109 4373 2216 4417 tam
2252 4380 2370 4415 cum
2409 4366 2428 4427 Ιι

186 4455 249 4500 42
256 4455 290 4500 8
329 4447 497 4500 lacita
535 4449 555 4513 ΙΙ
596 4456 694 4502 430
734 4450 950 4503 xenium
