<?xml version="1.0" encoding="UTF-8"?>
<!DOCTYPE html PUBLIC "-//W3C//DTD XHTML 1.0 Transitional//EN"
    "http://www.w3.org/TR/xhtml1/DTD/xhtml1-transitional.dtd">
<html xmlns="http://www.w3.org/1999/xhtml" xml:lang="en" lang="en">
 <head>
  <title>
</title>
<meta http-equiv="Content-Type" content="text/html;charset=utf-8" />
  <meta name='ocr-system' content='tesseract 3.04.00' />
  <meta name='ocr-capabilities' content='ocr_page ocr_carea ocr_par ocr_line ocrx_word'/>
</head>
<body>
  <div class='ocr_page' id='page_1' title='image "./tlucreticarider04unkngoog_0038.png"; bbox 0 0 3042 5192; ppageno 0'>
   <div class='ocr_carea' id='block_1_1' title="bbox 571 486 1701 554">
    <p class='ocr_par' dir='ltr' id='par_1_1' title="bbox 571 486 1701 554">
     <span class='ocr_line' id='line_1_1' title="bbox 571 486 1701 554; baseline -0.002 0"><span class='ocrx_word' id='word_1_1' title='bbox 571 487 661 554; x_wconf 86' lang='lat'>30</span> <span class='ocrx_word' id='word_1_2' title='bbox 1669 486 1701 552; x_wconf 94' lang='lat' dir='ltr'>I</span> 
     </span>
    </p>
   </div>
   <div class='ocr_carea' id='block_1_2' title="bbox 400 657 2790 4070">
    <p class='ocr_par' dir='ltr' id='par_1_2' title="bbox 400 657 2790 4070">
     <span class='ocr_line' id='line_1_2' title="bbox 562 657 2196 747; baseline -0.001 -22"><span class='ocrx_word' id='word_1_3' title='bbox 562 661 888 747; x_wconf 88' lang='lat' dir='ltr'>principio</span> <span class='ocrx_word' id='word_1_4' title='bbox 908 709 924 732; x_wconf 86' lang='lat'>,</span> <span class='ocrx_word' id='word_1_5' title='bbox 948 680 1168 723; x_wconf 89' lang='lat' dir='ltr'>rerum</span> <span class='ocrx_word' id='word_1_6' title='bbox 1199 680 1400 743; x_wconf 85' lang='lat' dir='ltr'>quom</span> <span class='ocrx_word' id='word_1_7' title='bbox 1432 657 1595 723; x_wconf 80' lang='lat' dir='ltr'>dicit</span> <span class='ocrx_word' id='word_1_8' title='bbox 1623 660 2162 724; x_wconf 81' lang='lat' dir='ltr'>homoeomerian</span> <span class='ocrx_word' id='word_1_9' title='bbox 2183 709 2196 729; x_wconf 88' lang='grc'>,</span> 
     </span>
     <span class='ocr_line' id='line_1_3' title="bbox 410 774 2051 859; baseline 0.001 -21"><span class='ocrx_word' id='word_1_10' title='bbox 410 793 507 839; x_wconf 82' lang='lat'>835</span> <span class='ocrx_word' id='word_1_11' title='bbox 563 798 753 852; x_wconf 83' lang='lat' dir='ltr'>ossa,</span> <span class='ocrx_word' id='word_1_12' title='bbox 775 774 1089 839; x_wconf 79' lang='lat' dir='ltr'>videlicet</span> <span class='ocrx_word' id='word_1_13' title='bbox 1107 823 1122 847; x_wconf 84' lang='lat'><strong>‚</strong></span> <span class='ocrx_word' id='word_1_14' title='bbox 1147 796 1183 836; x_wconf 92' lang='lat' dir='ltr'>e</span> <span class='ocrx_word' id='word_1_15' title='bbox 1213 774 1521 859; x_wconf 82' lang='lat' dir='ltr'>pauxillis</span> <span class='ocrx_word' id='word_1_16' title='bbox 1553 775 1756 859; x_wconf 80' lang='lat' dir='ltr'>atque</span> <span class='ocrx_word' id='word_1_17' title='bbox 1785 775 2051 840; x_wconf 85' lang='lat' dir='ltr'>minutis</span> 
     </span>
     <span class='ocr_line' id='line_1_4' title="bbox 564 886 2058 975; baseline 0 -21"><span class='ocrx_word' id='word_1_18' title='bbox 564 891 830 954; x_wconf 89' lang='lat' dir='ltr'>ossibus</span> <span class='ocrx_word' id='word_1_19' title='bbox 856 889 967 952; x_wconf 92' lang='lat' dir='ltr'>hic</span> <span class='ocrx_word' id='word_1_20' title='bbox 999 898 1068 952; x_wconf 79' lang='lat' dir='ltr'>et</span> <span class='ocrx_word' id='word_1_21' title='bbox 1098 888 1183 951; x_wconf 90' lang='lat' dir='ltr'>de</span> <span class='ocrx_word' id='word_1_22' title='bbox 1212 889 1524 975; x_wconf 85' lang='lat' dir='ltr'>pauxillis</span> <span class='ocrx_word' id='word_1_23' title='bbox 1555 899 1761 974; x_wconf 78' lang='lat' dir='ltr'>atque</span> <span class='ocrx_word' id='word_1_24' title='bbox 1788 886 2058 954; x_wconf 79' lang='lat' dir='ltr'>minutis</span> 
     </span>
     <span class='ocr_line' id='line_1_5' title="bbox 566 1004 2103 1090; baseline -0.001 -21"><span class='ocrx_word' id='word_1_25' title='bbox 566 1005 933 1069; x_wconf 85' lang='lat' dir='ltr'>visceribus</span> <span class='ocrx_word' id='word_1_26' title='bbox 962 1006 1187 1067; x_wconf 84' lang='lat' dir='ltr'>viscus</span> <span class='ocrx_word' id='word_1_27' title='bbox 1217 1004 1398 1089; x_wconf 80' lang='lat' dir='ltr'>gigni</span> <span class='ocrx_word' id='word_1_28' title='bbox 1427 1024 1862 1090; x_wconf 83' lang='lat' dir='ltr'><strong>sanguenque</strong></span> <span class='ocrx_word' id='word_1_29' title='bbox 1894 1006 2103 1069; x_wconf 87' lang='lat' dir='ltr'>creari</span> 
     </span>
     <span class='ocr_line' id='line_1_6' title="bbox 565 1119 2104 1205; baseline -0.001 -21"><span class='ocrx_word' id='word_1_30' title='bbox 565 1120 905 1205; x_wconf 87' lang='lat' dir='ltr'>sanguinis</span> <span class='ocrx_word' id='word_1_31' title='bbox 930 1120 1106 1182; x_wconf 81' lang='lat' dir='ltr'>inter</span> <span class='ocrx_word' id='word_1_32' title='bbox 1135 1138 1209 1182; x_wconf 86' lang='lat' dir='ltr'>se</span> <span class='ocrx_word' id='word_1_33' title='bbox 1238 1119 1461 1182; x_wconf 80' lang='lat' dir='ltr'>multis</span> <span class='ocrx_word' id='word_1_34' title='bbox 1491 1120 1868 1183; x_wconf 67' lang='lat' dir='ltr'>coeuntibu’</span> <span class='ocrx_word' id='word_1_35' title='bbox 1895 1121 2104 1205; x_wconf 77' lang='lat' dir='ltr'>guttis</span> 
     </span>
     <span class='ocr_line' id='line_1_7' title="bbox 564 1234 2032 1320; baseline -0.001 -22"><span class='ocrx_word' id='word_1_36' title='bbox 564 1257 648 1299; x_wconf 86' lang='lat' dir='ltr'>ex</span> <span class='ocrx_word' id='word_1_37' title='bbox 677 1235 956 1319; x_wconf 82' lang='lat' dir='ltr'>aurique</span> <span class='ocrx_word' id='word_1_38' title='bbox 986 1241 1185 1319; x_wconf 76' lang='lat' dir='ltr'>putat</span> <span class='ocrx_word' id='word_1_39' title='bbox 1211 1234 1397 1297; x_wconf 87' lang='lat' dir='ltr'>micis</span> <span class='ocrx_word' id='word_1_40' title='bbox 1427 1235 1798 1299; x_wconf 70' lang='lat' dir='ltr'>consistere</span> <span class='ocrx_word' id='word_1_41' title='bbox 1829 1255 2032 1320; x_wconf 84' lang='lat' dir='ltr'>posse</span> 
     </span>
     <span class='ocr_line' id='line_1_8' title="bbox 409 1347 2274 1434; baseline 0.001 -23"><span class='ocrx_word' id='word_1_42' title='bbox 409 1367 507 1413; x_wconf 77' lang='lat'>840</span> <span class='ocrx_word' id='word_1_43' title='bbox 563 1371 796 1414; x_wconf 89' lang='lat' dir='ltr'>aurum</span> <span class='ocrx_word' id='word_1_44' title='bbox 828 1357 896 1413; x_wconf 79' lang='lat' dir='ltr'>et</span> <span class='ocrx_word' id='word_1_45' title='bbox 928 1347 1013 1412; x_wconf 88' lang='lat' dir='ltr'>de</span> <span class='ocrx_word' id='word_1_46' title='bbox 1041 1349 1241 1412; x_wconf 83' lang='lat' dir='ltr'>terris</span> <span class='ocrx_word' id='word_1_47' title='bbox 1271 1356 1518 1412; x_wconf 76' lang='lat' dir='ltr'>terram</span> <span class='ocrx_word' id='word_1_48' title='bbox 1550 1370 1987 1413; x_wconf 79' lang='lat' dir='ltr'>concrescere</span> <span class='ocrx_word' id='word_1_49' title='bbox 2015 1350 2240 1434; x_wconf 86' lang='lat' dir='ltr'>parvis</span> <span class='ocrx_word' id='word_1_50' title='bbox 2259 1398 2274 1423; x_wconf 79' lang='lat'><strong>‚</strong></span> 
     </span>
     <span class='ocr_line' id='line_1_9' title="bbox 562 1463 2077 1549; baseline 0.001 -23"><span class='ocrx_word' id='word_1_51' title='bbox 562 1464 828 1549; x_wconf 87' lang='lat' dir='ltr'>ignibus</span> <span class='ocrx_word' id='word_1_52' title='bbox 859 1484 943 1526; x_wconf 85' lang='lat' dir='ltr'>ex</span> <span class='ocrx_word' id='word_1_53' title='bbox 971 1463 1143 1548; x_wconf 88' lang='lat' dir='ltr'>ignis</span> <span class='ocrx_word' id='word_1_54' title='bbox 1161 1510 1176 1537; x_wconf 87' lang='lat'>‚</span> <span class='ocrx_word' id='word_1_55' title='bbox 1197 1484 1495 1527; x_wconf 89' lang='lat' dir='ltr'>umorem</span> <span class='ocrx_word' id='word_1_56' title='bbox 1524 1463 1866 1527; x_wconf 90' lang='lat' dir='ltr'>umoribus</span> <span class='ocrx_word' id='word_1_57' title='bbox 1897 1485 2045 1527; x_wconf 87' lang='lat' dir='ltr'>esse</span> <span class='ocrx_word' id='word_1_58' title='bbox 2063 1513 2077 1537; x_wconf 81' lang='grc'>,</span> 
     </span>
     <span class='ocr_line' id='line_1_10' title="bbox 563 1576 2036 1663; baseline -0.001 -23"><span class='ocrx_word' id='word_1_59' title='bbox 563 1586 788 1641; x_wconf 75' lang='lat' dir='ltr'>cetera</span> <span class='ocrx_word' id='word_1_60' title='bbox 818 1576 1138 1640; x_wconf 88' lang='lat' dir='ltr'>consimili</span> <span class='ocrx_word' id='word_1_61' title='bbox 1164 1576 1355 1661; x_wconf 81' lang='lat' dir='ltr'>fingit</span> <span class='ocrx_word' id='word_1_62' title='bbox 1381 1578 1644 1640; x_wconf 81' lang='lat' dir='ltr'>ratione</span> <span class='ocrx_word' id='word_1_63' title='bbox 1672 1585 2004 1663; x_wconf 78' lang='lat' dir='ltr'>putatque</span> <span class='ocrx_word' id='word_1_64' title='bbox 2023 1627 2036 1640; x_wconf 92' lang='lat'><strong>.</strong></span> 
     </span>
     <span class='ocr_line' id='line_1_11' title="bbox 560 1690 2375 1777; baseline -0.001 -22"><span class='ocrx_word' id='word_1_65' title='bbox 560 1713 686 1755; x_wconf 90' lang='lat' dir='ltr'>nec</span> <span class='ocrx_word' id='word_1_66' title='bbox 713 1700 941 1756; x_wconf 80' lang='lat' dir='ltr'>tamen</span> <span class='ocrx_word' id='word_1_67' title='bbox 971 1711 1120 1754; x_wconf 88' lang='lat' dir='ltr'>esse</span> <span class='ocrx_word' id='word_1_68' title='bbox 1149 1691 1285 1754; x_wconf 88' lang='lat' dir='ltr'>ulla</span> <span class='ocrx_word' id='word_1_69' title='bbox 1309 1690 1486 1754; x_wconf 89' lang='lat' dir='ltr'>idem</span> <span class='ocrx_word' id='word_1_70' title='bbox 1518 1712 1602 1755; x_wconf 86' lang='lat' dir='ltr'>ex</span> <span class='ocrx_word' id='word_1_71' title='bbox 1630 1700 1825 1777; x_wconf 80' lang='lat' dir='ltr'>parte</span> <span class='ocrx_word' id='word_1_72' title='bbox 1854 1692 1921 1755; x_wconf 89' lang='lat' dir='ltr'>in</span> <span class='ocrx_word' id='word_1_73' title='bbox 1948 1692 2152 1755; x_wconf 87' lang='lat' dir='ltr'>rebus</span> <span class='ocrx_word' id='word_1_74' title='bbox 2180 1693 2375 1755; x_wconf 89' lang='lat' dir='ltr'>inane</span> 
     </span>
     <span class='ocr_line' id='line_1_12' title="bbox 472 1805 2355 1893; baseline -0.001 -23"><span class='ocrx_word' id='word_1_75' title='bbox 472 1886 477 1893; x_wconf 24' lang='lat'><strong><em>⁹</em></strong></span> <span class='ocrx_word' id='word_1_76' title='bbox 563 1805 906 1883; x_wconf 80' lang='lat' dir='ltr'>concedit,</span> <span class='ocrx_word' id='word_1_77' title='bbox 928 1828 1146 1892; x_wconf 90' lang='lat' dir='ltr'>neque</span> <span class='ocrx_word' id='word_1_78' title='bbox 1178 1806 1576 1892; x_wconf 86' lang='lat' dir='ltr'>corporibus</span> <span class='ocrx_word' id='word_1_79' title='bbox 1603 1807 1800 1870; x_wconf 86' lang='lat' dir='ltr'>finem</span> <span class='ocrx_word' id='word_1_80' title='bbox 1832 1828 1983 1870; x_wconf 89' lang='lat' dir='ltr'>esse</span> <span class='ocrx_word' id='word_1_81' title='bbox 2014 1805 2355 1870; x_wconf 82' lang='lat' dir='ltr'>secandis,</span> 
     </span>
     <span class='ocr_line' id='line_1_13' title="bbox 405 1920 2230 2006; baseline 0.001 -23"><span class='ocrx_word' id='word_1_82' title='bbox 405 1938 503 1984; x_wconf 77' lang='lat'>845</span> <span class='ocrx_word' id='word_1_83' title='bbox 558 1941 766 2006; x_wconf 86' lang='lat' dir='ltr'>quare</span> <span class='ocrx_word' id='word_1_84' title='bbox 795 1921 864 1983; x_wconf 90' lang='lat' dir='ltr'>in</span> <span class='ocrx_word' id='word_1_85' title='bbox 891 1929 1179 2006; x_wconf 77' lang='lat' dir='ltr'>utraque</span> <span class='ocrx_word' id='word_1_86' title='bbox 1207 1921 1365 1984; x_wconf 93' lang='lat' dir='ltr'>mihi</span> <span class='ocrx_word' id='word_1_87' title='bbox 1395 1922 1648 2006; x_wconf 84' lang='lat' dir='ltr'>pariter</span> <span class='ocrx_word' id='word_1_88' title='bbox 1675 1922 1935 1985; x_wconf 81' lang='lat' dir='ltr'>ratione</span> <span class='ocrx_word' id='word_1_89' title='bbox 1962 1920 2230 1986; x_wconf 80' lang='lat' dir='ltr'>videtur</span> 
     </span>
     <span class='ocr_line' id='line_1_14' title="bbox 561 2034 2146 2122; baseline 0.001 -24"><span class='ocrx_word' id='word_1_90' title='bbox 561 2056 788 2099; x_wconf 90' lang='lat' dir='ltr'>errare</span> <span class='ocrx_word' id='word_1_91' title='bbox 817 2042 1021 2121; x_wconf 78' lang='lat' dir='ltr'>atque</span> <span class='ocrx_word' id='word_1_92' title='bbox 1049 2035 1141 2100; x_wconf 93' lang='lat' dir='ltr'>illi</span> <span class='ocrx_word' id='word_1_93' title='bbox 1159 2084 1174 2109; x_wconf 85' lang='lat'>‚</span> <span class='ocrx_word' id='word_1_94' title='bbox 1199 2057 1405 2122; x_wconf 87' lang='lat' dir='ltr'>supra</span> <span class='ocrx_word' id='word_1_95' title='bbox 1437 2058 1610 2121; x_wconf 89' lang='lat' dir='ltr'>quos</span> <span class='ocrx_word' id='word_1_96' title='bbox 1641 2034 1926 2099; x_wconf 84' lang='lat' dir='ltr'>diximus</span> <span class='ocrx_word' id='word_1_97' title='bbox 1956 2045 2113 2100; x_wconf 81' lang='lat' dir='ltr'>ante</span> <span class='ocrx_word' id='word_1_98' title='bbox 2133 2087 2146 2099; x_wconf 92' lang='lat'>.</span> 
     </span>
     <span class='ocr_line' id='line_1_15' title="bbox 560 2148 2154 2237; baseline 0.001 -24"><span class='ocrx_word' id='word_1_99' title='bbox 560 2148 740 2214; x_wconf 89' lang='lat' dir='ltr'>adde</span> <span class='ocrx_word' id='word_1_100' title='bbox 770 2149 956 2236; x_wconf 90' lang='lat' dir='ltr'>quod</span> <span class='ocrx_word' id='word_1_101' title='bbox 982 2150 1292 2214; x_wconf 89' lang='lat' dir='ltr'>inbecilla</span> <span class='ocrx_word' id='word_1_102' title='bbox 1317 2151 1511 2214; x_wconf 89' lang='lat' dir='ltr'>nimis</span> <span class='ocrx_word' id='word_1_103' title='bbox 1538 2149 1906 2237; x_wconf 88' lang='lat' dir='ltr'>primordia</span> <span class='ocrx_word' id='word_1_104' title='bbox 1933 2151 2154 2237; x_wconf 79' lang='lat' dir='ltr'>fingit3</span> 
     </span>
     <span class='ocr_line' id='line_1_16' title="bbox 561 2264 2332 2351; baseline -0.001 -22"><span class='ocrx_word' id='word_1_105' title='bbox 561 2266 619 2329; x_wconf 90' lang='lat' dir='ltr'>si</span> <span class='ocrx_word' id='word_1_106' title='bbox 646 2264 1012 2350; x_wconf 89' lang='lat' dir='ltr'>primordia</span> <span class='ocrx_word' id='word_1_107' title='bbox 1041 2271 1200 2330; x_wconf 76' lang='lat' dir='ltr'>sunt</span> <span class='ocrx_word' id='word_1_108' title='bbox 1217 2314 1232 2339; x_wconf 87' lang='lat'><strong>‚</strong></span> <span class='ocrx_word' id='word_1_109' title='bbox 1256 2265 1446 2328; x_wconf 90' lang='lat' dir='ltr'>simili</span> <span class='ocrx_word' id='word_1_110' title='bbox 1478 2286 1650 2350; x_wconf 88' lang='lat' dir='ltr'>quae</span> <span class='ocrx_word' id='word_1_111' title='bbox 1679 2265 1988 2351; x_wconf 77' lang='lat' dir='ltr'>praedita</span> <span class='ocrx_word' id='word_1_112' title='bbox 2017 2273 2332 2330; x_wconf 77' lang='lat' dir='ltr'>constant</span> 
     </span>
     <span class='ocr_line' id='line_1_17' title="bbox 557 2381 2322 2466; baseline 0.001 -23"><span class='ocrx_word' id='word_1_113' title='bbox 557 2387 800 2444; x_wconf 83' lang='lat' dir='ltr'>natura</span> <span class='ocrx_word' id='word_1_114' title='bbox 829 2387 1035 2464; x_wconf 81' lang='lat' dir='ltr'>atque</span> <span class='ocrx_word' id='word_1_115' title='bbox 1065 2381 1250 2466; x_wconf 85' lang='lat' dir='ltr'>ipsae</span> <span class='ocrx_word' id='word_1_116' title='bbox 1279 2401 1390 2445; x_wconf 86' lang='lat' dir='ltr'>res</span> <span class='ocrx_word' id='word_1_117' title='bbox 1420 2392 1579 2444; x_wconf 79' lang='lat' dir='ltr'>sunt</span> <span class='ocrx_word' id='word_1_118' title='bbox 1596 2429 1610 2455; x_wconf 85' lang='lat'><strong>‚</strong></span> <span class='ocrx_word' id='word_1_119' title='bbox 1634 2402 1985 2466; x_wconf 88' lang='lat' dir='ltr'>aequeque</span> <span class='ocrx_word' id='word_1_120' title='bbox 2013 2381 2322 2444; x_wconf 82' lang='lat' dir='ltr'>laborant</span> 
     </span>
     <span class='ocr_line' id='line_1_18' title="bbox 404 2495 2230 2581; baseline 0 -24"><span class='ocrx_word' id='word_1_121' title='bbox 404 2512 502 2558; x_wconf 86' lang='lat'>850</span> <span class='ocrx_word' id='word_1_122' title='bbox 560 2504 628 2558; x_wconf 79' lang='lat' dir='ltr'>et</span> <span class='ocrx_word' id='word_1_123' title='bbox 655 2502 940 2580; x_wconf 76' lang='lat' dir='ltr'>pereunt</span> <span class='ocrx_word' id='word_1_124' title='bbox 958 2544 973 2571; x_wconf 94' lang='lat'>,</span> <span class='ocrx_word' id='word_1_125' title='bbox 995 2516 1217 2581; x_wconf 88' lang='lat' dir='ltr'>neque</span> <span class='ocrx_word' id='word_1_126' title='bbox 1248 2496 1332 2559; x_wconf 92' lang='lat' dir='ltr'>ab</span> <span class='ocrx_word' id='word_1_127' title='bbox 1365 2496 1567 2558; x_wconf 80' lang='lat' dir='ltr'>exitio</span> <span class='ocrx_word' id='word_1_128' title='bbox 1596 2516 1708 2557; x_wconf 88' lang='lat' dir='ltr'>res</span> <span class='ocrx_word' id='word_1_129' title='bbox 1736 2495 1872 2557; x_wconf 92' lang='lat' dir='ltr'>ulla</span> <span class='ocrx_word' id='word_1_130' title='bbox 1899 2496 2198 2558; x_wconf 79' lang='lat' dir='ltr'>refrenat</span> <span class='ocrx_word' id='word_1_131' title='bbox 2217 2545 2230 2557; x_wconf 92' lang='lat'>.</span> 
     </span>
     <span class='ocr_line' id='line_1_19' title="bbox 557 2608 2210 2695; baseline -0.002 -22"><span class='ocrx_word' id='word_1_132' title='bbox 557 2631 712 2673; x_wconf 88' lang='lat' dir='ltr'>nam</span> <span class='ocrx_word' id='word_1_133' title='bbox 742 2608 906 2694; x_wconf 91' lang='lat' dir='ltr'>quid</span> <span class='ocrx_word' id='word_1_134' title='bbox 932 2610 1000 2673; x_wconf 90' lang='lat' dir='ltr'>in</span> <span class='ocrx_word' id='word_1_135' title='bbox 1031 2630 1362 2695; x_wconf 88' lang='lat' dir='ltr'>oppressu</span> <span class='ocrx_word' id='word_1_136' title='bbox 1390 2608 1616 2672; x_wconf 89' lang='lat' dir='ltr'>valido</span> <span class='ocrx_word' id='word_1_137' title='bbox 1650 2608 1919 2672; x_wconf 80' lang='lat' dir='ltr'>durabit</span> <span class='ocrx_word' id='word_1_138' title='bbox 1948 2630 2176 2671; x_wconf 89' lang='lat' dir='ltr'>eorum</span> <span class='ocrx_word' id='word_1_139' title='bbox 2196 2657 2210 2681; x_wconf 84' lang='lat'>‚</span> 
     </span>
     <span class='ocr_line' id='line_1_20' title="bbox 558 2721 2163 2809; baseline -0.002 -21"><span class='ocrx_word' id='word_1_140' title='bbox 558 2734 635 2790; x_wconf 79' lang='lat' dir='ltr'>ut</span> <span class='ocrx_word' id='word_1_141' title='bbox 663 2733 945 2787; x_wconf 82' lang='lat' dir='ltr'>mortem</span> <span class='ocrx_word' id='word_1_142' title='bbox 977 2724 1278 2809; x_wconf 82' lang='lat' dir='ltr'>effugiat,</span> <span class='ocrx_word' id='word_1_143' title='bbox 1300 2723 1415 2786; x_wconf 80' lang='lat' dir='ltr'>leti</span> <span class='ocrx_word' id='word_1_144' title='bbox 1447 2723 1571 2786; x_wconf 88' lang='lat' dir='ltr'>sub</span> <span class='ocrx_word' id='word_1_145' title='bbox 1604 2721 1920 2787; x_wconf 78' lang='lat' dir='ltr'>dentibus</span> <span class='ocrx_word' id='word_1_146' title='bbox 1949 2723 2112 2807; x_wconf 87' lang='lat' dir='ltr'>ipsis</span> <span class='ocrx_word' id='word_1_147' title='bbox 2131 2722 2163 2784; x_wconf 70' lang='lat' dir='ltr'>P</span> 
     </span>
     <span class='ocr_line' id='line_1_21' title="bbox 556 2836 2790 2925; baseline -0.001 -22"><span class='ocrx_word' id='word_1_148' title='bbox 556 2841 727 2925; x_wconf 87' lang='lat' dir='ltr'>ignis</span> <span class='ocrx_word' id='word_1_149' title='bbox 745 2889 761 2914; x_wconf 84' lang='lat'>‚</span> <span class='ocrx_word' id='word_1_150' title='bbox 784 2860 870 2902; x_wconf 91' lang='lat' dir='ltr'>an</span> <span class='ocrx_word' id='word_1_151' title='bbox 897 2859 1089 2907; x_wconf 89' lang='lat' dir='ltr'>umor</span> <span class='ocrx_word' id='word_1_152' title='bbox 1107 2886 1123 2912; x_wconf 85' lang='lat'>‚</span> <span class='ocrx_word' id='word_1_153' title='bbox 1147 2859 1231 2900; x_wconf 86' lang='lat' dir='ltr'>an</span> <span class='ocrx_word' id='word_1_154' title='bbox 1263 2858 1424 2901; x_wconf 86' lang='lat' dir='ltr'>aura</span> <span class='ocrx_word' id='word_1_155' title='bbox 1441 2837 1474 2899; x_wconf 72' lang='grc' dir='ltr'><em>Ρ</em></span> <span class='ocrx_word' id='word_1_156' title='bbox 1498 2836 1662 2922; x_wconf 89' lang='lat' dir='ltr'>quid</span> <span class='ocrx_word' id='word_1_157' title='bbox 1690 2837 1929 2901; x_wconf 90' lang='lat' dir='ltr'>horum</span> <span class='ocrx_word' id='word_1_158' title='bbox 1945 2838 1979 2900; x_wconf 70' lang='lat' dir='ltr'><strong>P</strong></span> <span class='ocrx_word' id='word_1_159' title='bbox 2009 2858 2306 2923; x_wconf 85' lang='lat' dir='ltr'>sanguen</span> <span class='ocrx_word' id='word_1_160' title='bbox 2325 2886 2340 2911; x_wconf 88' lang='lat'>‚</span> <span class='ocrx_word' id='word_1_161' title='bbox 2365 2858 2442 2899; x_wconf 92' lang='lat' dir='ltr'>os</span> <span class='ocrx_word' id='word_1_162' title='bbox 2462 2885 2478 2912; x_wconf 88' lang='lat'>‚</span> <span class='ocrx_word' id='word_1_163' title='bbox 2502 2857 2735 2901; x_wconf 88' lang='lat' dir='ltr'>aurum</span> <span class='ocrx_word' id='word_1_164' title='bbox 2756 2840 2790 2901; x_wconf 82' lang='lat'>⁴?</span> 
     </span>
     <span class='ocr_line' id='line_1_22' title="bbox 554 2952 2301 3039; baseline -0.001 -22"><span class='ocrx_word' id='word_1_165' title='bbox 554 2954 680 3028; x_wconf 85' lang='lat' dir='ltr'>nil,</span> <span class='ocrx_word' id='word_1_166' title='bbox 701 2962 779 3018; x_wconf 80' lang='lat' dir='ltr'>ut</span> <span class='ocrx_word' id='word_1_167' title='bbox 809 2954 1049 3039; x_wconf 87' lang='lat' dir='ltr'>opinor</span> <span class='ocrx_word' id='word_1_168' title='bbox 1067 3002 1082 3029; x_wconf 86' lang='lat'>‚</span> <span class='ocrx_word' id='word_1_169' title='bbox 1105 2953 1219 3016; x_wconf 91' lang='lat' dir='ltr'>ubi</span> <span class='ocrx_word' id='word_1_170' title='bbox 1251 2973 1335 3015; x_wconf 82' lang='lat' dir='ltr'>ex</span> <span class='ocrx_word' id='word_1_171' title='bbox 1367 2973 1586 3037; x_wconf 90' lang='lat' dir='ltr'>aequo</span> <span class='ocrx_word' id='word_1_172' title='bbox 1616 2973 1727 3016; x_wconf 88' lang='lat' dir='ltr'>res</span> <span class='ocrx_word' id='word_1_173' title='bbox 1754 2952 2057 3017; x_wconf 82' lang='lat' dir='ltr'>funditus</span> <span class='ocrx_word' id='word_1_174' title='bbox 2088 2954 2301 3016; x_wconf 90' lang='lat' dir='ltr'>omnis</span> 
     </span>
     <span class='ocr_line' id='line_1_23' title="bbox 400 3067 2319 3153; baseline 0.001 -22"><span class='ocrx_word' id='word_1_175' title='bbox 400 3086 500 3132; x_wconf 78' lang='lat'>855</span> <span class='ocrx_word' id='word_1_176' title='bbox 555 3075 692 3133; x_wconf 80' lang='lat' dir='ltr'>tam</span> <span class='ocrx_word' id='word_1_177' title='bbox 719 3068 1018 3132; x_wconf 84' lang='lat' dir='ltr'>mortalis</span> <span class='ocrx_word' id='word_1_178' title='bbox 1051 3068 1175 3131; x_wconf 77' lang='lat' dir='ltr'>erit</span> <span class='ocrx_word' id='word_1_179' title='bbox 1205 3089 1402 3153; x_wconf 86' lang='lat' dir='ltr'>quam</span> <span class='ocrx_word' id='word_1_180' title='bbox 1435 3086 1609 3152; x_wconf 89' lang='lat' dir='ltr'>quae</span> <span class='ocrx_word' id='word_1_181' title='bbox 1638 3068 1992 3133; x_wconf 80' lang='lat' dir='ltr'>manifesta</span> <span class='ocrx_word' id='word_1_182' title='bbox 2017 3067 2319 3132; x_wconf 80' lang='lat' dir='ltr'>videmus</span> 
     </span>
     <span class='ocr_line' id='line_1_24' title="bbox 558 3182 2000 3269; baseline -0.001 -22"><span class='ocrx_word' id='word_1_183' title='bbox 558 3205 642 3247; x_wconf 86' lang='lat' dir='ltr'>ex</span> <span class='ocrx_word' id='word_1_184' title='bbox 673 3182 882 3247; x_wconf 89' lang='lat' dir='ltr'>oculis</span> <span class='ocrx_word' id='word_1_185' title='bbox 909 3183 1165 3247; x_wconf 81' lang='lat' dir='ltr'>nostris</span> <span class='ocrx_word' id='word_1_186' title='bbox 1196 3183 1420 3267; x_wconf 88' lang='lat' dir='ltr'>aliqua</span> <span class='ocrx_word' id='word_1_187' title='bbox 1446 3184 1513 3247; x_wconf 87' lang='lat' dir='ltr'>vi</span> <span class='ocrx_word' id='word_1_188' title='bbox 1540 3185 1721 3248; x_wconf 78' lang='lat' dir='ltr'>victa</span> <span class='ocrx_word' id='word_1_189' title='bbox 1747 3185 2000 3269; x_wconf 90' lang='lat' dir='ltr'>perire.</span> 
     </span>
     <span class='ocr_line' id='line_1_25' title="bbox 556 3296 2466 3382; baseline -0.001 -22"><span class='ocrx_word' id='word_1_190' title='bbox 556 3307 628 3360; x_wconf 82' lang='lat' dir='ltr'>at</span> <span class='ocrx_word' id='word_1_191' title='bbox 654 3316 874 3381; x_wconf 90' lang='lat' dir='ltr'>neque</span> <span class='ocrx_word' id='word_1_192' title='bbox 902 3296 1243 3360; x_wconf 86' lang='lat' dir='ltr'>reccidere</span> <span class='ocrx_word' id='word_1_193' title='bbox 1272 3296 1362 3359; x_wconf 91' lang='lat' dir='ltr'>ad</span> <span class='ocrx_word' id='word_1_194' title='bbox 1389 3297 1593 3360; x_wconf 90' lang='lat' dir='ltr'>nilum</span> <span class='ocrx_word' id='word_1_195' title='bbox 1620 3319 1731 3360; x_wconf 90' lang='lat' dir='ltr'>res</span> <span class='ocrx_word' id='word_1_196' title='bbox 1761 3318 1964 3382; x_wconf 89' lang='lat' dir='ltr'>posse</span> <span class='ocrx_word' id='word_1_197' title='bbox 1993 3317 2214 3381; x_wconf 89' lang='lat' dir='ltr'>neque</span> <span class='ocrx_word' id='word_1_198' title='bbox 2244 3302 2466 3360; x_wconf 73' lang='lat' dir='ltr'>aute‘m</span> 
     </span>
     <span class='ocr_line' id='line_1_26' title="bbox 557 3408 2104 3494; baseline -0.001 -20"><span class='ocrx_word' id='word_1_199' title='bbox 557 3430 861 3474; x_wconf 88' lang='lat' dir='ltr'>crescere</span> <span class='ocrx_word' id='word_1_200' title='bbox 894 3408 978 3472; x_wconf 90' lang='lat' dir='ltr'>de</span> <span class='ocrx_word' id='word_1_201' title='bbox 1008 3409 1144 3473; x_wconf 86' lang='lat' dir='ltr'>nilo</span> <span class='ocrx_word' id='word_1_202' title='bbox 1176 3418 1392 3474; x_wconf 80' lang='lat' dir='ltr'>testor</span> <span class='ocrx_word' id='word_1_203' title='bbox 1418 3430 1531 3473; x_wconf 89' lang='lat' dir='ltr'>res</span> <span class='ocrx_word' id='word_1_204' title='bbox 1560 3418 1717 3473; x_wconf 79' lang='lat' dir='ltr'>ante</span> <span class='ocrx_word' id='word_1_205' title='bbox 1747 3411 2070 3494; x_wconf 78' lang='lat' dir='ltr'>probatas</span> <span class='ocrx_word' id='word_1_206' title='bbox 2090 3459 2104 3472; x_wconf 91' lang='lat'><strong>.</strong></span> 
     </span>
     <span class='ocr_line' id='line_1_27' title="bbox 554 3524 2281 3613; baseline 0 -25"><span class='ocrx_word' id='word_1_207' title='bbox 554 3532 908 3613; x_wconf 75' lang='lat' dir='ltr'>praeterea</span> <span class='ocrx_word' id='word_1_208' title='bbox 940 3524 1249 3608; x_wconf 89' lang='lat' dir='ltr'>quoniam</span> <span class='ocrx_word' id='word_1_209' title='bbox 1279 3524 1465 3587; x_wconf 90' lang='lat' dir='ltr'>cibus</span> <span class='ocrx_word' id='word_1_210' title='bbox 1495 3531 1697 3608; x_wconf 76' lang='lat' dir='ltr'>auget</span> <span class='ocrx_word' id='word_1_211' title='bbox 1724 3545 1970 3609; x_wconf 88' lang='lat' dir='ltr'>corpus</span> <span class='ocrx_word' id='word_1_212' title='bbox 2000 3525 2247 3611; x_wconf 77' lang='lat' dir='ltr'>alitque</span> <span class='ocrx_word' id='word_1_213' title='bbox 2266 3575 2281 3600; x_wconf 91' lang='lat'>‚</span> 
     </span>
     <span class='ocr_line' id='line_1_28' title="bbox 402 3637 2085 3724; baseline 0 -21"><span class='ocrx_word' id='word_1_214' title='bbox 402 3656 501 3703; x_wconf 82' lang='lat'>860</span> <span class='ocrx_word' id='word_1_215' title='bbox 555 3640 727 3704; x_wconf 90' lang='lat' dir='ltr'>scire</span> <span class='ocrx_word' id='word_1_216' title='bbox 754 3639 911 3703; x_wconf 84' lang='lat' dir='ltr'>licet</span> <span class='ocrx_word' id='word_1_217' title='bbox 936 3637 1133 3702; x_wconf 87' lang='lat' dir='ltr'>nobis</span> <span class='ocrx_word' id='word_1_218' title='bbox 1162 3659 1370 3701; x_wconf 85' lang='lat' dir='ltr'>venas</span> <span class='ocrx_word' id='word_1_219' title='bbox 1402 3645 1472 3702; x_wconf 80' lang='lat' dir='ltr'>et</span> <span class='ocrx_word' id='word_1_220' title='bbox 1499 3657 1799 3724; x_wconf 85' lang='lat' dir='ltr'>sanguen</span> <span class='ocrx_word' id='word_1_221' title='bbox 1830 3647 1898 3703; x_wconf 79' lang='lat' dir='ltr'>et</span> <span class='ocrx_word' id='word_1_222' title='bbox 1928 3661 2085 3704; x_wconf 87' lang='lat' dir='ltr'>ossa</span> 
     </span>
     <span class='ocr_line' id='line_1_29' title="bbox 554 3867 2112 3954; baseline 0 -21"><span class='ocrx_word' id='word_1_223' title='bbox 554 3869 694 3933; x_wconf 84' lang='lat' dir='ltr'>sive</span> <span class='ocrx_word' id='word_1_224' title='bbox 725 3869 912 3933; x_wconf 87' lang='lat' dir='ltr'>cibos</span> <span class='ocrx_word' id='word_1_225' title='bbox 942 3868 1155 3932; x_wconf 90' lang='lat' dir='ltr'>omnis</span> <span class='ocrx_word' id='word_1_226' title='bbox 1185 3868 1540 3931; x_wconf 71' lang='lat' dir='ltr'>commixto</span> <span class='ocrx_word' id='word_1_227' title='bbox 1570 3888 1856 3954; x_wconf 91' lang='lat' dir='ltr'>corpore</span> <span class='ocrx_word' id='word_1_228' title='bbox 1888 3867 2112 3934; x_wconf 75' lang='lat' dir='ltr'>dicent</span> 
     </span>
     <span class='ocr_line' id='line_1_30' title="bbox 556 3982 2226 4070; baseline 0.001 -23"><span class='ocrx_word' id='word_1_229' title='bbox 556 4004 704 4047; x_wconf 86' lang='lat' dir='ltr'>esse</span> <span class='ocrx_word' id='word_1_230' title='bbox 736 3992 805 4048; x_wconf 77' lang='lat' dir='ltr'>et</span> <span class='ocrx_word' id='word_1_231' title='bbox 830 3982 1083 4047; x_wconf 90' lang='lat' dir='ltr'>habere</span> <span class='ocrx_word' id='word_1_232' title='bbox 1109 3984 1179 4047; x_wconf 89' lang='lat' dir='ltr'>in</span> <span class='ocrx_word' id='word_1_233' title='bbox 1210 4004 1283 4046; x_wconf 90' lang='lat' dir='ltr'>se</span> <span class='ocrx_word' id='word_1_234' title='bbox 1311 4004 1668 4046; x_wconf 87' lang='lat' dir='ltr'>nervorum</span> <span class='ocrx_word' id='word_1_235' title='bbox 1698 4004 1988 4069; x_wconf 85' lang='lat' dir='ltr'>corpora</span> <span class='ocrx_word' id='word_1_236' title='bbox 2016 4006 2226 4070; x_wconf 81' lang='lat' dir='ltr'>parva</span> 
     </span>
    </p>
   </div>
   <div class='ocr_carea' id='block_1_3' title="bbox 554 4198 957 4207">
    <p class='ocr_par' dir='ltr' id='par_1_3' title="bbox 554 4198 957 4207">
     <span class='ocr_line' id='line_1_31' title="bbox 554 4198 957 4207; baseline 0 985"><span class='ocrx_word' id='word_1_237' title='bbox 554 4198 957 4207; x_wconf 95' lang='lat' dir='ltr'> </span> 
     </span>
    </p>
   </div>
   <div class='ocr_carea' id='block_1_4' title="bbox 557 4287 2778 4526">
    <p class='ocr_par' dir='ltr' id='par_1_4' title="bbox 557 4287 2778 4526">
     <span class='ocr_line' id='line_1_32' title="bbox 560 4287 2778 4360; baseline 0.001 -20"><span class='ocrx_word' id='word_1_238' title='bbox 560 4295 658 4341; x_wconf 79' lang='lat'>834</span> <span class='ocrx_word' id='word_1_239' title='bbox 685 4305 839 4357; x_wconf 83' lang='lat' dir='ltr'>quam</span> <span class='ocrx_word' id='word_1_240' title='bbox 876 4290 897 4358; x_wconf 84' lang='grc' dir='ltr'>ΙΙ</span> <span class='ocrx_word' id='word_1_241' title='bbox 933 4294 1029 4340; x_wconf 85' lang='grc'>835</span> <span class='ocrx_word' id='word_1_242' title='bbox 1056 4288 1124 4341; x_wconf 90' lang='lat' dir='ltr'>de</span> <span class='ocrx_word' id='word_1_243' title='bbox 1159 4290 1179 4359; x_wconf 85' lang='grc' dir='ltr'>ΙΙ</span> <span class='ocrx_word' id='word_1_244' title='bbox 1217 4294 1314 4341; x_wconf 84' lang='grc'>837</span> <span class='ocrx_word' id='word_1_245' title='bbox 1342 4306 1700 4359; x_wconf 85' lang='lat' dir='ltr'>sanguemqne</span> <span class='ocrx_word' id='word_1_246' title='bbox 1736 4290 1755 4357; x_wconf 80' lang='grc' dir='ltr'>ΙΙ</span> <span class='ocrx_word' id='word_1_247' title='bbox 1794 4295 1891 4340; x_wconf 83' lang='grc'>843</span> <span class='ocrx_word' id='word_1_248' title='bbox 1920 4287 2041 4340; x_wconf 88' lang='lat' dir='ltr'>iden</span> <span class='ocrx_word' id='word_1_249' title='bbox 2065 4296 2215 4359; x_wconf 83' lang='lat' dir='ltr'>parte</span> <span class='ocrx_word' id='word_1_250' title='bbox 2250 4289 2270 4358; x_wconf 82' lang='grc' dir='ltr'>ΙΙ</span> <span class='ocrx_word' id='word_1_251' title='bbox 2297 4293 2395 4340; x_wconf 76' lang='grc'>846</span> <span class='ocrx_word' id='word_1_252' title='bbox 2421 4289 2564 4341; x_wconf 80' lang='lat' dir='ltr'>snira</span> <span class='ocrx_word' id='word_1_253' title='bbox 2588 4290 2732 4360; x_wconf 88' lang='lat' dir='ltr'>qnod</span> <span class='ocrx_word' id='word_1_254' title='bbox 2758 4294 2778 4360; x_wconf 79' lang='grc' dir='ltr'>ΙΙ</span> 
     </span>
     <span class='ocr_line' id='line_1_33' title="bbox 561 4370 2778 4442; baseline 0 -19"><span class='ocrx_word' id='word_1_255' title='bbox 561 4378 658 4424; x_wconf 74' lang='grc'>847</span> <span class='ocrx_word' id='word_1_256' title='bbox 688 4372 930 4424; x_wconf 85' lang='lat' dir='ltr'>inbecilia</span> <span class='ocrx_word' id='word_1_257' title='bbox 974 4373 995 4439; x_wconf 92' lang='grc' dir='ltr'>ΙΙ</span> <span class='ocrx_word' id='word_1_258' title='bbox 1044 4378 1143 4425; x_wconf 84' lang='grc'>852</span> <span class='ocrx_word' id='word_1_259' title='bbox 1181 4373 1372 4425; x_wconf 82' lang='lat' dir='ltr'>efficiat</span> <span class='ocrx_word' id='word_1_260' title='bbox 1407 4373 1427 4441; x_wconf 86' lang='grc' dir='ltr'>ΙΙ</span> <span class='ocrx_word' id='word_1_261' title='bbox 1466 4379 1563 4425; x_wconf 85' lang='grc'>853</span> <span class='ocrx_word' id='word_1_262' title='bbox 1591 4374 1808 4442; x_wconf 83' lang='lat' dir='ltr'>sanguis</span> <span class='ocrx_word' id='word_1_263' title='bbox 1832 4389 1899 4423; x_wconf 80' lang='lat' dir='ltr'>an</span> <span class='ocrx_word' id='word_1_264' title='bbox 1924 4390 2012 4423; x_wconf 87' lang='lat' dir='ltr'>os.</span> <span class='ocrx_word' id='word_1_265' title='bbox 2050 4370 2072 4439; x_wconf 86' lang='grc' dir='ltr'>ΙΙ</span> <span class='ocrx_word' id='word_1_266' title='bbox 2107 4389 2289 4425; x_wconf 83' lang='lat' dir='ltr'>aurum</span> <span class='ocrx_word' id='word_1_267' title='bbox 2314 4379 2575 4426; x_wconf 69' lang='lat' dir='ltr'>omissum.</span> <span class='ocrx_word' id='word_1_268' title='bbox 2618 4373 2637 4440; x_wconf 81' lang='grc' dir='ltr'>ΙΙ</span> <span class='ocrx_word' id='word_1_269' title='bbox 2677 4379 2778 4424; x_wconf 87' lang='grc'>860</span> 
     </span>
     <span class='ocr_line' id='line_1_34' title="bbox 557 4454 1957 4526; baseline -0.003 -18"><span class='ocrx_word' id='word_1_270' title='bbox 557 4456 781 4525; x_wconf 83' lang='lat' dir='ltr'>sanguin</span> <span class='ocrx_word' id='word_1_271' title='bbox 819 4455 839 4523; x_wconf 83' lang='grc' dir='ltr'>ΙΙ</span> <span class='ocrx_word' id='word_1_272' title='bbox 878 4460 972 4508; x_wconf 86' lang='grc'>861</span> <span class='ocrx_word' id='word_1_273' title='bbox 1004 4456 1131 4509; x_wconf 84' lang='lat' dir='ltr'>Sine</span> <span class='ocrx_word' id='word_1_274' title='bbox 1167 4458 1187 4524; x_wconf 88' lang='grc' dir='ltr'>ΙΙ</span> <span class='ocrx_word' id='word_1_275' title='bbox 1225 4473 1352 4509; x_wconf 82' lang='lat' dir='ltr'>core</span> <span class='ocrx_word' id='word_1_276' title='bbox 1389 4456 1410 4526; x_wconf 83' lang='grc' dir='ltr'>ΙΙ</span> <span class='ocrx_word' id='word_1_277' title='bbox 1448 4462 1547 4508; x_wconf 83' lang='lat'>862</span> <span class='ocrx_word' id='word_1_278' title='bbox 1573 4454 1738 4508; x_wconf 83' lang='lat' dir='ltr'>Esset</span> <span class='ocrx_word' id='word_1_279' title='bbox 1761 4454 1957 4507; x_wconf 79' lang='lat' dir='ltr'>habere</span> 
     </span>
    </p>
   </div>
  </div>
 </body>
</html>
