3042 5192
1314 460 1384 526 V
2316 464 2452 534 187

206 638 297 702 nil
323 645 560 702 tamen
592 645 701 700 est
729 635 901 721 signi
926 634 1172 699 mixtas
1200 634 1501 719 potuisse
1532 635 1744 698 creari

206 755 379 817 inter
410 774 489 815 se
520 750 824 837 pecudes
855 756 1338 835 compactaque
1364 750 1664 814 membra
1691 750 2098 816 animantum
2114 801 2130 826 ‚

92 888 163 932 920
210 875 583 955 propterea
613 866 771 952 quia
801 886 973 951 quae
1004 863 1091 927 de
1118 864 1320 929 terris
1346 883 1527 929 nunc
1559 885 1828 950 quoque
1860 866 2207 932 abundant

210 984 579 1048 herbarum
608 1001 857 1068 genera
882 1001 962 1044 ac
988 978 1219 1065 fruges
1248 980 1659 1064 arbustaque
1686 980 1865 1045 laeta

213 1120 351 1164 non
380 1107 615 1162 tamen
642 1097 818 1160 inter
846 1116 920 1158 se
949 1101 1238 1182 possunt
1266 1094 1616 1180 complexa
1645 1096 1890 1171 creari,

217 1212 341 1279 sed
368 1214 477 1277 vis
510 1231 818 1297 quaeque
846 1231 969 1273 suo
995 1209 1130 1274 ritu
1156 1208 1500 1295 procedit,
1527 1216 1594 1273 et
1623 1231 1854 1274 omnes

222 1327 505 1395 foedere
536 1335 818 1390 naturae
848 1333 1035 1389 certo
1067 1323 1445 1388 discrimina
1473 1332 1748 1390 servant
1767 1374 1781 1388 .

94 1465 171 1509 925
303 1445 398 1509 At
426 1462 646 1528 genus
673 1440 1032 1505 humanum
1056 1440 1267 1504 multo
1295 1438 1424 1503 fuit
1450 1437 1617 1503 illud
1643 1438 1711 1502 in
1740 1440 1918 1504 arvis

225 1560 463 1624 durius
482 1605 500 1632 ‚
521 1564 602 1620 ut
632 1554 888 1630 decuit,
909 1555 1109 1620 tellus
1141 1553 1326 1640 quod
1357 1553 1528 1618 dura
1557 1563 1886 1630 creasset,

224 1683 293 1738 et
317 1672 684 1737 maioribus
714 1682 784 1734 et
811 1668 1043 1734 solidis
1070 1669 1278 1756 magis
1309 1669 1574 1734 ossibus
1601 1670 1783 1733 intus

224 1786 579 1853 fundatum
599 1836 615 1862 ‚
635 1784 873 1860 validis
902 1791 1133 1872 aptum
1159 1806 1285 1870 per
1311 1785 1575 1850 viscera
1603 1785 1828 1848 nervis
1848 1833 1862 1860 ‚

226 1926 351 1968 nec
378 1902 573 1967 facile
605 1923 690 1965 ex
718 1906 909 1964 aestu
937 1921 1064 1963 nec
1089 1898 1339 1985 frigore
1370 1897 1556 1984 quod
1588 1906 1971 1985 caperetur,

95 2037 178 2082 930
227 2042 351 2084 nec
379 2018 684 2083 novitate
715 2016 844 2080 cibi
870 2036 996 2080 nec
1024 2015 1158 2079 labi
1187 2015 1493 2100 corporis
1520 2015 1657 2078 ulla
1674 2064 1688 2077 .

228 2135 573 2218 multaque
600 2153 724 2219 per
753 2131 1007 2195 caelum
1037 2130 1196 2194 solis
1223 2130 1565 2195 volventia
1591 2129 1806 2193 lustra

228 2249 585 2335 volgivago
614 2247 819 2312 vitam
847 2245 1231 2310 tractabant
1256 2266 1443 2309 more
1470 2244 1763 2308 ferarum
1783 2292 1796 2307 .

228 2387 352 2429 nec
377 2363 707 2428 robustus
739 2369 883 2426 erat
911 2361 1097 2425 curvi
1123 2359 1511 2425 moderator
1541 2360 1746 2424 aratri

234 2481 586 2565 quisquam
604 2527 621 2553 ‚
642 2499 767 2541 nec
797 2476 1013 2541 scibat
1039 2475 1220 2539 ferro
1248 2476 1539 2539 molirier
1569 2496 1732 2540 arva

100 2611 184 2655 935
230 2616 352 2657 nec
380 2615 565 2657 nova
595 2591 915 2657 defodere
942 2592 1012 2655 in
1039 2598 1288 2655 terram
1313 2590 1606 2676 virgulta
1641 2611 1860 2676 neque
1889 2590 2041 2655 altis

236 2708 587 2774 arboribus
615 2715 882 2773 veteres
913 2705 1226 2770 decidere
1253 2705 1522 2770 falcibu’
1551 2726 1775 2769 ramos
1793 2754 1808 2768 .

238 2822 424 2909 quod
453 2823 559 2888 sol
588 2830 793 2907 atque
820 2822 1064 2886 imbres
1096 2820 1459 2896 dederant,
1483 2819 1672 2906 quod
1698 2827 1881 2884 terra
1908 2826 2172 2885 crearat

238 2945 483 3025 sponte
514 2959 669 3014 sua,
692 2937 856 3001 satis
883 2935 956 3000 id
982 2936 1295 3023 placabat
1321 2943 1603 3022 pectora
1632 2935 1881 3000 donum
1899 2985 1913 2999 .

239 3053 645 3140 glandiferas
672 3053 848 3116 inter
878 3051 1205 3115 curabant
1234 3073 1522 3137 corpora
1551 3072 1841 3137 quercus

105 3185 192 3231 949
240 3170 665 3255 plerumque:
690 3174 759 3231 et
789 3188 963 3252 quae
988 3187 1169 3231 nunc
1195 3166 1478 3230 hiberno
1508 3175 1812 3253 tempore
1843 3165 2059 3232 cernis

238 3286 453 3349 arbita
478 3283 767 3369 puniceo
796 3280 939 3346 fieri
963 3288 1227 3346 matura
1255 3281 1479 3345 colore
1498 3329 1514 3357 ‚

243 3400 524 3485 plurima
551 3405 696 3462 tum
724 3396 920 3461 tellus
952 3398 1148 3462 etiam
1173 3397 1427 3460 maiora
1452 3396 1717 3460 ferebat
1734 3446 1748 3459 .

246 3515 582 3599 multaque
611 3520 964 3599 praeterea
989 3512 1253 3578 novitas
1284 3518 1425 3576 tum
1452 3510 1694 3575 florida
1718 3511 1951 3574 mundi

246 3630 487 3713 pabula
519 3626 693 3692 dura
719 3628 872 3692 tulit
888 3676 904 3704 ‚
924 3627 1181 3691 miseris
1208 3627 1602 3692 mortalibus
1633 3626 1853 3713 ampla
1870 3677 1884 3691 .

112 3757 203 3804 995
253 3755 319 3808 at
345 3743 587 3808 sedare
620 3743 795 3807 sitim
822 3741 1004 3806 fluvii
1026 3741 1390 3828 fontesque
1417 3743 1757 3807 vocabant
1774 3792 1790 3817 ‚

252 3868 323 3922 ut
350 3881 531 3922 nunc
559 3858 898 3923 montibus
929 3879 966 3921 e
993 3858 1249 3943 magnis
1280 3857 1606 3922 decursus
1635 3858 1834 3943 aquai

252 3973 577 4060 clarigitat
604 3973 741 4036 late
770 3972 1060 4038 sitientia
1089 3973 1309 4038 saecla
1334 3973 1627 4037 ferarum
1645 4023 1658 4036 .

254 4087 536 4176 denique
567 4094 733 4153 nota
760 4088 914 4174 vagi
944 4088 1273 4153 silvestria
1298 4088 1550 4175 templa
1575 4089 1896 4154 tenebant

265 4370 353 4418 923
391 4363 504 4420 Sed
542 4367 590 4418 si
630 4366 651 4435 ΙΙ
688 4371 785 4418 925
826 4356 901 4419 Et'
935 4367 957 4434 ΙΙ
993 4373 1091 4420 933
1129 4367 1291 4419 arari.
1336 4366 1357 4435 ΙΙ
1407 4372 1505 4418 934
1544 4365 1809 4419 mollcrier
1858 4366 1879 4435 ΙΙ
1924 4372 2021 4418 935
2061 4364 2289 4434 virguita
2323 4362 2345 4430 ΙΙ
2383 4367 2479 4413 937

260 4455 518 4503 crearunt.
554 4449 577 4517 ΙΙ
617 4454 718 4502 944
755 4448 869 4502 dira
907 4448 927 4518 ΙΙ
966 4457 1064 4503 947
1105 4450 1483 4503 Claricitatiatc
1521 4449 1543 4521 ΙΙ
1581 4456 1680 4502 948
1707 4451 1853 4520 vagis
