3042 5192
604 477 747 545 228
1672 475 1770 543 VI

447 671 543 716 675
606 652 721 738 qui
749 672 884 715 non
916 657 1072 714 ante
1101 650 1387 735 aliquem
1414 650 1730 714 maiorem
1758 647 1929 713 vidit
1947 698 1963 725 ,
1986 657 2056 715 et
2083 651 2319 737 ingens

598 767 803 832 arbor
831 763 1169 849 homoque
1198 762 1466 828 videtur
1484 813 1500 839 ‚
1524 772 1592 828 et
1621 765 1841 828 omnia
1872 763 1956 828 de
1983 784 2230 851 genere
2249 767 2436 829 *omni

600 881 882 946 maxima
912 899 1084 964 quae
1113 878 1286 943 vidit
1316 880 1601 964 quisque
1620 929 1635 954 ‚
1657 879 1826 943 haec
1853 880 2150 965 ingentia
2175 881 2400 967 fingit,

603 1018 753 1060 cum
783 1003 1008 1058 tamen
1039 995 1260 1057 omnia
1289 1015 1436 1057 cum
1467 962 1654 1057 caelo
1684 1003 2003 1079 terraque
2029 995 2332 1080 marique

600 1112 694 1174 nil
723 1112 857 1174 sint
885 1107 975 1172 ad
1006 1129 1327 1172 summam
1356 1109 1632 1173 summai
1659 1110 1868 1174 totius
1900 1130 2193 1173 omnem.

448 1244 546 1289 680
686 1226 884 1290 Nunc
912 1231 1136 1288 tamen
1163 1223 1275 1286 illa
1301 1223 1519 1288 modis
1551 1224 1793 1308 quibus
1819 1223 2091 1287 inritata
2119 1232 2394 1309 repente

596 1341 857 1405 flamma
884 1339 1068 1404 foras
1097 1339 1307 1402 vastis
1336 1339 1596 1402 Aetnae
1623 1336 2012 1402 fornacibus
2044 1337 2225 1401 efflet
2244 1387 2259 1414 ‚

603 1454 951 1542 expediam
970 1506 983 1519 .
1008 1454 1289 1540 primum
1318 1453 1529 1517 totius
1562 1453 1857 1516 subcava
1884 1453 2130 1516 montis

605 1579 712 1635 est
739 1577 983 1634 natura
1003 1619 1017 1645 ‚
1039 1568 1181 1633 fere
1212 1568 1466 1632 silicum
1496 1566 1767 1631 suffulta
1796 1567 2101 1631 cavernis
2121 1618 2134 1630 .

598 1686 902 1749 omnibus
934 1692 1038 1748 est
1064 1706 1270 1770 porro
1299 1683 1368 1746 in
1398 1683 1734 1769 speluncis
1762 1689 2006 1747 ventus
2039 1689 2107 1746 et
2135 1688 2251 1746 aer
2271 1732 2285 1745 .

447 1817 545 1862 685
599 1807 843 1865 ventus
876 1799 1046 1862 enim
1073 1798 1181 1874 fit,
1202 1799 1317 1862 ubi
1348 1805 1454 1861 est
1483 1795 1804 1884 agitando
1835 1798 2136 1885 percitus
2168 1805 2315 1862 aer:

598 1914 709 1977 hic
737 1913 851 1977 ubi
879 1912 1204 1999 percaluit
1234 1914 1375 1977 cale
1402 1911 1698 1997 fecitque
1730 1913 1950 1975 omnia
1978 1912 2224 1975 circum

602 2050 769 2092 saxa
793 2030 1027 2093 furens
1047 2077 1062 2105 ‚
1087 2050 1220 2114 qua
1247 2028 1576 2113 contingit
1592 2076 1607 2104 ‚
1629 2034 2013 2112 terramque
2030 2075 2046 2101 ‚
2071 2034 2140 2090 et
2168 2027 2253 2092 ab
2286 2028 2433 2091 ollis

599 2144 898 2208 excussit
927 2141 1213 2208 calidum
1240 2142 1518 2205 flammis
1549 2141 1893 2205 velocibus
1921 2142 2141 2226 ignem
2159 2192 2174 2217 ‚

598 2260 775 2323 tollit
803 2281 877 2324 se
908 2280 986 2323 ac
1014 2259 1217 2322 rectis
1247 2258 1342 2322 ita
1369 2256 1675 2322 faucibus
1706 2257 1859 2320 eicit
1887 2256 2020 2320 alte
2039 2305 2053 2319 .

444 2390 543 2437 690
602 2373 737 2437 fert
765 2374 994 2459 itaque
1025 2371 1334 2436 ardorem
1362 2373 1560 2457 longe
1579 2421 1594 2448 ‚
1615 2370 1950 2456 longeque
1976 2370 2264 2435 favillam

598 2486 822 2551 differt
838 2536 852 2563 ‚
878 2494 946 2551 et
975 2508 1207 2551 crassa
1232 2486 1443 2551 volvit
1472 2486 1750 2571 caligine
1777 2484 2028 2549 fumum
2048 2535 2063 2562 ‚

599 2601 1029 2687 extruditque
1063 2602 1255 2666 simul
1282 2599 1588 2665 mirando
1617 2599 1920 2686 pondere
1951 2622 2151 2679 saxa3

596 2739 682 2782 ne
715 2715 982 2780 dubites
1016 2716 1176 2802 quin
1201 2716 1371 2781 haec
1403 2715 1641 2779 animai
1669 2715 1940 2780 turbida
1969 2717 2055 2779 sit
2083 2716 2216 2780 vis.

595 2839 948 2920 praeterea
974 2851 1214 2917 magna
1244 2852 1329 2896 ex
1354 2832 1535 2916 parti
1563 2851 1746 2894 mare
1773 2831 2020 2895 montis
2050 2829 2139 2893 ad
2170 2831 2309 2894 eius

440 2963 537 3009 695
593 2945 856 3012 radices
885 2946 1134 3032 frangit
1162 2946 1406 3011 fluctus
1436 2953 1829 3030 aestumque
1858 2946 2201 3011 resorbet.

594 3084 679 3127 ex
705 3060 839 3126 hoc
866 3083 1085 3146 usque
1112 3062 1280 3126 mari
1308 3062 1667 3148 speluncae
1694 3061 1943 3124 montis
1974 3059 2064 3123 ad
2093 3060 2264 3124 altas

591 3178 990 3261 perveniunt
1019 3177 1252 3241 subter
1279 3176 1509 3240 fauces
1530 3225 1543 3239 .
1568 3175 1696 3238 hac
1722 3177 1820 3238 ire
1849 3174 2267 3239 fatendumst

594 3298 662 3354 et
689 3299 1044 3378 penetrare
1074 3292 1274 3355 maris
1305 3291 1572 3378 penitus
1603 3298 1924 3376 percocta
1950 3291 2019 3353 in
2050 3297 2357 3377 apertum

592 3413 796 3490 atque
828 3404 1052 3469 efflare
1081 3405 1266 3470 foras
1287 3455 1301 3482 ,
1324 3405 1613 3489 ideoque
1645 3404 1967 3469 extollere
1994 3403 2320 3468 flammam

436 3537 538 3582 τοο
596 3541 892 3605 saxaque
924 3521 1297 3586 subiectare
1327 3528 1396 3585 et
1425 3540 1668 3583 arenae
1698 3520 1935 3584 tollere
1962 3520 2226 3584 nimbos
2245 3569 2258 3582 .

588 3636 657 3698 in
688 3656 941 3699 summo
974 3642 1131 3721 sunt
1157 3637 1410 3700 vertice
1443 3635 1614 3699 enim
1644 3642 1941 3699 crateres
1961 3684 1976 3709 ‚
1998 3641 2077 3699 ut
2103 3634 2232 3720 ipsi

589 3750 1023 3827 nominitant3
1046 3771 1175 3814 nos
1207 3751 1393 3836 quod
1420 3750 1653 3815 fauces
1680 3747 2109 3835 perhibemus
2142 3757 2210 3813 et
2240 3770 2358 3812 ora
2378 3797 2391 3810 .

672 3864 845 3929 Sunt
874 3865 1129 3950 aliquot
1162 3887 1431 3951 quoque
1461 3887 1572 3928 res
1605 3883 1887 3948 quarum
1915 3885 2113 3928 unam
2145 3862 2366 3926 dicere
2397 3882 2654 3926 causam

585 4002 725 4043 non
754 3980 919 4045 satis
951 3987 1085 4055 est,
1108 4002 1341 4044 verum
1368 3980 1580 4067 pluris
1601 4027 1616 4055 ,
1638 3977 1819 4042 unde
1847 4000 1982 4042 una
2009 3986 2233 4043 tamen
2265 3979 2388 4056 sit3

430 4111 527 4157 705
586 4117 833 4182 corpus
862 4103 938 4160 ut
970 4095 1341 4159 exanimum
1371 4093 1616 4179 siquod
1644 4094 1887 4179 procul
1913 4095 2061 4179 ipse
2086 4093 2307 4157 iacere

587 4378 687 4425 676
725 4372 926 4425 omnis.
973 4367 993 4440 ΙΙ
1043 4376 1142 4423 683
1180 4370 1405 4426 sillicum
1456 4373 1476 4443 Η
1527 4377 1623 4424 687
1663 4374 1888 4444 contigit
1924 4372 1944 4444 ΙΙ
1983 4378 2085 4426 690
2120 4374 2268 4443 itque
2303 4370 2327 4444 ΙΙ
2362 4376 2461 4423 695
2495 4367 2731 4423 roeolvet.
2765 4359 2773 4424 ξ

583 4462 683 4510 698
719 4455 849 4511 mari
887 4455 1103 4528 penitus
1139 4473 1228 4511 res
1265 4458 1411 4527 cogit
1446 4464 1662 4527 aperto.
1702 4453 1721 4524 ΙΙ
1761 4462 1856 4510 701
1897 4456 2152 4510 verticeni
2194 4454 2215 4525 ΙΙ
2252 4461 2351 4508 705
2389 4455 2601 4508 iaceret.
