3042 5192
1287 483 1356 548 V
2296 491 2430 559 197

239 659 573 746 corripiunt
603 657 827 722 divum
854 657 1162 742 percussi
1190 657 1483 721 membra
1509 658 1747 722 timore
1766 708 1781 732 ,

237 771 455 859 nequid
484 773 570 837 ob
600 771 963 836 admissum
989 770 1191 835 foede
1222 770 1557 837 dictumve
1587 775 1876 860 superbe

112 907 197 951 1225
230 909 560 975 poenarum
588 909 794 973 grave
825 888 914 952 sit
941 885 1252 952 solvendi
1280 895 1545 973 tempus
1575 887 1878 954 adultum
1894 890 1926 952 Ρ

234 1024 454 1066 summa
482 1004 677 1066 etiam
705 1025 855 1067 cum
882 1004 986 1066 vis
1015 1001 1294 1066 violenti
1320 1024 1446 1089 per
1473 1024 1657 1067 mare
1685 1005 1870 1068 venti

232 1115 743 1203 induperatorem
772 1118 1009 1182 classis
1042 1138 1247 1203 super
1275 1137 1576 1202 aequora
1602 1120 1814 1183 verrit

232 1252 357 1293 cum
381 1231 608 1297 validis
636 1235 892 1320 pariter
918 1232 1291 1318 legionibus
1321 1239 1527 1316 atque
1559 1233 1932 1321 elephantis
1951 1285 1967 1308 ‚

231 1367 347 1409 non
373 1345 586 1411 divom
613 1369 849 1442 pacem
877 1348 1056 1412 votis
1086 1346 1229 1410 adit
1258 1367 1338 1410 ac
1366 1368 1570 1433 prece
1602 1350 1864 1434 quaesit

104 1477 193 1521 1230
229 1462 569 1545 [ventorum
598 1461 889 1551 pavidus
916 1483 1125 1550 paces
1157 1463 1548 1547 animasque
1580 1462 1940 1550 secundas]
1962 1515 1977 1534 ,

228 1596 297 1638 ne
325 1578 620 1662 quiquam
637 1626 653 1654 ‚
679 1578 993 1663 quoniam
1020 1577 1317 1642 violento
1346 1578 1615 1643 turbine
1647 1600 1851 1667 saepe

227 1699 539 1776 correptus
568 1692 707 1755 nilo
737 1692 950 1757 fertur
976 1693 1197 1756 minus
1228 1691 1318 1755 ad
1344 1691 1527 1756 vada
1554 1692 1723 1757 leti?

226 1826 410 1889 usque
437 1804 602 1870 adeo
632 1828 748 1871 res
776 1806 1102 1871 humanas
1133 1807 1237 1872 vis
1269 1807 1500 1873 abdita
1532 1808 1864 1895 quaedam

227 1921 472 2006 opterit,
494 1930 559 1986 et
586 1921 911 2007 pulchros
939 1921 1143 1986 fascis
1175 1942 1551 2010 saevasque
1582 1945 1855 1989 secures

100 2048 188 2092 1235
220 2036 568 2118 proculcare
597 2059 681 2101 ac
709 2036 999 2101 ludibrio
1031 2037 1156 2102 sibi
1184 2036 1438 2102 habere
1465 2037 1736 2104 videtur
1756 2089 1769 2102 .

226 2146 477 2234 denique
506 2153 628 2216 sub
660 2151 949 2238 pedibus
976 2152 1178 2216 tellus
1210 2173 1360 2215 cum
1388 2153 1538 2217 tota
1566 2155 1836 2220 vacillat

224 2285 688 2357 concussaeque
718 2265 973 2331 cadunt
999 2267 1205 2331 urbes
1236 2265 1617 2353 dubiaeque
1647 2270 1982 2335 minantur
2001 2321 2016 2346 ‚

224 2378 361 2462 quid
384 2381 607 2444 mirum
627 2431 643 2457 ‚
670 2383 728 2446 si
758 2403 831 2446 se
858 2389 1166 2446 temnunt
1191 2382 1500 2447 mortalia
1530 2384 1753 2448 saecla

219 2501 393 2579 atque
419 2496 778 2582 potestatis
805 2517 1081 2582 magnas
1108 2497 1446 2583 mirasque
1473 2499 1817 2585 relinqunt

94 2619 182 2665 1240
213 2607 269 2670 in
292 2610 473 2674 rebus
498 2587 660 2676 viris
693 2611 917 2677 divum
935 2661 951 2687 ‚
977 2633 1151 2697 quae
1181 2620 1423 2677 cuncta
1452 2614 1879 2699 gubernent?

287 2723 468 2803 Quod
497 2748 704 2812 super
734 2734 870 2803 est,
893 2748 1009 2791 aes
1039 2735 1244 2814 atque
1273 2749 1507 2792 aurum
1535 2729 1920 2815 ferrumque
1951 2737 2361 2815 repertumst

218 2845 273 2900 et
298 2840 471 2904 simul
498 2842 761 2928 argenti
788 2841 1062 2930 pondus
1090 2842 1479 2930 plumbique
1507 2853 1816 2931 potestas
1834 2895 1849 2912 ,

214 2953 357 3037 ignis
381 2956 487 3019 ubi
514 2957 807 3044 ingentis
837 2958 1041 3022 silvas
1072 2957 1317 3021 ardore
1350 2969 1679 3024 cremarat

211 3070 508 3136 montibus
533 3072 603 3136 in
630 3073 893 3158 magnis
912 3121 928 3147 ‚
952 3093 1072 3136 seu
1102 3072 1287 3136 caelo
1317 3072 1590 3137 fulmine
1619 3074 1824 3137 misso
1844 3123 1858 3142 ,

91 3193 176 3239 1245
211 3183 327 3247 sive
356 3186 531 3271 quod
556 3188 740 3251 inter
770 3209 843 3251 se
871 3187 1119 3251 bellum
1150 3188 1458 3252 silvestre
1487 3196 1801 3274 gerentes

210 3296 480 3365 hostibus
506 3302 879 3365 intulerant
905 3302 1123 3387 ignem
1149 3301 1522 3367 formidinis
1556 3325 1717 3389 ergo
1737 3352 1752 3378 ‚

209 3412 324 3477 sive
352 3415 526 3502 quod
552 3415 818 3481 inducti
850 3423 1069 3481 terrae
1098 3417 1400 3483 bonitate
1429 3418 1750 3483 volebant

206 3528 465 3609 pandere
495 3553 702 3618 agros
731 3532 996 3618 pinguis
1029 3540 1095 3596 et
1125 3553 1389 3618 pascua
1406 3531 1697 3598 reddere
1727 3556 1918 3607 rura‚

205 3640 321 3705 sive
345 3642 517 3710 feras
546 3646 927 3711 interficere
958 3655 1026 3711 et
1056 3646 1387 3712 ditescere
1417 3646 1709 3733 praeda:

82 3761 166 3810 ¹250
198 3776 324 3820 mun
348 3759 542 3824 fovea
570 3768 777 3847 atque
803 3762 940 3848 igni
966 3762 1155 3849 prius
1186 3770 1293 3827 est
1319 3764 1627 3827 venarier
1658 3769 1877 3826 ortum

202 3893 370 3954 quam
398 3877 659 3964 saepire
689 3877 906 3963 plagis
934 3878 1176 3942 saltum
1208 3878 1620 3962 canibusque
1652 3878 1826 3940 ciere
1848 3925 1861 3939 .

203 3987 499 4075 quidquid
527 3991 600 4055 id
634 3999 739 4055 est
758 4041 773 4066 ‚
799 4013 930 4076 qua
962 4014 1245 4078 cumque
1279 4015 1314 4056 ε·
1348 4014 1552 4057 causa
1581 3992 1921 4056 flammeus
1952 3991 2156 4057 ardor

216 4199 413 4211 ⁴—-.-.—-—
436 4207 495 4212 ‘b
514 4207 568 4212 —-

208 4297 311 4345 1224
336 4295 561 4366 Nequod
600 4297 621 4368 Η
665 4304 793 4350 1225
819 4298 1128 4353 adauctum.
1167 4298 1186 4368 ΙΙ
1230 4307 1358 4352 1226
1385 4302 1603 4354 Summe
1642 4301 1661 4368 ΙΙ
1708 4307 1835 4353 1229
1862 4319 1890 4353 a
1931 4300 1950 4368 ΙΙ
1993 4306 2120 4351 1232
2149 4299 2353 4368 aquada
2383 4298 2403 4367 ΙΙ

208 4379 314 4426 1236
346 4379 421 4431 sui
471 4381 491 4446 Η
547 4387 673 4433 1241
719 4389 803 4436 cst
838 4399 1005 4453 aeque
1052 4384 1071 4452 ΙΙ
1133 4389 1256 4435 1243
1296 4385 1471 4454 gentis
1511 4384 1531 4452 11
1573 4391 1705 4436 1248
1742 4384 1968 4454 pangitis
2008 4383 2027 4448 ΙΙ
2071 4389 2197 4433 1252
2240 4381 2400 4443 Quic-

201 4458 304 4524 quid
