3042 5192
1274 476 1304 544 I
2310 483 2406 548 37

215 651 420 714 trahmn
457 650 643 734 deliye
666 697 679 710 .
724 650 1061 713 coturnices
1104 650 1317 734 prima
1357 651 1560 737 longa
1588 651 1866 716 Plautus
1910 660 1977 717 et
2014 652 2365 718 Lucretius
2385 679 2404 718 τ

224 750 354 812 Ecce
379 749 693 812 calm-nicea
722 745 1005 811 Ovidius
1034 796 1050 821 ‚
1086 747 1242 811 item
1272 749 1602 813 Iuvenalis
1633 799 1645 813 .
1679 752 1898 814 viehmn
1937 750 2157 815 media
2195 752 2398 838 longa

216 845 524 909 Terentius
543 894 558 920 ‚
594 843 948 909 Lucretius
973 893 989 920 ‚
1023 844 1431 911 Prudentius
1459 872 1475 911 ε
1513 869 1689 911 unus
1717 849 1892 912 inter
1921 870 2150 915 omnes
2178 850 2400 915 Hora-

214 943 321 1007 tius
341 943 452 1022 Qui
476 944 659 1006 sudor
685 944 890 1006 vieti-9.
915 945 1168 1024 rudere,
1193 945 1381 1030 quod
1411 953 1516 1010 est
1545 947 1884 1011 asinorum
1902 996 1917 1023 ,
1939 946 2212 1012 Persius
2238 971 2396 1036 pro-

215 1040 374 1105 duxit
399 1040 572 1105 solus
602 1090 619 1116 ‚
655 1042 861 1105 ceteri
892 1043 1264 1130 corripiunt
1283 1093 1296 1107 .
1334 1045 1431 1108 ita
1454 1045 1750 1109 vacillare
1779 1066 1981 1131 saepe
2011 1046 2222 1133 prima
2252 1068 2398 1111 cor-

212 1146 373 1224 repta
396 1138 739 1202 Lucretius
768 1188 783 1214 ,
814 1138 993 1204 idem
1022 1141 1227 1205 semel
1265 1142 1334 1205 in
1363 1165 1463 1218 111,
1480 1141 1604 1206 504
1645 1144 1799 1206 Tum
1827 1145 2006 1230 quasi
2033 1145 2361 1208 vaccillans
2379 1170 2399 1207 .-

213 1236 289 1300 sic
310 1237 390 1300 ibi
414 1238 826 1301 membranae
858 1286 874 1313 ‚
910 1246 979 1302 et
1016 1238 1201 1324 apud
1228 1239 1515 1303 Nonium
1561 1262 1624 1324 p.
1642 1239 1741 1314 34,
1757 1240 1838 1305 23
1868 1241 1947 1303 27
1977 1243 2303 1305 vaccillare
2334 1248 2401 1304 et

211 1336 561 1418 οαεοίῖίωιεες
590 1334 779 1420 quod
809 1336 866 1399 si
892 1384 908 1411 ‚
941 1343 1019 1400 ut
1046 1335 1317 1401 videtur
1345 1386 1360 1412 ,
1397 1359 1438 1402 a
1464 1361 1656 1402 vacca
1681 1337 1933 1402 factum
1964 1347 2099 1415 est,
2135 1340 2205 1402 in
2233 1339 2365 1403 hoc
2384 1389 2399 1414 ‚

212 1439 272 1494 ut
300 1432 359 1495 in
391 1434 594 1498 Catillo
638 1433 780 1496 sive
817 1435 1055 1499 Cadilla
1085 1442 1153 1499 et
1191 1436 1382 1501 Catilo
1415 1484 1434 1516 ‚
1471 1436 1632 1499 item
1669 1436 1739 1499 in
1780 1437 1966 1524 osella
2008 1445 2077 1502 et
2101 1439 2398 1518 mamilla,

212 1538 611 1595 consonantes
652 1532 917 1596 variant
946 1581 962 1607 ‚
1003 1534 1073 1596 in
1115 1533 1357 1597 ceteris
1399 1533 1674 1597 vocales
1702 1584 1715 1597 .
1756 1534 2054 1599 similiter
2091 1537 2405 1600 Tintinant

210 1650 358 1690 aures
384 1628 671 1693 Catullus
701 1678 716 1704 ‚
749 1631 1221 1696 tintinnabubnm
1251 1630 1336 1694 de
1380 1631 1572 1716 gallis
1604 1633 1864 1718 agyrtis
1893 1632 2185 1697 Lucilius
2216 1633 2399 1720 apud

212 1721 452 1789 Nonium
477 1727 700 1813 p.490‚
715 1726 797 1789 24
826 1735 895 1790 et
924 1727 1256 1792 Iuvenalis
1286 1730 1691 1794 tintinnabula
1707 1780 1722 1805 ‚
1746 1732 1928 1796 tin-ire
1951 1729 2398 1795 Terentianus

212 1821 446 1887 Maurus
471 1824 587 1889 232
606 1874 622 1900 ‚
661 1826 867 1891 ceteri
895 1827 1119 1890 tinnire
1146 1875 1165 1906 ‚
1203 1827 1519 1891 Porsenna
1549 1826 1734 1914 apud
1761 1827 2128 1913 Vergilium
2156 1830 2395 1893 Aenei-

213 1918 315 1984 dos
363 1923 626 1999 vm,646
658 1973 677 1999 ‚
719 1926 774 1988 si
824 1924 1064 1989 Servio
1113 1932 1181 1988 et
1223 1924 1548 1990 Mediceis
1592 1927 1993 1991 membranis
2038 1926 2210 1991 fides
2259 1935 2396 2000 est,

215 2019 305 2102 qui
326 2020 524 2084 media
550 2023 744 2087 brevi
777 2024 1050 2087 Porsena
1076 2023 1364 2088 Horatio
1397 2024 1558 2088 Silio
1589 2024 1883 2088 Martiali
1900 2075 1913 2088 .
1944 2026 2211 2089 nomina
2240 2048 2397 2112 pro-

213 2115 328 2200 pria
349 2117 633 2184 locorum
677 2142 815 2185 non
859 2121 1178 2206 attingam
1208 2169 1224 2196 ,
1266 2121 1336 2184 in
1379 2142 1553 2207 quae
1584 2130 1907 2207 quantum
1934 2123 2115 2208 vulgi
2142 2123 2398 2186 mobili-

210 2216 307 2278 tati
330 2216 566 2283 licuerit
592 2241 792 2284 nemo
820 2219 1092 2305 ignorat
1123 2269 1136 2283 .
1178 2219 1310 2283 hoc
1338 2226 1599 2284 tantum
1631 2218 1784 2283 dico
1804 2268 1820 2295 ‚
1841 2221 1909 2283 in
1936 2221 2087 2304 ipsa
2112 2222 2281 2285 urbe
2312 2220 2397 2284 de

212 2310 344 2377 locis
382 2317 799 2382 nobilissimis
847 2316 1221 2383 dubitatum
1283 2338 1430 2381 esse
1463 2367 1476 2380 .
1533 2317 1827 2382 Lucilius
1884 2317 2068 2402 apud
2110 2317 2400 2383 Nonium

211 2431 259 2494 p.
269 2411 388 2488 462,
399 2414 474 2480 28
520 2417 727 2480 Calmc'
769 2416 1065 2481 Palatina
1114 2415 1371 2502 quidam
1397 2464 1416 2495 ‚
1466 2417 1565 2479 vir
1609 2439 1732 2480 non
1783 2416 1970 2500 (libri
2014 2418 2112 2480 vir
2146 2417 2398 2501 nobilis)

208 2507 346 2572 bonu·
369 2511 508 2576 bello
532 2562 551 2594 ,
584 2523 812 2599 neque
843 2514 1036 2577 aliter
1063 2534 1349 2598 usquam
1376 2512 1715 2598 Vergilius
1734 2563 1750 2590 ,
1780 2514 2106 2579 Horatius
2125 2562 2141 2589 ‚
2165 2513 2396 2578 Tibul-

209 2604 317 2681 lus,
343 2607 727 2698 Propertius
746 2660 762 2687 ,
801 2610 1083 2675 Ovidius
1102 2660 1118 2687 ‚
1152 2611 1467 2676 Lucanus
1487 2661 1501 2688 ‚
1544 2611 1943 2701 Calpurnius
1961 2662 1977 2689 ‚
2005 2611 2398 2677 Petronius:

211 2703 353 2782 Quid
379 2708 591 2793 placet
620 2718 742 2774 aut
770 2708 928 2774 odio
962 2718 1066 2774 est
1084 2758 1099 2785 ‚
1125 2709 1312 2795 quod
1339 2732 1477 2774 non
1504 2712 1819 2775 mutabile
1851 2710 2090 2776 credas
2109 2711 2142 2773 Ρ
2171 2712 2394 2774 Muta-

207 2802 282 2865 vit
300 2815 563 2871 mentem
584 2808 886 2895 populus
908 2808 1077 2871 levis
1095 2856 1110 2882 ‚
1135 2815 1204 2871 et
1233 2807 1546 2872 dixeer
1571 2809 1820 2872 Palatia
1847 2809 2052 2874 modo
2086 2819 2396 2896 correpte

206 2901 369 2967 modo
397 2906 725 2989 producte
757 2906 1013 2971 Statius
1043 2955 1060 2983 ,
1101 2906 1300 2969 Silius
1332 2954 1349 2982 ,
1381 2906 1708 2970 Martialis
1728 2955 1742 2982 ,
1776 2907 2108 2972 Iuvenalis
2140 2957 2153 2970 .
2192 2915 2396 2994 atque

208 2998 398 3065 eadem
433 3005 714 3069 mutatio
754 3003 935 3068 facta
991 3012 1096 3068 est
1137 3005 1205 3067 in
1245 3010 1472 3067 monte
1516 3005 1807 3068 Vaticano
1835 3052 1852 3082 ,
1885 3005 2073 3067 cuius
2111 3006 2397 3069 nominis

210 3099 525 3165 secundam
557 3102 887 3190 syllabam
916 3102 1241 3168 Horatius
1273 3101 1594 3187 corripuit
1624 3150 1639 3176 ‚
1673 3123 1812 3164 non
1830 3150 1845 3176 ‚
1877 3110 1954 3165 ut
1981 3102 2206 3186 inepte
2237 3100 2400 3164 dicit

208 3193 450 3264 Orellius
479 3249 494 3274 ‚
536 3199 730 3286 quod
768 3199 841 3263 id
880 3222 920 3265 a
959 3202 1262 3264 vaticiniis
1299 3205 1641 3284 repeteret
1672 3246 1686 3273 ‚
1721 3197 1847 3263 sed
1886 3200 2044 3284 quia
2071 3198 2273 3282 vulgo
2302 3199 2399 3261 ita

206 3290 506 3362 dicebant:
530 3306 776 3387 postea
798 3298 1127 3364 Martialis
1159 3305 1227 3362 et
1253 3297 1586 3362 Iuvenalis
1618 3295 1898 3360 eandem
1927 3297 2251 3383 syllabam
2284 3318 2396 3359 ex-

206 3391 521 3461 tenderunt
554 3446 567 3459 .
605 3395 732 3461 sed
763 3395 847 3460 de
876 3398 1114 3482 Apulia
1145 3404 1211 3459 et
1238 3397 1462 3482 Apulis
1490 3418 1851 3481 numquam
1883 3394 2260 3459 dubitatum
2290 3402 2397 3460 est

203 3490 331 3572 quin
355 3494 559 3579 prima
589 3496 855 3582 syllaba
892 3493 1333 3581 producenda
1375 3501 1558 3559 esset
1585 3544 1601 3571 ‚
1635 3495 1863 3581 itaque
1891 3493 2184 3557 Lucilius
2214 3492 2399 3580 apud

202 3583 430 3655 Fatum
477 3617 540 3679 p.
568 3594 712 3669 313,
742 3595 814 3657 ll
858 3594 925 3657 in
982 3593 1373 3657 hexametro
1403 3594 1716 3678 Apzdidem
1758 3593 2017 3678 pedibus
2051 3592 2395 3656 stlembum.

200 3704 373 3767 quare
408 3690 680 3755 indocte
722 3699 1104 3777 provocant
1144 3690 1234 3755 ad
1277 3692 1773 3776 ambiguitatem
1814 3690 2242 3777 propriorum
2286 3690 2398 3773 qui

198 3781 520 3853 inHoratii
557 3790 922 3858 carminum
961 3790 1116 3865 111‚4
1158 3797 1433 3854 tuentur
1475 3812 1742 3854 versum
1777 3787 2162 3852 foedissime
2189 3787 2395 3850 inter-

199 3882 461 3966 polatum
488 3888 672 3952 hunc
704 3937 719 3964 ‚
743 3889 995 3952 Altricis
1023 3899 1197 3952 extra
1235 3889 1418 3953 limen
1445 3889 1714 3973 Apuliae
1741 3936 1758 3952 .
1795 3909 2002 3973 porro
2031 3907 2225 3950 nemo
2256 3907 2396 3950 um·

201 4001 367 4064 quam
394 3989 729 4072 Apulimem
770 4009 896 4072 pro
927 3988 1134 4073 Apulo
1177 3973 1385 4061 dixit,
1422 3984 1611 4069 quod
1649 3986 2067 4073 perturbare.
2088 3984 2396 4048 versiculi

200 4099 477 4149 numeros
505 4086 577 4149 in
619 4084 854 4150 eodem
882 4085 1147 4149 Horatii
1190 4085 1359 4148 libro
1390 4083 1547 4159 24‚4
1589 4083 1772 4148 docti
1800 4133 1814 4159 ,
1859 4091 2178 4169 quantum
2221 4083 2362 4148 scio
2385 4130 2399 4154 ,

199 4197 267 4239 ne
302 4182 911 4248 animadverterunt
965 4181 1234 4268 quidem
1263 4231 1278 4258 ‚
1334 4182 1716 4269 Tyrrhenum
1770 4205 1942 4250 omne
1979 4183 2097 4248 mis
2137 4192 2194 4245 et
2226 4203 2400 4243 mare

198 4277 500 4361 Apulicum
528 4331 543 4344 .
578 4283 691 4346 ubi
721 4281 795 4345 id
823 4282 1164 4368 exemplar
1191 4289 1388 4345 vetus
1418 4281 1606 4345 cuius
1637 4302 1891 4346 summa
1923 4288 2027 4344 est
2053 4279 2228 4343 inter
2259 4298 2396 4340 om-

198 4373 288 4436 nia
312 4381 671 4445 auctoritas
701 4430 716 4456 ‚
751 4403 900 4445 cum
931 4380 1073 4444 aliis
1105 4381 1268 4445 satis
1296 4378 1517 4443 multis
1547 4426 1562 4452 ‚
1606 4378 1813 4444 habet
1848 4401 2022 4442 mare
2048 4373 2397 4460 publicam.

197 4468 373 4558 idque
413 4478 823 4544 verissimum
871 4487 1015 4544 est.
1054 4477 1215 4544 dicit
1268 4478 1437 4542 enim
1481 4476 1863 4542 Marcianus
1903 4475 1943 4540 l.
1970 4474 2009 4538 2
2041 4480 2110 4536 et
2137 4472 2178 4534 4
2206 4493 2305 4555 pr.
2320 4470 2400 4534 D.

563 4589 611 4617 Q
