3042 5192
602 446 694 513 48
1681 445 1744 513 ΙΙ

594 619 766 683 aeris
794 619 961 683 haut
991 627 1277 706 possunt
1304 640 1518 704 aeque
1549 640 1688 683 rem
1718 640 2051 704 quamque
2082 622 2322 685 morari
2343 672 2359 697 ‚

595 733 720 799 sed
750 735 944 798 citius
975 732 1224 798 cedunt
1252 735 1672 819 gravioribus
1703 744 2142 823 exsuperata:

439 866 537 914 235
595 858 666 914 at
696 858 934 913 contra
960 849 1123 913 nulli
1153 848 1237 912 de
1267 849 1450 913 nulla
1475 859 1672 938 parte
1703 872 1921 936 neque
1950 851 2087 914 ullo

591 973 893 1051 tempore
921 964 1118 1027 inane
1147 971 1378 1051 potest
1405 986 1688 1028 vacuum
1720 966 2084 1031 subsistere
2117 967 2246 1039 rei,

594 1079 751 1165 quin
771 1127 786 1153 ‚
810 1101 931 1142 sua
962 1078 1150 1164 quod
1179 1088 1418 1144 natura
1448 1082 1619 1167 petit
1637 1129 1652 1156 ,
1678 1079 2050 1144 concedere
2077 1090 2352 1168 pergat:

594 1195 814 1258 omnia
844 1214 977 1279 qua
1004 1202 1287 1281 propter
1319 1193 1571 1260 debent
1597 1217 1721 1282 per
1749 1197 1945 1260 inane
1977 1196 2270 1281 quietum

592 1330 806 1395 aeque
836 1307 1250 1396 ponderibus
1279 1330 1415 1373 non
1445 1311 1679 1394 aequis
1711 1311 1975 1376 concita
2005 1309 2164 1374 ferri
2185 1360 2199 1373 .

437 1441 535 1487 240
589 1422 776 1488 haud
804 1424 1007 1509 igitur
1034 1431 1360 1510 poterunt
1386 1424 1750 1488 levioribus
1778 1424 2070 1489 incidere
2099 1430 2412 1511 umq'uam

591 1559 675 1602 ex
706 1559 951 1625 supero
982 1538 1326 1623 graviora,
1349 1559 1569 1623 neque
1599 1540 1774 1602 ictus
1802 1541 2074 1625 gignere
2104 1562 2226 1627 per
2256 1562 2328 1604 se
2349 1591 2363 1611 ‚

591 1654 707 1738 qui
733 1653 995 1717 varient
1021 1660 1244 1716 motus
1262 1701 1277 1727 ‚
1299 1674 1422 1739 per
1453 1674 1627 1738 quos
1656 1662 1899 1718 natura
1927 1664 2119 1740 gerat
2146 1678 2257 1720 res
2277 1706 2290 1719 .

591 1791 800 1855 quare
832 1770 1029 1833 etiam
1058 1775 1263 1853 atque
1293 1769 1489 1832 etiam
1517 1769 1788 1855 paulum
1817 1770 2134 1834 inclinare
2162 1780 2510 1835 necessest

591 1905 914 1972 corpora3
935 1906 1060 1948 nec
1089 1883 1242 1971 plus
1273 1903 1473 1968 quam
1500 1884 1869 1961 minimum,
1890 1907 1976 1949 ne
2017 1887 2267 1972 fingere
2306 1896 2529 1951 motus

437 2017 534 2064 245
594 2000 905 2086 obliquos
933 1998 1278 2063 videamur
1313 2006 1381 2063 et
1405 1997 1478 2062 id
1506 2020 1618 2063 res
1645 2021 1806 2064 vera
1837 1999 2085 2066 refutet
2102 2052 2116 2065 .

586 2136 873 2200 namque
900 2114 1033 2178 hoc
1063 2116 1130 2178 in
1156 2122 1474 2203 promptu
1502 2115 2056 2202 manifestumque
2088 2138 2235 2181 esse
2264 2117 2566 2181 videmus
2587 2168 2602 2187 .

591 2229 899 2319 pondera
917 2280 932 2306 ‚
959 2238 1281 2316 quantum
1307 2230 1376 2294 in
1405 2251 1479 2294 se
1511 2240 1614 2294 est
1633 2279 1648 2305 ‚
1672 2252 1808 2294 non
1837 2253 2044 2318 posse
2076 2232 2348 2318 obliqua
2375 2255 2598 2297 meare
2617 2286 2631 2309 ‚

589 2368 673 2410 ex
703 2367 950 2434 supero
983 2367 1133 2409 cum
1161 2345 1608 2433 praecipitant
1625 2395 1641 2420 ‚
1661 2344 1849 2431 quod
1878 2368 2151 2410 cernere
2179 2348 2436 2433 possis:

587 2459 711 2524 sed
740 2461 838 2524 nil
866 2460 1131 2523 omnino
1164 2459 1344 2523 nulla
1371 2461 1644 2544 regione
1674 2460 1802 2523 viai

431 2591 528 2637 250
589 2573 925 2638 declinare
958 2575 1108 2658 quis
1140 2582 1245 2637 est
1273 2574 1386 2658 qui
1413 2581 1717 2660 praestet
1748 2595 2021 2638 cernere
2053 2578 2250 2640 sese?

666 2688 974 2772 Denique
1016 2688 1071 2751 si
1101 2708 1364 2775 semper
1391 2697 1616 2751 motus
1660 2689 2034 2753 conectitur
2064 2690 2276 2753 omnis

585 2813 652 2867 et
679 2811 909 2867 vetere
942 2810 1182 2866 exacto
1225 2803 1522 2867 exoritur
1564 2825 1782 2867 novus
1814 2803 2046 2868 ordine
2079 2812 2265 2868 certo
2284 2854 2300 2879 ,

581 2940 707 2983 nec
740 2916 1141 2984 declinando
1170 2916 1423 2982 faciunt
1451 2919 1816 3005 primordia
1843 2927 2067 2985 motus

584 3035 980 3123 principium
1011 3032 1355 3120 quoddam
1373 3082 1388 3107 ‚
1414 3033 1603 3119 quod
1629 3034 1751 3099 fati
1778 3034 2058 3099 foedera
2089 3043 2354 3123 rumpat
2370 3086 2385 3105 ,

425 3168 522 3214 255
581 3172 665 3215 ex
691 3150 946 3214 infinito
975 3172 1061 3213 ne
1094 3171 1363 3213 causam
1394 3171 1598 3214 causa
1627 3159 1949 3235 sequatur
1967 3200 1982 3225 ‚

579 3266 789 3331 libera
817 3286 939 3352 per
968 3274 1184 3333 terras
1215 3263 1396 3327 unde
1424 3264 1594 3327 haec
1624 3266 2066 3328 animantibus
2099 3273 2353 3337 exstat,

576 3379 758 3443 unde
790 3386 895 3442 est
921 3378 1124 3454 haec,
1144 3379 1417 3463 inquam
1435 3427 1450 3455 ‚
1477 3377 1633 3442 fatis
1663 3379 1897 3442 avolsa
1924 3387 2230 3465 potestas
2249 3430 2265 3451 ,

578 3516 701 3582 per
733 3514 931 3579 quam
960 3491 1429 3580 progredimur
1460 3514 1596 3577 quo
1627 3491 1815 3557 ducit
1844 3515 2176 3579 quemque
2205 3496 2518 3560 voluntas
2537 3546 2552 3565 .

581 3607 989 3673 declinamus
1017 3608 1175 3671 item
1202 3614 1424 3671 motus
1453 3628 1580 3670 nec
1607 3616 1915 3695 tempore
1945 3618 2133 3673 certo

427 3738 526 3786 260
585 3744 708 3787 nec
735 3724 1010 3809 regione
1038 3723 1171 3786 loci
1201 3730 1386 3786 certa
1403 3771 1418 3797 ‚
1443 3721 1569 3787 sed
1595 3723 1709 3786 ubi
1738 3722 1886 3810 ipsa
1915 3725 2070 3788 tulit
2098 3747 2284 3789 mens
2301 3727 2334 3789 ἶ)

577 3860 732 3902 nam
763 3837 968 3903 dubio
1001 3837 1240 3924 procul
1264 3837 1371 3901 his
1401 3838 1603 3902 rebus
1634 3860 1756 3902 sua
1785 3839 2022 3925 cuique
2051 3840 2363 3905 voluntas

578 3954 974 4041 principium
1005 3952 1124 4017 dat
1145 4003 1160 4029 ‚
1186 3961 1253 4017 et
1282 3953 1437 4018 hinc
1467 3963 1688 4018 motus
1719 3975 1842 4041 per
1869 3957 2166 4019 membra
2193 3957 2494 4042 rigantur
2515 4008 2528 4020 .

584 4264 685 4311 233
724 4257 959 4311 Haeraut
1010 4260 1030 4327 Η
1077 4267 1174 4313 234
1223 4270 1566 4333 exsuperate.
1617 4262 1636 4329 ΙΙ
1685 4267 1782 4315 240
1831 4270 2120 4333 potuerunt
2169 4264 2189 4332 ΙΙ
2237 4269 2334 4316 247
2380 4280 2440 4316 se
2475 4273 2743 4319 ommam.
2797 4266 2818 4331 ΙΙ

588 4347 688 4393 249
724 4340 867 4395 nulla
901 4352 1166 4397 omissum.
1221 4346 1242 4413 Η
1284 4351 1382 4397 250
1427 4348 1597 4416 possit
1651 4345 1671 4412 ΙΙ
1721 4351 1813 4397 251
1855 4354 2002 4398 motu
2053 4348 2072 4415 ΙΙ
2122 4352 2218 4398 252
2260 4356 2444 4400 exacto
2481 4357 2748 4401 omissum.
2799 4352 2820 4415 Η

586 4432 682 4478 257
723 4424 996 4497 voluptas,
