3042 5192
1142 489 1486 537 Rncnnsm
2390 473 2428 539 5

218 660 411 726 neque
438 660 523 704 eo
546 645 706 704 ante
718 636 1039 703 Vossium
1068 640 1183 725 qui
1214 662 1378 706 usus
1408 642 1497 706 sit
1527 661 1925 727 quemquam
1953 643 2252 727 reperio:
2276 644 2430 709 olim

218 747 413 804 tamen
462 737 855 824 Maguntiae
897 737 1105 802 fuisse
1151 736 1404 804 docent
1461 760 1634 824 quae
1680 740 1932 824 scripta
1986 749 2146 805 sunt
2187 742 2431 828 pagina

216 837 401 923 prima
432 837 505 899 in
546 836 844 920 margine
871 835 1188 901 inferiore
1206 884 1222 912 ,
1240 831 1409 901 ‘Iste
1448 837 1617 901 liber
1645 837 1942 922 pertinet
1981 836 2072 901 ad
2098 839 2429 905 librariam

216 935 422 999 Sancti
467 932 742 998 Martini
788 933 1067 999 ecclesie
1110 933 1464 1020 Magimtin
1493 984 1507 998 .
1563 934 1656 998 M.
1677 934 1991 1000 Sindicus
2032 937 2429 1024 subscripsit

215 1055 362 1098 anno
418 1031 585 1096 1479
601 1032 635 1094 .’
678 1031 970 1097 schedae
988 1081 1005 1108 ‚
1048 1033 1190 1097 sive
1209 1033 1382 1120 folia
1430 1031 1654 1096 dicere
1697 1033 2025 1098 malumus
2043 1083 2059 1110 ‚
2107 1043 2267 1100 sunt
2305 1058 2426 1099 nu-

213 1152 369 1195 mero
407 1130 532 1195 192
550 1179 567 1206 ,
600 1151 839 1195 versus
877 1131 1267 1217 paginarum
1307 1130 1522 1195 viceni
1542 1179 1558 1207 ‚
1590 1131 1660 1194 in
1689 1129 1945 1195 scheda
1970 1130 2054 1195 42
2083 1133 2293 1217 (quae
2325 1139 2431 1197 est

215 1227 652 1314 quaternionis
693 1229 870 1293 sexti
906 1229 1144 1313 tertia)
1186 1228 1403 1292 viceni
1442 1229 1706 1314 septeni
1734 1229 1855 1314 (ιι,
1876 1228 2265 1314 484—536).
2295 1251 2431 1294 una

214 1327 437 1412 pagina
469 1334 616 1390 tota
642 1346 858 1391 vacua
899 1334 1008 1391 est
1032 1332 1195 1412 post
1219 1346 1492 1391 versum
1529 1326 1679 1390 libri
1705 1349 1777 1391 v1
1801 1327 1916 1392 78:
1942 1348 2022 1391 ea
2050 1335 2157 1392 est
2184 1329 2429 1415 pagina

215 1446 384 1489 versa
429 1423 727 1489 schedae
767 1425 1042 1510 quintae
1080 1424 1149 1488 in
1190 1424 1493 1488 ternione
1512 1471 1530 1501 ‚
1553 1425 1739 1489 cuius
1779 1424 2037 1490 scheda
2078 1434 2273 1491 sexta
2311 1447 2424 1491 ex-

200 1523 329 1586 'cisa
354 1530 469 1588 est
487 1572 500 1586 .
525 1522 638 1587 hic
664 1523 835 1588 liber
857 1544 938 1587 eo
965 1522 1118 1610 ipso
1144 1543 1282 1608 quo
1307 1522 1600 1609 scriptus
1630 1529 1736 1587 est
1757 1534 2060 1609 tempore
2089 1544 2132 1588 a
2159 1522 2426 1589 duobus

211 1620 476 1685 librariis
520 1629 868 1685 correctus
907 1626 1014 1685 est
1040 1667 1056 1683 .
1103 1640 1333 1684 eorum
1383 1640 1984 1685 coam-:cronon
2037 1621 2208 1685 alter
2263 1624 2423 1687 scri-

212 1718 392 1782 bendi
413 1739 665 1805 genere
687 1717 1025 1783 Saxonico
1054 1739 1217 1783 usus
1241 1717 1582 1803 supplevit
1601 1738 1842 1782 versus
1869 1738 1912 1781 a
1933 1716 2281 1783 Francone
2302 1741 2426 1807 per

212 1817 679 1903 neglegentiam
721 1816 1007 1881 omissos
1024 1865 1041 1892 ‚
1072 1816 1170 1880 ita
1211 1813 1479 1900 quidem
1519 1819 1600 1877 ut
1625 1814 1854 1900 priore
1883 1816 2218 1903 scriptura
2247 1818 2426 1882 eluta

212 1935 505 1980 versuum
533 1914 754 2002 spatia
780 1935 919 1977 non
946 1914 1138 1978 nimis
1161 1919 1447 1997 angusta
1466 1911 1724 1975 faceret
1740 1961 1755 1976 .
1779 1912 1890 1976 hic
1912 1912 2095 1977 Saxo
2113 1964 2130 1992 ‚
2151 1924 2425 2001 praeter

213 2033 385 2097 quam
438 2010 627 2098 quod
670 2036 703 2076 e
739 2010 1005 2076 litterae
1044 2011 1437 2097 plerumque
1493 2008 1778 2075 caudam
1820 2011 2165 2079 subiunxit
2194 2062 2209 2089 ‚
2247 2022 2323 2079 ut
2350 2039 2425 2079 ae

212 2109 406 2186 fieret,
442 2131 587 2174 non
625 2109 834 2173 multa
874 2107 1203 2173 correxit.
1242 2107 1413 2172 alter
1462 2115 1625 2195 post
1667 2129 1818 2172 eum
1859 2110 2048 2195 (nam
2085 2111 2155 2174 in
2195 2112 2367 2175 libro
2399 2136 2421 2175 1

212 2228 340 2272 cum
365 2209 551 2273 Saxo
590 2209 661 2271 in
700 2207 903 2270 litura
940 2227 1181 2271 versus
1217 2206 1416 2269 unius
1459 2205 1844 2292 scripsisset
1884 2206 2007 2270 549
2037 2215 2107 2272 et
2134 2208 2257 2272 550
2276 2257 2291 2284 ‚
2312 2208 2422 2272 hic

212 2306 358 2370 alter
395 2307 697 2370 ultimam
739 2305 809 2368 in
847 2327 1149 2389 reparare
1185 2303 1476 2367 litteram
1514 2303 1586 2366 in
1622 2306 1649 2366 i
1675 2304 1994 2388 mutavit)
2035 2305 2200 2369 locis
2228 2305 2420 2369 innu-

212 2404 383 2467 meris
409 2404 675 2469 litteras
704 2409 774 2466 et
798 2402 1130 2467 vocabula
1149 2400 1260 2466 vel
1284 2400 1664 2465 emendavit
1682 2401 1794 2466 vel
1824 2403 2154 2489 corrupit,
2175 2404 2418 2490 partim

213 2500 285 2565 de
321 2502 735 2577 coniectura,
769 2499 899 2564 alia
938 2520 1023 2564 ex
1053 2500 1291 2566 eodem
1314 2502 1429 2566 illo
1468 2502 1933 2586 antiquissimo
1964 2501 2198 2568 codice
2226 2553 2242 2580 ,
2282 2525 2416 2589 quo

211 2598 368 2663 hunc
395 2620 669 2685 quoque
696 2621 893 2663 usum
922 2621 1074 2663 esse
1118 2621 1202 2665 ex
1229 2601 1310 2664 iis
1339 2608 1628 2686 apparet
1663 2620 1837 2685 quae
1867 2608 1985 2665 aut
2009 2601 2416 2666 intellectum

212 2718 331 2761 non
354 2697 607 2763 habent
631 2691 750 2762 aut
780 2696 1020 2761 eodem
1045 2696 1251 2762 modo
1278 2698 1347 2762 in
1378 2698 1741 2785 exemplari
1770 2699 2106 2785 quadrato
2125 2748 2141 2776 ,
2166 2698 2252 2762 de
2284 2720 2419 2785 quo

209 2794 365 2859 infra
389 2794 603 2860 dicam
621 2842 637 2870 ,
659 2796 913 2881 scripta
942 2802 1180 2860 extant
1197 2844 1211 2859 .
2529 2797 2534 2801 ’

358 2893 653 2957 Alterum
690 2893 840 2958 libri
881 2894 1321 2980 antiquissimi
1362 2894 1828 2982 apographum
1879 2897 1949 2961 in
1986 2896 2243 2960 Italiam
2286 2904 2422 2962 tra-

210 2999 451 3056 vectum
494 2999 632 3068 est3
671 3011 844 3076 quae
886 2992 1128 3076 quibus
1171 2991 1520 3056 codicibus
1565 3014 1689 3080 per
1732 2994 2070 3057 saeculum
2117 2995 2420 3079 quintum

213 3085 514 3153 decimum
550 3110 677 3154 usa
718 3096 855 3164 est,
890 3110 1008 3153 eos
1051 3111 1284 3154 omnes
1324 3088 1564 3153 habuit
1608 3089 1845 3154 eodem
1875 3091 2179 3178 exemplo
2211 3091 2421 3176 scrip-

215 3187 646 3274 t08‚oblongo
690 3195 931 3252 nostro
973 3188 1057 3252 ab
1097 3188 1278 3252 omni
1314 3193 1511 3273 parte
1553 3187 1916 3253 simillimos
1944 3208 2166 3272 neque
2196 3195 2415 3250 tamen

214 3305 291 3347 ex
329 3286 611 3371 oblongo
654 3284 931 3350 ductos:
968 3284 1328 3371 aliquando
1373 3285 1546 3349 enim
1587 3287 1674 3350 ab
1726 3285 1863 3351 hoc
1904 3284 2308 3350 dissentiunt
2351 3292 2421 3350 et

214 3403 345 3447 cum
384 3382 711 3469 quadrato
752 3381 1038 3459 faciunt,
1091 3382 1298 3469 idque
1341 3385 1410 3447 in
1449 3381 1532 3448 iis
1575 3384 1780 3448 rebus
1820 3403 1992 3469 quas
2034 3384 2421 3447 coniectura

215 3480 467 3567 adsequi
503 3502 699 3545 nemo
743 3482 997 3568 potuit.
1043 3480 1285 3546 horum
1338 3480 1646 3546 codicum
1703 3503 1886 3559 eum,
1932 3503 1970 3546 e
2022 3502 2157 3567 quo
2216 3482 2420 3546 ceteri

216 3577 467 3644 derivati
496 3585 657 3645 sunt
673 3628 689 3654 ‚
713 3599 753 3642 a
773 3578 1032 3665 Poggio
1055 3577 1442 3645 Florentino
1473 3601 1511 3644 e
1537 3579 1894 3645 Germania
1921 3580 2192 3644 allatum
2221 3578 2418 3644 adfir-

218 3696 433 3740 marem
454 3679 645 3762 (nam
674 3684 830 3741 ante
858 3676 1058 3741 huius
1085 3684 1394 3763 tempora
1419 3678 1679 3742 Dantes
1697 3727 1713 3755 ,
1735 3677 2108 3743 Petrarcha
2124 3727 2139 3754 ,
2163 3678 2418 3742 Bocca-

217 3772 337 3838 cius
362 3823 378 3850 ‚
404 3775 531 3839 nisi
570 3774 770 3840 fallor
797 3822 815 3850 ‚
850 3774 1143 3839 Lucretii
1171 3777 1574 3841 mentionem
1602 3777 1911 3841 fecerunt
1938 3776 2185 3840 nullam
2205 3823 2221 3850 ‚
2253 3775 2414 3838 Gul-

219 3871 421 3937 ielmus
442 3872 919 3959 Pastrengicus
937 3922 955 3949 ‚
987 3873 1115 3938 nisi
1139 3872 1327 3959 quod
1348 3886 1598 3960 poetam
1627 3877 1922 3940 comiowm
1953 3873 2117 3938 dicit
2133 3922 2148 3949 ,
2176 3872 2416 3937 Hiero·

219 3971 373 4054 nymi
410 3970 776 4036 chronicon
819 3971 1193 4056 sequitur),
1225 3972 1353 4035 nisi
1396 3972 1692 4058 Poggius
1732 3972 1876 4058 ipse
1918 3973 1986 4036 in
2016 3972 2320 4037 oratione
2348 3971 2413 4034 in

219 4064 419 4132 funere
446 4068 708 4134 Nicolai
747 4067 835 4133 de
864 4068 1118 4134 Nicolis
1158 4070 1412 4157 scripta
1449 4071 1743 4156 itemque
1784 4071 1853 4134 in
1894 4069 2163 4157 dialogo
2205 4068 2291 4133 de
2320 4069 2417 4132 in-

218 4162 499 4233 felicitate
555 4168 933 4256 principum
988 4190 1063 4233 se
1108 4170 1387 4234 Lucretii
1419 4180 1669 4255 partem
1711 4169 1781 4231 in
1839 4169 2053 4233 lucem
2101 4166 2418 4232 extulisse

218 4260 445 4330 diceret
486 4287 701 4351 eoque
741 4265 946 4332 modo
988 4266 1255 4332 laudem
1295 4267 1379 4331 ab
1426 4266 1571 4331 aliis
1613 4266 1738 4331 sibi
1782 4267 2100 4332 tributam
2128 4266 2274 4351 ipsc
2306 4283 2418 4325 ex·

216 4366 464 4427 tenuare
490 4362 832 4429 videretur
851 4415 865 4428 .
891 4386 1293 4451 quamquam
1314 4385 1555 4429 vereor
1582 4385 1669 4428 ne
1693 4363 1990 4450 Poggius
2009 4412 2024 4439 ‚
2048 4382 2193 4426 cum
2223 4360 2418 4424 nimis

216 4455 436 4526 doctus
477 4484 626 4528 esse
666 4463 869 4529 vellet
888 4514 903 4541 ,
936 4466 1082 4551 ipse
1112 4463 1236 4529 sibi
1262 4463 1498 4528 fecerit
1524 4463 1859 4527 iniuriam:
1884 4482 2033 4527 nam
2063 4480 2208 4524 cum
2241 4455 2413 4520 Var-
