3042 5192
1298 459 1367 527 V

227 645 502 720 tempore
532 643 604 699 et
629 635 948 721 inpubem
975 633 1159 698 molli
1187 635 1559 720 pubescere
1588 643 1779 700 veste

232 757 290 812 et
313 750 556 836 pariter
584 750 853 814 mollem
882 749 1069 814 malis
1100 748 1450 814 demittere
1480 750 1790 815 barbam:

115 881 186 925 ὅτε
226 862 472 928 fulmina
496 872 849 950 postremo
867 913 883 940 ,
904 865 1021 928 nix
1039 913 1055 941 ,
1075 865 1322 929 imbres
1340 912 1356 940 ‚
1379 864 1609 929 nubila
1624 912 1640 940 ,
1661 866 1845 930 venti
1865 915 1881 940 ‚

115 1452 187 1496 630

114 2023 188 2070 585

113 2597 187 2644 590

112 2828 185 2874 693

110 2941 184 2988 592

109 3054 183 3104 694

107 3746 181 3792 700

229 1000 348 1042 non
376 979 564 1043 nimis
593 979 871 1044 incertis
897 979 1068 1043 fiunt
1095 980 1164 1043 in
1192 979 1500 1065 partibus
1532 980 1687 1043 anni
1704 1029 1717 1043 .

230 1075 489 1179 namque
517 1094 639 1158 ubi
669 1094 765 1158 sic
792 1093 1063 1159 fuerunt
1092 1115 1441 1159 causarum
1473 1093 1753 1159 exordia
1779 1096 1994 1181 prima

231 1217 409 1293 atque
435 1211 529 1274 ita
555 1232 671 1275 res
699 1208 930 1274 mundi
960 1207 1263 1273 cecidere
1293 1209 1377 1274 ab
1409 1210 1665 1295 origine
1693 1211 1910 1295 prima
1928 1261 1943 1286 ‚

232 1332 544 1409 conseque
574 1346 851 1411 quoque
880 1325 1009 1389 iam
1036 1323 1325 1388 redeunt
1355 1346 1440 1387 ex
1470 1322 1706 1389 ordine
1736 1333 1921 1391 certo
1942 1375 1955 1389 .

302 1437 611 1504 Crescere
640 1440 933 1525 itemque
964 1438 1109 1503 dies
1138 1439 1298 1503 licet
1326 1445 1396 1503 et
1423 1439 1773 1503 tabescere
1801 1449 2040 1506 noctes
2058 1491 2074 1517 ‚

234 1561 292 1615 et
314 1543 502 1618 minui
530 1555 722 1619 luces
740 1604 756 1631 ‚
780 1576 931 1618 cum
958 1560 1224 1618 sumant
1253 1554 1560 1637 augmina
1590 1561 1828 1618 noctes
1846 1604 1862 1629 ‚

234 1678 337 1732 aut
363 1669 510 1754 quia
538 1670 649 1734 sol
674 1668 848 1733 idem
881 1669 1005 1734 sub
1036 1675 1254 1732 terras
1284 1674 1490 1752 atque
1519 1689 1811 1753 superne

234 1781 563 1866 imparibus
597 1806 875 1848 currens
905 1781 1331 1848 amfractibus
1360 1782 1654 1847 aetheris
1685 1804 1841 1848 oras

232 1897 419 1979 partit
445 1905 511 1962 et
536 1898 610 1963 in
638 1900 849 1984 partis
877 1919 1016 1962 non
1051 1918 1302 1982 aequas
1335 1895 1575 1961 dividit
1604 1897 1833 1962 orbem
1855 1949 1870 1974 ‚

233 2018 291 2074 et
317 2011 489 2095 quod
519 2014 606 2078 ab
637 2014 961 2077 alterutra
990 2010 1283 2076 detraxit
1308 2019 1503 2097 parte
1522 2061 1538 2087 ,
1562 2014 1832 2099 reponit

234 2125 356 2190 eius
383 2127 448 2190 in
477 2127 766 2192 adversa
794 2135 985 2192 tanto
1016 2127 1168 2213 plus
1197 2133 1395 2212 parte
1424 2127 1677 2192 relatus
1696 2175 1713 2202 ‚

234 2237 428 2306 donec
458 2242 551 2307 ad
576 2241 649 2306 id
678 2243 938 2329 signum
966 2242 1130 2306 caeli
1159 2241 1469 2327 pervenit
1486 2290 1501 2317 ‚
1522 2242 1639 2307 ubi
1667 2243 1820 2305 anni

228 2355 428 2421 nodus
455 2367 824 2422 nocturnas
855 2363 1185 2442 exaequat
1211 2355 1472 2420 lucibus
1500 2356 1805 2421 umbras:

230 2491 365 2534 nam
391 2472 609 2538 medio
641 2495 842 2537 cursu
870 2471 1068 2536 flatus
1098 2471 1429 2556 aquilonis
1460 2479 1531 2536 et
1559 2473 1770 2535 austri

235 2583 491 2651 distinet
508 2638 525 2664 ‚
547 2594 833 2672 aequato
866 2587 1119 2652 caelum
1150 2584 1528 2651 discrimine
1556 2593 1815 2651 metans
1835 2636 1850 2663 ,

230 2711 491 2787 propter
520 2701 816 2788 signiferi
843 2702 1218 2788 posituram
1248 2701 1457 2766 totius
1488 2701 1671 2765 orbis

232 2815 463 2902 obliqui
482 2867 499 2894 ‚
523 2827 739 2881 terras
770 2824 839 2881 et
867 2816 1121 2881 caelum
1151 2815 1394 2881 lumine
1422 2816 1719 2880 lustrans

227 2951 425 2996 annua
453 2932 559 2997 sol
585 2932 655 2996 in
684 2954 819 3017 quo
851 2930 1192 2996 concludit
1219 2938 1528 3018 tempora
1555 2952 1835 3017 serpens
1855 2981 1870 3006 ,

230 3052 297 3108 ut
322 3047 484 3111 ratio
518 3045 817 3112 declarat
847 3067 1077 3111 eorum
1108 3046 1225 3131 qui
1250 3046 1406 3111 loca
1435 3047 1601 3111 caeli

232 3163 429 3225 omnia
460 3160 806 3248 dispositis
836 3160 1042 3247 signis
1072 3167 1311 3226 ornata
1337 3168 1664 3226 notarunt
1681 3212 1695 3227 .

230 3283 337 3340 aut
366 3279 515 3362 quia
545 3277 836 3342 crassior
866 3282 972 3341 est
999 3277 1200 3341 certis
1229 3277 1298 3340 in
1325 3277 1633 3362 partibus
1664 3282 1777 3341 aer
1795 3325 1810 3350 ‚

229 3390 341 3454 sub
371 3394 562 3457 terris
590 3391 745 3457 ideo
775 3391 1127 3456 tremulum
1155 3392 1346 3457 iubar
1372 3392 1668 3458 haesitat
1693 3391 1865 3476 ignis

228 3526 339 3570 nec
367 3517 720 3592 penetrare
748 3514 978 3595 potest
1005 3507 1198 3571 facile
1227 3515 1431 3593 atque
1463 3528 1801 3592 emergere
1832 3505 1921 3570 ad
1950 3513 2173 3571 ortus:

226 3629 571 3706 propterea
599 3629 836 3687 noctes
865 3622 1149 3688 hiberno
1179 3630 1485 3708 tempore
1513 3622 1755 3707 longae

225 3753 476 3803 cessant
492 3788 508 3814 ,
534 3737 692 3801 dum
721 3738 947 3802 veniat
972 3737 1306 3802 radiatum
1332 3737 1592 3823 insigne
1625 3736 1786 3801 diei.

229 3860 337 3915 aut
362 3854 551 3918 etiam
570 3902 586 3929 ‚
612 3851 766 3937 quia
796 3855 892 3917 sic
922 3853 1196 3918 alternis
1224 3853 1530 3938 partibus
1559 3854 1717 3917 anni

228 3967 469 4034 tardius
501 3975 571 4033 et
600 3967 796 4032 citius
828 3976 1239 4034 consuerunt
1267 3967 1603 4033 confluere
1632 3968 1821 4054 ignes
1840 4016 1855 4043 ‚

2309 466 2445 535 179

237 4244 324 4291 675
356 4241 596 4296 Flumina
634 4250 915 4314 posti-omo
954 4245 976 4314 ΙΙ
1013 4251 1112 4298 679
1151 4245 1487 4315 Consequiae
1522 4245 1543 4313 ΙΙ
1579 4261 1755 4297 rerum
1793 4245 1815 4313 Η
1851 4249 1950 4296 684
1989 4261 2017 4296 e
2048 4245 2102 4297 in
2138 4243 2159 4313 ΙΙ
2196 4248 2295 4295 690
2331 4260 2443 4295 me-

237 4331 331 4376 tas.
364 4327 383 4394 Ὶ
419 4332 516 4379 693
558 4326 793 4398 Obliquo
831 4325 851 4397 ΙΙ
890 4335 989 4382 692
1027 4326 1270 4382 contudit
1304 4327 1325 4397 ΙΙ
1365 4334 1465 4381 700
1502 4325 1633 4380 dici.

1929 4426 2040 4490 12·
