3042 5192
592 451 730 518 134
1633 447 1760 514 1111

582 644 781 687 unam
812 643 959 684 cum
987 621 1276 684 iaceres:
1299 620 1393 683 ita
1424 620 1631 683 colles
1662 619 1944 685 collibus
1971 620 2105 707 ipsi

579 738 788 802 verba
816 736 1240 822 repulsantes
1268 735 1607 799 iterabant
1637 733 1842 799 docta
1869 734 2105 800 referri
2123 785 2136 798 .

426 871 524 917 580
580 854 749 917 haec
780 854 930 917 loca
958 847 1353 938 capripedes
1385 857 1654 935 satyros
1684 850 2155 936 nymphasque
2184 859 2414 917 tenere

579 968 831 1033 finitimi
859 966 1148 1051 fingunt,
1174 972 1241 1028 et
1265 964 1507 1029 faunos
1542 986 1692 1029 esse
1720 965 2033 1030 locuntur
2050 1014 2066 1042 ‚

581 1105 867 1170 quorum
896 1082 1256 1166 noctivago
1290 1081 1578 1165 strepitu
1604 1078 1904 1164 ludoque
1932 1081 2183 1146 iocanti

581 1197 936 1263 adfirmant
963 1196 1164 1282 volgo
1196 1195 1534 1259 taciturna
1563 1195 1829 1260 silentia
1857 1197 2111 1281 rumpi,

584 1311 1124 1395 chordarumque
1155 1331 1361 1374 sonos
1391 1309 1536 1375 fieri
1555 1359 1571 1387 ,
1595 1309 1951 1395 dulcisque
1983 1312 2315 1396 querellas
2334 1361 2350 1386 ‚

427 1446 523 1492 585
578 1429 745 1493 tibia
775 1447 945 1512 quas
978 1423 1200 1488 fundit
1230 1422 1459 1509 digitis
1489 1425 1759 1511 pulsata
1790 1433 2145 1490 canentum
2163 1475 2179 1502 ‚

580 1551 648 1607 et
677 1563 888 1628 genus
920 1539 1281 1625 agricolum
1310 1539 1444 1603 late
1475 1541 1840 1604 sentiscere
1858 1589 1873 1616 ‚
1899 1562 2102 1626 quom
2131 1541 2274 1606 Pan

576 1658 776 1743 pinea
805 1654 1089 1719 semiferi
1121 1655 1356 1741 capitis
1385 1655 1714 1720 velamina
1743 1676 2077 1740 quassans

483 1837 489 1847 ,
581 1793 754 1835 unco
787 1791 990 1855 saepe
1020 1770 1209 1834 labro
1242 1769 1533 1833 calamos
1561 1771 1898 1855 percurrit
1927 1770 2174 1835 hiantis
2194 1820 2210 1846 ‚

580 1886 808 1950 fistula
839 1886 1215 1949 silvestrem
1246 1906 1331 1948 ne
1364 1893 1588 1949 cesset
1617 1884 1901 1949 fundere
1929 1906 2186 1950 musam
2204 1935 2217 1948 .

427 2019 525 2064 590
582 2009 808 2065 cetera
839 2001 923 2064 de
953 2022 1199 2087 genere
1228 1999 1363 2064 hoc
1390 2008 1695 2064 monstra
1725 2022 1803 2065 ac
1833 2008 2154 2087 portenta
2180 1999 2580 2085 loquontur,

578 2138 664 2180 ne
694 2117 841 2180 loca
871 2115 1143 2180 deserta
1170 2115 1254 2179 ab
1286 2113 1458 2178 divis
1489 2131 1761 2201 quoque
1792 2114 1970 2179 forte
1998 2123 2321 2200 putentur

585 2232 732 2295 sola
759 2240 1022 2296 tenere.
1046 2230 1202 2294 ideo
1232 2229 1488 2294 iactant
1517 2230 1835 2294 miracula
1865 2229 2062 2295 dictis
2081 2279 2096 2304 ‚

581 2354 699 2410 aut
728 2346 950 2432 aliqua
978 2347 1237 2409 ratione
1268 2345 1395 2410 alia
1425 2343 1764 2414 ducuntur
1782 2393 1798 2420 ‚
1819 2354 1899 2409 ut
1929 2366 2124 2409 omne

579 2460 937 2524 humanum
968 2481 1180 2548 genus
1213 2468 1319 2525 est
1348 2458 1618 2524 avidum
1645 2459 1827 2522 nimi’
1857 2460 2280 2524 miraclorum
2299 2510 2312 2524 .

427 2591 523 2636 595
664 2575 867 2654 Quod
898 2598 1099 2660 super
1131 2583 1270 2650 est,
1291 2597 1430 2639 non
1462 2582 1568 2639 est
1595 2572 1969 2640 mirandum
1999 2597 2133 2661 qua
2161 2575 2422 2639 ratione
2441 2625 2457 2646 ,

586 2711 708 2777 per
736 2689 887 2754 loca
917 2710 1089 2775 quae
1119 2697 1465 2774 nequeunt
1495 2688 1670 2753 oculi
1698 2710 1808 2752 res
1840 2710 2114 2753 cernere
2145 2700 2415 2777 apertas
2434 2739 2450 2766 ‚

581 2804 750 2869 haec
779 2805 929 2869 loca
955 2827 1079 2890 per
1106 2826 1312 2869 voces
1341 2805 1617 2868 veniant
1644 2804 1957 2889 aurisque
1985 2803 2322 2868 lacessant
2341 2853 2356 2880 ‚

582 2920 1006 3004 conloquium
1038 2920 1280 2984 clausis
1306 2919 1566 2984 foribus
1600 2939 1870 3004 quoque
1902 2938 2104 3004 saepe
2136 2919 2248 2984 ubi
2279 2918 2548 2996 demus;

580 3035 647 3097 ni
677 3035 912 3098 mirum
931 3084 946 3110 ‚
972 3035 1128 3119 quia
1154 3057 1291 3099 vox
1319 3057 1441 3122 per
1468 3034 1645 3099 flexa
1672 3032 2000 3098 foramina
2029 3055 2249 3098 rerum

426 3165 523 3212 600
578 3150 925 3214 incolumis
956 3150 1241 3214 transire
1270 3158 1537 3236 potest,
1564 3149 1915 3213 simulacra
1943 3157 2293 3214 renutant:

585 3265 1107 3351 perscinduntur
1139 3266 1309 3329 enim
1329 3313 1343 3341 ,
1365 3265 1492 3329 nisi
1520 3272 1708 3329 recta
1736 3263 2065 3328 foramina
2092 3273 2366 3330 tranant
2384 3315 2398 3338 ,

581 3378 803 3463 qualia
833 3387 991 3442 sunt
1020 3380 1245 3456 vitrei,
1269 3381 1528 3467 specics
1559 3400 1694 3466 qua
1723 3378 2018 3443 travolat
2048 3381 2294 3445 omnis.

581 3501 933 3578 praeterea
961 3494 1173 3581 partis
1201 3494 1269 3558 in
1302 3502 1579 3559 cunctas
1611 3493 1931 3558 dividitur
1958 3517 2095 3559 vox
2113 3544 2129 3570 ‚

581 3629 665 3669 ex
694 3606 837 3672 aliis
868 3608 1033 3672 aliae
1065 3610 1375 3694 quoniam
1405 3610 1769 3695 gignuntur
1787 3659 1802 3683 ‚
1825 3610 1939 3673 ubi
1967 3630 2103 3672 una

426 3737 523 3783 605
581 3720 867 3788 dissiluit
896 3723 1101 3787 semel
1128 3724 1197 3788 in
1224 3725 1466 3790 multas
1497 3733 1766 3800 exorta,
1792 3725 1984 3810 quasi
2009 3724 2182 3810 ignis

581 3857 783 3923 saepe
815 3839 989 3903 solet
1020 3839 1305 3903 scintilla
1334 3861 1494 3904 suos
1528 3861 1600 3903 se
1634 3860 1954 3925 spargere
1981 3841 2050 3903 in
2076 3839 2250 3924 ignis
2270 3888 2283 3901 .

581 3972 741 4036 ergo
772 3953 1115 4040 replentur
1144 3954 1294 4018 loca
1321 3955 1602 4018 vocibus
1622 4004 1638 4028 ,
1662 3954 1894 4020 abdita
1923 3963 2104 4019 retro

589 4263 688 4309 579
726 4256 867 4310 dicta
920 4257 939 4327 ΙΙ
996 4266 1090 4312 581
1133 4261 1320 4314 faunos
1375 4261 1393 4328 ΙΙ
1450 4270 1547 4314 582
1588 4263 1808 4316 locanti.
1864 4263 1882 4332 ΙΙ
1941 4270 2037 4315 587
2077 4263 2324 4316 ullamina
2371 4263 2390 4330 ΙΙ
2431 4268 2531 4315 590
2569 4263 2760 4316 Petere
2795 4273 2810 4326 1¹

590 4347 687 4392 594
727 4343 1103 4397 auricularum.
1142 4342 1162 4413 ΙΙ
1203 4352 1301 4396 598
1339 4363 1496 4415 saepe
1535 4346 1801 4400 videmus.
1842 4348 1861 4418 Η
1900 4355 1999 4401 (300
2036 4355 2348 4401 renuntant.
2387 4345 2407 4414 ΙΙ
2446 4352 2546 4400 603
2585 4353 2796 4401 cuncta'

589 4431 685 4476 604
726 4425 911 4479 ubiua.
