3042 5192
668 443 807 510 236
1721 441 1821 509 IV

664 619 876 682 addita
899 618 1064 680 caelo
1082 665 1096 678 .
1127 614 1490 679 Lambinus
1521 616 1757 679 caelum
1785 626 1856 678 ut
1876 616 2125 680 videare
2154 617 2345 680 videre
2371 628 2425 679 et
2453 617 2684 701 Corpora
2705 621 2792 680 mi·

661 718 846 780 randi
872 716 981 779 sub
1009 726 1205 778 terras
1232 715 1438 777 abdita
1466 715 1657 777 caeli.
1708 724 1933 777 cetera
1958 713 2065 777 his
2110 714 2337 799 peiora
2376 715 2793 798 praetermitto.

664 815 942 878 mirande
962 810 1354 874 adverbium
1372 859 1388 885 ‚
1421 810 1609 895 quod
1627 812 1697 874 in
1721 810 2055 896 quadrato
2080 813 2391 898 scriptum
2414 821 2509 876 est
2524 814 2796 884 mirandae,

661 921 737 976 ut
762 912 1084 975 mendosae
1106 910 1226 973 503
1245 959 1260 984 ‚
1287 934 1586 995 supernae
1613 909 1728 974 173
1746 959 1762 986 ‚
1795 916 1863 973 et
1889 911 1955 973 in
1986 918 2275 996 utroque
2295 911 2413 974 949
2438 912 2625 997 prima
2646 931 2799 973 manu

663 1012 856 1088 altae,
898 1011 1090 1094 (mox
1120 1007 1243 1072 462
1283 1010 1565 1072 mirande
1601 1009 1671 1072 in
1702 1010 2063 1092 utroque),
2093 1031 2229 1072 non
2260 1017 2362 1072 est
2387 1030 2569 1072 verae
2595 1017 2649 1071 et
2673 1009 2798 1071 anti·

663 1129 835 1192 quae
862 1106 1276 1171 Latinitatis:
1311 1114 1379 1169 et
1405 1106 1795 1170 mirabiliter
1823 1115 2065 1190 peccat
2093 1107 2351 1170 Nonius
2369 1155 2383 1182 ,
2420 1128 2555 1169 cum
2584 1104 2799 1169 Claudio

663 1204 1107 1290 Quadrigario
1138 1204 1465 1269 adscribit
1493 1206 1862 1268 hinnibunde
1879 1229 2002 1290 pro
2032 1206 2367 1270 hinnienter
2395 1204 2799 1291 p.122‚13‚qui

663 1303 928 1367 dixerat
954 1327 1145 1390 equae
1171 1304 1616 1367 hinnilmndae.
1651 1324 2051 1387 quamquam
2083 1304 2222 1367 scio
2252 1305 2536 1368 horrende
2557 1303 2617 1366 in
2642 1302 2801 1365 lexica

661 1403 941 1466 relatum
996 1423 1145 1465 esse
1194 1423 1278 1464 ex
1318 1402 1489 1465 libro
1544 1400 1926 1487 Sapientiae
1971 1402 2113 1477 v1‚6
2158 1402 2378 1477 xv11‚3
2398 1451 2413 1477 ‚
2462 1423 2583 1486 quo
2624 1399 2801 1462 eodem

660 1509 940 1567 utuntur
961 1499 1342 1564 Priscianus
1365 1522 1430 1584 p.
1454 1500 1605 1563 1041
1645 1507 1714 1563 et
1736 1498 2010 1584 Sergius
2033 1523 2098 1586 p.
2119 1500 2273 1564 1851
2297 1548 2312 1574 ‚
2339 1500 2459 1572 ita,
2489 1499 2803 1564 Ilm-rendum

662 1600 888 1662 clamat
899 1621 1024 1682 pro
1052 1599 1353 1662 horrende
1365 1624 1391 1679 ,-
1422 1598 1527 1661 cui
1550 1597 1945 1661 simillimum
1970 1607 2076 1662 est
2099 1598 2284 1683 quod
2311 1599 2567 1663 Servius
2585 1599 2643 1661 in
2660 1618 2803 1681 geor-

661 1697 858 1781 gicon
890 1718 987 1770 111,
1001 1695 1084 1759 28
1109 1719 1517 1782 maynumque
1528 1694 1823 1785 fluentem
1853 1697 2131 1782 exponit
2158 1721 2379 1783 mayne
2394 1747 2412 1778 ‚
2453 1695 2719 1781 idemque
2742 1691 2802 1757 ad

658 1796 823 1857 Aen.
841 1817 884 1868 1,
900 1792 1016 1855 251
1053 1793 1420 1880 Infandum,
1450 1794 1701 1878 inquit,
1732 1818 1855 1880 pro
1884 1795 2140 1881 infande
2157 1798 2397 1881 posuit.
2440 1817 2556 1858 nec
2582 1796 2802 1858 minores

657 1892 766 1955 hic
806 1893 1040 1956 turbas
1079 1890 1335 1954 faciunt
1371 1893 1676 1977 Corpora,
1723 1892 1864 1956 sive
1893 1892 1981 1956 ad
2023 1893 2252 1958 nubila
2283 1903 2353 1959 et
2380 1895 2612 1958 caelum
2635 1891 2802 1956 referi·

657 2012 803 2053 mus
833 1991 973 2054 sive
1005 1987 1093 2052 ad
1124 1988 1379 2053 sidera.
1430 1989 1617 2074 quod
1663 1990 1871 2075 siquis
1912 1999 2138 2055 cetera
2176 1992 2638 2064 considerabit,
2673 1991 2804 2053 inve·

655 2089 796 2153 niet
825 2109 903 2152 ea
931 2095 1189 2152 mutato
1220 2109 1536 2151 versuum
1576 2087 1812 2152 ordine
1856 2097 1990 2153 tam
2021 2099 2178 2176 apte
2215 2092 2394 2155 inter
2421 2113 2491 2155 se
2521 2090 2804 2154 cohaerere

655 2196 734 2252 ut
760 2188 875 2250 vix
902 2187 1169 2272 possint
1198 2186 1389 2249 aliter
1420 2207 1460 2247 a
1489 2192 1695 2272 poeta
1723 2188 1977 2272 scripta
1999 2189 2363 2254 existimari
2380 2239 2395 2265 ‚
2422 2190 2525 2254 aab
2551 2201 2713 2252 terra-s·
2730 2186 2805 2248 ab·

656 2288 784 2350 dita
815 2309 850 2348 c
864 2306 907 2347 A
921 2308 1012 2348 Et.
1025 2308 1048 2347 1
1080 2284 1318 2349 Nubila
1347 2284 1655 2368 despicere
1683 2296 1742 2348 et
1766 2288 2002 2350 cael-am
2030 2288 2275 2351 videare
2303 2288 2501 2352 videre
2517 2336 2531 2351 .
2556 2290 2666 2350 iam
2687 2305 2804 2347 vero

657 2383 747 2446 ad
777 2381 1240 2467 complendam
1287 2381 1687 2445 sententiam
1730 2404 1813 2446 ex
1851 2386 2123 2470 Corpora
2150 2387 2436 2450 mirande
2469 2408 2646 2449 nemo
2670 2383 2807 2446 dubi·

660 2491 807 2545 tare
837 2488 1072 2566 potest
1102 2481 1263 2564 quin
1290 2478 1668 2542 faciendum
1699 2480 1786 2544 sit
1813 2480 1917 2545 Ur
1950 2504 2199 2545 rnors
2244 2505 2291 2546 nt
2310 2506 2623 2547 ιιιΛοιο.
2661 2501 2810 2545 ιιιιιιιιι

657 2588 880 2642 tamen
931 2576 1400 2662 corrigendum
1450 2587 1698 2642 restat:
1761 2599 1911 2642 nam
1973 2582 2278 2665 despicere
2334 2604 2479 2646 cum
2525 2576 2809 2646 accusandi

658 2699 816 2741 casu
847 2699 984 2739 non
1014 2677 1440 2760 coniungitur
1471 2677 1595 2740 nisi
1639 2678 1707 2740 in
1738 2677 2217 2761 significatione
2261 2688 2693 2764 contemptus:
2730 2697 2811 2739 ne·

657 2797 789 2860 que
819 2775 1009 2838 ulla
993 2797 1061 2837 ιιι
1093 2773 1397 2838 Caesaris
1438 2776 1663 2838 verbis
1707 2776 2103 2860 ambiguitas
2133 2785 2274 2850 est,
2327 2801 2476 2841 cum
2504 2776 2732 2861 scripsit
2753 2772 2812 2834 de

655 2873 833 2937 bello
865 2873 1121 2936 Gallico
1170 2894 1400 2935 comm.
1418 2895 1535 2946 vn,
1554 2872 1636 2936 20
1681 2875 1846 2960 qaod
1885 2885 1941 2937 et
1976 2876 2356 2959 paucitatem
2395 2899 2596 2941 eornm
2632 2897 2694 2938 ea·
2724 2873 2815 2935 loco

653 2973 965 3058 superiore
994 2994 1348 3056 coynoscere
1376 2982 1434 3034 et
1456 2973 1734 3034 virtutem
1763 2973 2066 3057 despicere
2082 2976 2432 3058 potuerint,
2461 2977 2565 3062 qm·
2588 2973 2814 3037 dimicm

654 3095 777 3135 non
818 3072 953 3134 ausi
1002 3070 1257 3155 turpiter
1297 3093 1362 3133 se
1402 3070 1469 3131 in
1514 3079 1716 3133 caetra
1754 3072 2135 3155 receperint.
2183 3072 2416 3157 itaque
2455 3089 2814 3137 nismci-:nss
2934 3113 2935 3122 ι

658 3167 1083 3233 scribendum
1124 3175 1263 3241 est,
1308 3175 1384 3230 ut
1424 3174 1610 3230 recte
1651 3166 1921 3232 codices
1961 3169 2031 3232 in
2068 3168 2241 3233 libro
2281 3192 2356 3244 11,
2373 3171 2454 3235 26
2495 3174 2629 3258 quin
2665 3166 2815 3230 οηυιία

658 3269 1092 3351 dispiciantur,
1125 3265 1254 3330 Sub
1272 3266 1535 3351 pedibus
1562 3289 1721 3352 quae
1743 3289 1998 3353 cumque
2025 3265 2200 3331 infra
2216 3291 2343 3352 per
2362 3272 2543 3334 inane
2557 3275 2815 3356 qentow-
2934 3307 2935 3314 κ

658 3364 751 3428 sic
781 3363 1095 3427 Manilius
1126 3387 1195 3438 11,
1214 3364 1334 3427 837
1367 3362 1453 3426 de
1485 3361 1884 3427 occidentali
1927 3363 2197 3427 cardine
2234 3365 2640 3454 Ocea-sumque
2671 3377 2818 3427 terum

653 3463 1026 3526 subuersum
1053 3462 1293 3546 dispicit
1320 3463 1522 3526 orbem
1538 3511 1557 3542 ,
1586 3484 1725 3525 non
1753 3463 2035 3547 despicit:
2062 3484 2264 3527 versu
2292 3465 2420 3529 849
2448 3467 2724 3549 immnque
2742 3455 2820 3522 sub
2934 3453 2935 3464 ¹

655 3560 858 3624 orbem
900 3561 1272 3624 Descendit.
1320 3561 1459 3624 scio
1504 3558 1774 3644 quidem
1819 3561 1887 3623 in
1928 3560 2159 3625 lexicis
2202 3561 2457 3627 adferri
2482 3564 2640 3627 haec
2663 3557 2819 3624 verba
2934 3637 2935 3646 ἵ

657 3658 1062 3722 Columellac
1093 3659 1297 3734 1‚6‚23
1316 3707 1330 3734 ,
1359 3660 1534 3723 Area
1552 3707 1568 3734 ‚
1605 3661 1660 3722 si
1689 3660 1995 3744 competit,
2039 3661 2127 3723 ita
2155 3661 2565 3726 cmwtituenda
2592 3671 2667 3725 est
2688 3668 2739 3721 nt
2758 3652 2823 3718 cel
2934 3655 2935 3668 ¹

655 3783 696 3823 a
725 3759 966 3822 domino
995 3758 1092 3820 vel
1116 3768 1272 3820 certe
1301 3781 1341 3820 a
1369 3768 1777 3842 procuratore
1805 3758 2032 3841 despici
2057 3760 2289 3843 possit:
2328 3759 2452 3823 sed
2494 3761 2580 3824 ibi
2608 3771 2819 3842 quoque

654 3854 1010 3938 legendum
1043 3862 1147 3918 est
1175 3855 1394 3939 dispici
1412 3902 1430 3933 ,
1478 3853 1664 3939 quod
1692 3864 1875 3918 recte
1906 3856 2228 3940 scriptum
2264 3866 2452 3922 extat
2478 3858 2641 3922 libro
2668 3849 2823 3924 null-¹.

659 3955 769 4017 19.
816 3973 1036 4037 neque
1078 3953 1145 4015 in
1185 3951 1527 4016 Aeneidos
1573 3951 1753 4027 1224
1808 3952 2157 4017 ferendum
2211 3962 2317 4019 est
2370 3957 2603 4020 aethere
2644 3969 2823 4018 ειιιιιπιο

665 4053 1015 4137 Respiciens
1051 4075 1225 4114 mare
1263 4052 1581 4120 velivolam
1624 4060 1691 4115 ct
1736 4060 1993 4125 cetera,
2049 4052 2174 4116 sed
2213 4054 2631 4140 probandum
2658 4047 2823 4132 Dtbpff‘
2934 4065 2935 4068 ’

655 4153 847 4230 ciens,
896 4148 1083 4234 quod
1111 4150 1177 4212 in
1207 4149 1484 4212 arbitrio
1517 4151 1711 4237 ponit
1740 4153 2014 4216 Servius
2034 4200 2047 4213 .
2089 4161 2244 4217 utor
2286 4155 2562 4219 arbitrio
2588 4154 2650 4216 in
2674 4166 2822 4235 geor·

653 4251 851 4335 gicon
893 4272 964 4322 11,
984 4249 1103 4312 186
1155 4256 1223 4311 ct
1267 4246 1470 4310 Nonii
1519 4251 1987 4313 auctoritatem
2034 4250 2395 4326 rescindo,
2449 4252 2560 4338 qui
2609 4246 2823 4314 exhibet
2934 4251 2935 4254 ’

653 4370 716 4433 p.
732 4347 856 4411 288
894 4347 1152 4425 Qualem
1194 4368 1374 4429 saepe
1424 4369 1576 4410 cava
1628 4349 1843 4410 inmitis
1895 4350 2163 4414 convalle
2209 4302 2467 4415 solertius
2518 4348 2823 4432 Deqncere·

653 4447 948 4530 dispicere
979 4440 1406 4508 scribendum
1432 4453 1537 4508 est
1558 4445 1627 4508 in
1651 4443 1875 4510 Ovidii
1895 4427 2153 4512 metam.
2170 4473 2236 4524 ιι,
2260 4450 2374 4515 178
2405 4472 2506 4522 ιιι,
2519 4447 2597 4512 44
2624 4436 2826 4516 v112'23
