3042 5192
1277 493 1404 561 IIII
2316 505 2446 572 131

200 695 281 738 an
310 679 647 760 poterunt
678 668 917 733 oculos
948 688 1144 731 aures
1173 667 1669 752 reprehendere
1688 718 1703 745 ‚
1728 691 1813 734 an
1845 693 2042 736 aures

202 798 427 853 tactus
444 787 480 850 ?
512 808 602 850 an
630 785 818 849 hunc
846 803 1054 867 porro
1085 789 1339 846 tactum
1370 803 1577 869 sapor
1608 792 1846 871 arguet
1875 788 2013 851 oris
2035 838 2049 862 ‚

200 926 283 968 an
315 901 776 966 confutabunt
802 918 1005 962 nares
1037 896 1297 961 oculive
1324 899 1674 963 revincent
1690 899 1722 962 P

201 1040 376 1094 non,
396 1024 480 1081 ut
510 1017 789 1104 opinor,
810 1015 905 1078 ita
935 1020 1043 1077 est
1061 1061 1074 1075 .
1098 1033 1251 1075 nam
1281 1033 1588 1076 seorsum
1618 1016 1859 1100 cuique
1887 1026 2197 1104 potestas

83 1150 158 1195 490
204 1132 531 1206 divisast,
556 1152 679 1195 sua
708 1130 811 1194 vis
843 1129 1185 1214 cuiquest,
1205 1127 1499 1213 ideoque
1529 1151 1809 1194 necesse
1842 1140 1948 1195 est

204 1257 273 1312 et
304 1245 503 1333 quod
528 1245 729 1310 molle
762 1245 851 1308 sit
881 1250 950 1307 et
979 1240 1269 1328 gelidum
1298 1242 1655 1309 fervensve
1686 1267 1988 1310 seorsum

204 1371 271 1427 et
303 1383 619 1426 seorsum
646 1360 873 1425 varios
901 1379 1126 1422 rerum
1158 1357 1409 1421 sentire
1441 1359 1706 1423 colores
1727 1410 1741 1436 ‚

205 1488 274 1542 et
305 1498 483 1562 quae
514 1494 798 1559 cumque
829 1472 1149 1536 coloribu’
1182 1475 1319 1536 sint
1348 1474 1708 1539 coniuncta
1733 1474 2001 1540 videre:

203 1612 487 1656 seorsus
515 1591 676 1653 item
706 1609 912 1675 sapor
943 1587 1081 1651 oris
1111 1585 1321 1651 habet
1346 1588 1513 1663 vim,
1538 1609 1813 1653 seorsus
1845 1589 2092 1656 odores

76 1723 153 1767 495
202 1713 579 1770 nascuntur
597 1754 612 1778 ‚
637 1724 902 1768 sorsum
931 1703 1194 1767 sonitus
1214 1751 1228 1765 .
1248 1700 1541 1786 ideoque
1569 1724 1850 1769 necesse
1881 1715 1989 1772 est

207 1842 347 1883 non
375 1821 646 1906 possint
675 1819 841 1883 alios
871 1818 980 1882 alii
1011 1822 1408 1882 convincere
1440 1838 1683 1883 sensus
1705 1868 1718 1882 .

208 1956 334 1998 nec
364 1956 570 2020 porro
599 1941 924 2019 poterunt
948 1933 1081 2021 ipsi
1111 1930 1611 2018 reprehendere
1641 1955 1792 1998 sese
1811 1985 1827 2011 ‚

207 2070 425 2135 aequa
452 2046 624 2113 fides
657 2048 970 2133 quoniam
1001 2046 1276 2111 debebit
1306 2068 1572 2132 semper
1600 2048 1836 2115 haberi
1857 2101 1870 2113 .

206 2162 495 2252 proinde
525 2161 714 2248 quod
738 2163 809 2225 in
840 2169 1181 2248 quoquest
1208 2161 1315 2225 his
1344 2164 1564 2226 visum
1592 2172 1896 2251 tempore
1914 2215 1929 2241 ,
1956 2177 2289 2233 verumst.

77 2296 161 2341 500
212 2288 279 2343 et
307 2280 366 2343 si
396 2300 534 2342 non
565 2278 816 2363 poterit
847 2277 1017 2341 ratio
1051 2275 1424 2342 dissolvere
1454 2299 1722 2343 causam
1742 2329 1757 2356 ‚

208 2417 324 2458 cur
354 2415 436 2458 ea
466 2413 641 2477 quae
670 2391 917 2456 fuerint
940 2393 1180 2456 iuxtim
1210 2393 1546 2477 quadrata
1566 2444 1579 2470 ,
1603 2395 1841 2480 procul
1871 2398 2008 2461 sint

208 2511 349 2572 visa
376 2504 678 2572 rutunda
695 2555 710 2582 ‚
732 2514 954 2570 tamen
982 2513 1285 2591 praestat
1312 2509 1595 2573 rationis
1628 2518 1932 2595 egentem

207 2622 493 2687 reddere
522 2618 847 2685 mendose
878 2643 1117 2686 causas
1146 2623 1498 2709 utriusque
1527 2623 1780 2710 figurae
1800 2675 1815 2701 ,

209 2760 405 2823 quam
433 2737 741 2801 manibus
771 2735 1125 2800 manifesta
1156 2738 1295 2801 suis
1328 2739 1629 2803 emittere
1659 2763 1997 2826 quoquam

76 2869 159 2913 505
214 2861 279 2917 et
306 2853 561 2916 violare
590 2850 788 2915 fidem
817 2851 1094 2938 primam
1126 2860 1194 2917 et
1224 2854 1601 2918 convellere
1631 2862 1780 2919 tota

208 2966 646 3032 fundamenta
673 2967 917 3052 quibus
946 2967 1217 3031 nixatur
1244 2968 1386 3032 vita
1415 2969 1766 3055 salusque.

209 3104 341 3147 non
369 3081 578 3147 modo
612 3083 784 3146 enim
810 3082 983 3146 ratio
1012 3089 1169 3147 ruat
1199 3084 1411 3147 omnis
1430 3133 1445 3158 ‚
1467 3084 1610 3148 vita
1640 3105 1912 3168 quoque
1938 3086 2091 3169 ipsa

212 3196 525 3261 concidat
555 3196 889 3282 extemplo
909 3245 925 3273 ‚
948 3198 1074 3260 nisi
1107 3195 1384 3262 credere
1415 3197 1726 3262 sensibus
1758 3202 1939 3263 ausis
1959 3248 1975 3275 ,

209 3312 726 3401 praecipitisque
755 3311 947 3376 locos
974 3312 1187 3377 vitare
1221 3320 1289 3377 et
1318 3320 1545 3378 cetera
1575 3336 1746 3399 quae
1777 3315 1912 3379 sint

73 3443 161 3488 510
212 3427 278 3490 in
302 3448 552 3514 genere
580 3426 715 3491 hoc
741 3425 1095 3512 fugienda,
1118 3429 1312 3513 sequi
1345 3428 1684 3493 contraria
1712 3450 1884 3514 quae
1916 3431 2051 3494 sint
2070 3479 2083 3492 .

211 3541 315 3606 illa
342 3543 466 3607 tibi
501 3549 612 3606 est
638 3540 840 3627 igitur
866 3542 1229 3608 verborum
1260 3543 1455 3628 copia
1487 3565 1682 3609 cassa

211 3659 418 3721 omnis
439 3706 455 3732 ‚
483 3677 657 3742 quae
689 3665 925 3721 contra
953 3679 1193 3722 sensus
1220 3658 1554 3724 instructa
1581 3666 1889 3744 paratast
1908 3708 1921 3722 .

210 3769 499 3858 denique
528 3779 609 3836 ut
635 3772 705 3835 in
732 3771 987 3837 fabrica
1003 3821 1019 3847 ‚
1042 3774 1099 3837 si
1126 3781 1408 3859 pravast
1434 3774 1667 3860 regula
1693 3774 1908 3860 prima
1926 3823 1941 3848 ‚

208 3907 576 3973 normaque
607 3887 664 3950 si
694 3885 895 3951 fallax
925 3888 1132 3952 rectis
1160 3887 1549 3974 regionibus
1581 3888 1755 3965 exit,

68 4014 153 4059 :115
209 4011 273 4065 et
296 4002 523 4068 libella
551 4001 776 4087 aliqua
803 4002 860 4066 si
891 4023 976 4066 ex
1003 4004 1183 4088 parti
1212 4001 1546 4068 claudicat
1573 4002 1779 4068 hilum
1797 4052 1813 4078 ‚

212 4217 285 4224 ἡ

217 4313 309 4359 486
344 4309 545 4378 poterit
583 4308 605 4378 ΙΙ
644 4314 740 4362 491
784 4310 978 4364 videri.
1029 4312 1050 4382 ΙΙ
1087 4316 1186 4364 493
1223 4318 1529 4365 necessest.
1569 4311 1588 4382 ΙΙ
1638 4317 1735 4364 495
1775 4312 2079 4365 Nascantur
2117 4311 2135 4380 ΙΙ
2175 4316 2274 4363 496
2311 4330 2438 4381 pos-

213 4399 331 4442 sunt
367 4391 387 4462 u
424 4397 526 4445 498
564 4393 757 4462 Aeque
790 4391 812 4462 ΙΙ
852 4401 951 4446 ῦοο
986 4395 1190 4466 poteris
1230 4394 1249 4466 ΙΙ
1287 4401 1381 4446 501
1412 4395 1589 4450 iustim
1616 4395 1924 4465 quadratam
1961 4392 1982 4464 ΙΙ
2022 4400 2118 4446 502
2146 4395 2392 4463 egentim.
2421 4393 2440 4462 ΙΙ

216 4479 307 4525 514
344 4475 442 4527 sibi
1637 4485 1648 4500 ⁸

1952 4577 2036 4638 9.
