3042 5192
580 454 719 521 216
1644 451 1745 519 VI

582 628 834 691 semina
863 632 1274 689 concurrunt
1301 624 1497 689 calidi
1524 624 1806 711 fulgoris
1835 624 1926 689 ad
1951 625 2189 689 ictum.

581 743 677 806 sic
705 742 904 827 igitur
936 761 1208 826 quoque
1236 760 1347 803 res
1376 739 1656 805 accendi
1683 739 1954 804 fulmine
1984 738 2191 804 debet
2209 789 2224 814 ‚

582 862 968 942 opportuna
992 855 1119 919 fuit
1148 856 1204 919 si
1232 854 1411 918 forte
1441 862 1510 918 et
1538 854 1785 918 idonea
1810 853 2087 918 flammis
2106 903 2120 917 .

580 992 707 1034 nec
738 979 986 1035 temere
1018 970 1286 1033 omnino
1316 969 1516 1056 plane
1544 969 1647 1033 vis
1675 967 1919 1054 frigida
1947 970 2130 1033 venti

428 1103 527 1149 320
586 1106 735 1149 esse
762 1091 1024 1170 potest,
1056 1104 1134 1147 ea
1164 1105 1338 1168 quae
1366 1091 1557 1148 tanta
1583 1084 1651 1147 vi
1677 1083 1882 1147 missa
1909 1093 2266 1169 supernest
2284 1134 2298 1158 ‚

585 1200 745 1284 quin
762 1248 778 1275 ‚
800 1200 987 1284 prius
1014 1198 1084 1261 in
1114 1220 1316 1263 cursu
1346 1198 1403 1262 si
1431 1219 1572 1261 non
1600 1196 1992 1262 accenditur
2016 1199 2154 1283 igni
2172 1247 2187 1270 ‚

560 1317 653 1379 'at
681 1313 1020 1399 tepefacta
1047 1321 1273 1377 tamen
1302 1313 1530 1378 veniat
1557 1312 1917 1376 commixta
1944 1312 2197 1377 calore.

665 1428 1007 1494 Mobilitas
1037 1438 1259 1492 autem
1285 1428 1362 1491 fit
1386 1426 1677 1491 fulminis
1710 1435 1779 1491 et
1805 1428 2032 1512 gravis
2060 1427 2236 1492 ictus
2253 1478 2268 1502 ‚

586 1551 655 1608 et
683 1545 883 1608 celeri
910 1543 1116 1607 ferme
1144 1552 1551 1630 percurrunt
1578 1540 1854 1606 fulmina
1879 1541 2073 1627 lapsu
2094 1591 2112 1618 ‚

432 1675 527 1720 325
582 1658 871 1723 nubibus
898 1660 1048 1744 ipsa
1078 1656 1264 1743 quod
1293 1657 1563 1721 omnino
1590 1657 1779 1743 prius
1806 1656 2011 1720 incita
2039 1678 2113 1720 se
2142 1658 2244 1721 vis

585 1774 835 1859 colligit
866 1782 934 1837 et
963 1793 1271 1858 magnum
1301 1792 1623 1836 conamen
1652 1772 1854 1835 sumit
1883 1770 2084 1834 eundi
2101 1819 2118 1845 ‚

582 1886 741 1950 inde
770 1887 884 1951 ubi
912 1909 1049 1974 non
1077 1888 1300 1974 potuit
1327 1887 1542 1952 nubes
1572 1907 1814 1974 capere
1842 1887 2087 1973 inpetis
2119 1893 2384 1950 auctum
2405 1937 2419 1961 ‚

587 2003 976 2088 exprimitur
1003 2001 1105 2065 vis
1136 2010 1342 2087 atque
1370 2001 1526 2066 ideo
1556 2001 1744 2066 volat
1770 2001 2014 2085 impete
2043 2001 2209 2065 miro
2228 2050 2244 2075 ‚

585 2123 665 2181 ut
690 2116 929 2181 validis
961 2137 1132 2201 quae
1165 2115 1250 2180 de
1279 2118 1632 2181 tormentis
1660 2117 1866 2180 missa
1891 2115 2202 2180 feruntur
2219 2165 2232 2179 .

429 2247 526 2293 330
579 2230 758 2296 adde
789 2230 975 2316 quod
1006 2253 1043 2295 e
1070 2232 1300 2318 parvis
1331 2239 1400 2295 et
1425 2231 1686 2297 levibus
1717 2238 1824 2295 est
1852 2232 2193 2295 elementis
2211 2280 2226 2307 ,

585 2368 711 2409 nec
738 2346 1000 2411 facilest
1026 2347 1145 2411 tali
1171 2354 1453 2410 naturae
1483 2347 1817 2431 opsistere
1848 2347 2236 2431 quicquam:

582 2462 759 2525 inter
789 2462 961 2525 enim
986 2461 1158 2547 fugit
1185 2482 1265 2525 ac
1291 2468 1607 2547 penetrat
1634 2482 1756 2547 per
1790 2481 1946 2524 rara
1971 2462 2226 2526 viarum
2244 2510 2260 2536 ‚

586 2597 725 2639 non
753 2577 957 2662 igitur
984 2576 1207 2641 multis
1237 2576 1601 2641 offensibus
1628 2576 1698 2639 in
1725 2575 2128 2640 remorando

586 2690 879 2755 haesitat
895 2740 910 2766 ,
932 2691 1109 2754 hanc
1140 2692 1226 2755 ob
1255 2713 1397 2756 rem
1427 2692 1629 2755 celeri
1655 2691 1842 2755 volat
1865 2690 2114 2776 impete
2141 2690 2377 2755 labens
2396 2742 2410 2755 .

431 2819 527 2865 335
587 2802 766 2867 adde
797 2805 985 2890 quod
1013 2807 1280 2870 omnino
1310 2815 1553 2870 natura
1580 2804 1887 2890 pondera
1917 2803 2234 2869 deorsum

590 2921 809 2984 omnia
834 2922 1139 2985 nituntur
1156 2970 1172 2997 ,
1196 2943 1344 2985 cum
1374 2922 1644 3008 plagast
1671 2919 1906 2984 addita
1932 2940 2096 2983 vero
2116 2968 2132 2994 ‚

586 3036 920 3100 mobilitas
951 3035 1329 3121 duplicatur
1359 3043 1429 3100 et
1453 3037 1742 3123 impetus
1769 3035 1880 3099 ille
1908 3036 2275 3120 gravescit,

586 3157 663 3213 ut
690 3152 1060 3215 vementius
1091 3164 1160 3215 et
1188 3152 1384 3215 citius
1414 3171 1589 3235 quae
1623 3171 1908 3235 cumque
1936 3157 2283 3214 morantur

591 3266 790 3329 obvia
819 3265 1135 3330 discutiat
1161 3265 1375 3353 plagis
1404 3266 1734 3350 itinerque
1764 3271 2119 3350 sequatur.

435 3394 532 3441 340
591 3378 880 3463 (lenique
912 3379 1099 3465 quod
1126 3381 1328 3465 longo
1358 3381 1543 3444 venit
1568 3381 1814 3467 impete
1835 3428 1850 3454 ,
1874 3401 2136 3443 sumere
2167 3378 2371 3445 debet

589 3493 1020 3559 mobilitatem
1051 3496 1246 3559 etiam
1276 3503 1479 3580 atque
1510 3495 1709 3558 etiam
1726 3544 1741 3570 ,
1765 3515 1939 3579 quae
1968 3496 2211 3559 crescit
2240 3495 2464 3558 eundo

593 3615 662 3671 et
687 3608 947 3673 validas
977 3618 1181 3696 auget
1208 3610 1368 3674 viris
1399 3619 1468 3673 et
1493 3610 1777 3674 roborat
1803 3610 2042 3675 ictum:

590 3744 746 3787 nam
773 3722 935 3789 facit
963 3733 1040 3790 ut
1071 3746 1240 3812 quae
1273 3725 1406 3789 sint
1432 3725 1606 3789 illius
1638 3724 1891 3788 semina
1918 3745 2203 3810 cumque

591 3859 628 3902 e
657 3840 933 3925 regione
961 3841 1177 3905 locum
1211 3840 1403 3924 quasi
1430 3840 1499 3903 in
1527 3861 1731 3903 unum
1762 3848 2005 3905 cuncta
2030 3839 2331 3905 ferantur
2349 3889 2364 3914 ‚

439 3969 535 4015 345
593 3955 813 4019 omnia
842 3956 1175 4019 coniciens
1204 3956 1271 4019 in
1304 3976 1451 4018 eum
1480 3955 1818 4019 volventia
1849 3977 2116 4019 cursum
2134 4005 2149 4031 ,
2249 4011 2265 4026 ,

600 4266 699 4313 318
735 4259 989 4314 iudoneat
1034 4263 1054 4331 ΙΙ
1103 4268 1201 4314 320
1246 4280 1313 4314 ex
1347 4281 1482 4333 quac
1515 4273 1700 4318 tantan
1749 4263 1770 4331 ΙΙ
1812 4269 1904 4316 321
1959 4281 2148 4316 cursus
2183 4280 2293 4316 non
2341 4263 2363 4330 ΙΙ
2411 4268 2510 4315 322
2545 4261 2738 4314 colore.
2781 4263 2798 4320 ΙΙ

600 4350 697 4398 323
737 4344 1007 4399 Nobilitas
1053 4347 1074 4413 ΙΙ
1125 4351 1221 4399 324
1259 4348 1336 4399 At
1371 4348 1393 4415 Η
1430 4355 1655 4418 percunt
1690 4349 1710 4418 ΙΙ
1750 4353 1847 4400 335
1886 4345 2095 4399 Deinde
2134 4348 2155 4418 ΙΙ
2192 4345 2442 4400 deorum.
2481 4349 2504 4415 ΙΙ
2539 4351 2631 4398 336
2665 4342 2801 4413 plaga

602 4428 646 4480 si
682 4427 703 4497 ΙΙ
744 4434 843 4483 344
879 4429 1153 4499 regionem
