3042 5192
592 455 730 523 150
1638 453 1764 521 IIII

393 647 526 693 1080
595 630 898 714 corporis
916 677 932 703 ,
954 635 1024 692 et
1053 626 1291 691 dentes
1320 625 1608 691 inlidunt
1637 647 1840 714 saepe
1869 627 2126 692 labellis
2143 677 2158 704 ‚

589 744 950 830 osculaque
982 741 1309 828 adfligunt
1327 790 1342 816 ‚
1368 742 1524 827 quia
1553 762 1692 805 non
1723 749 1827 806 est
1855 763 2027 829 pura
2052 742 2370 830 voluptas

592 867 660 922 et
690 859 933 922 stimuli
962 860 1250 922 subsunt
1266 907 1282 933 ‚
1307 858 1423 942 (1111
1449 857 1776 943 instigant
1803 855 2072 921 laedere
2100 857 2172 921 id
2199 859 2419 945 ipsum
2438 911 2453 930 ,

589 973 775 1058 quod
806 995 1089 1058 cumque
1120 981 1225 1037 est
1242 1022 1257 1048 ,
1279 974 1500 1038 rabies
1530 971 1712 1035 unde
1739 972 1929 1036 illaec
1958 973 2258 1058 germina
2284 985 2574 1062 surgunt
2592 1028 2605 1040 .

591 1088 713 1153 sed
740 1089 976 1152 leviter
1003 1109 1262 1177 poenas
1290 1086 1540 1174 frangit
1566 1086 1803 1152 Venus
1831 1088 2008 1151 inter
2036 1109 2328 1153 amorem
2346 1139 2362 1164 ‚

401 1218 530 1265 1085
594 1203 978 1289 blandaque
1006 1204 1306 1268 refrenat
1332 1225 1599 1267 morsus
1630 1201 1927 1266 admixta
1952 1202 2301 1290 voluptas.

586 1341 873 1404 namque
902 1320 971 1383 in
1002 1341 1081 1383 eo
1115 1340 1272 1406 spes
1304 1327 1441 1396 est,
1461 1318 1645 1382 unde
1676 1330 1780 1382 est
1807 1315 2072 1381 ardoris
2101 1319 2289 1404 origo
2308 1367 2324 1395 ‚

590 1435 915 1520 restingui
947 1455 1216 1520 quoque
1244 1455 1450 1519 posse
1480 1434 1568 1497 ab
1598 1432 1835 1497 eodem
1866 1453 2152 1517 corpore
2180 1432 2506 1499 flammam
2525 1486 2539 1499 .

595 1548 782 1633 quod
808 1549 951 1613 fieri
982 1555 1220 1613 contra
1245 1555 1462 1613 totum
1490 1558 1735 1613 natura
1763 1555 2125 1634 repugnat:

592 1685 859 1749 unaque
886 1685 996 1728 res
1023 1663 1192 1728 haec
1222 1671 1328 1728 est
1344 1713 1360 1740 ‚
1384 1664 1571 1727 cuius
1604 1685 1739 1748 (1110
1767 1683 1960 1748 mage
1988 1662 2272 1749 plurima
2297 1663 2626 1732 habemus
2646 1717 2660 1736 ,

401 1795 533 1841 1090
598 1786 735 1843 tam
762 1781 973 1865 magis
1003 1778 1299 1843 ardescit
1329 1778 1477 1843 dira
1504 1778 1883 1866 cuppedine
1911 1784 2150 1864 pectus
2170 1828 2186 1843 .

592 1916 748 1959 nam
776 1896 963 1961 cibus
993 1903 1195 1980 atque
1224 1916 1416 1958 umor
1444 1894 1756 1958 membris
1787 1891 2159 1956 adsumitur
2185 1894 2397 1962 intus:

598 2030 769 2095 quae
801 2011 1112 2095 quoniam
1143 2017 1363 2074 certas
1392 2016 1685 2098 possunt
1712 2006 2024 2074 obsidere
2053 2009 2268 2095 partis
2288 2058 2303 2086 ,

593 2123 727 2188 hoc
754 2124 947 2189 facile
978 2125 1285 2213 expletur
1313 2125 1585 2189 laticum
1611 2124 2014 2209 frugumque
2044 2122 2326 2210 cupido:

596 2260 680 2302 ex
705 2239 992 2304 hominis
1023 2261 1186 2304 vero
1216 2239 1385 2304 facie
1414 2240 1835 2325 pulchroque
1866 2238 2093 2302 colore

404 2369 532 2415 1095
595 2354 690 2417 1111
720 2353 918 2419 datur
944 2356 1015 2417 in
1045 2376 1293 2442 corpus
1320 2362 1592 2443 praeter
1622 2353 1974 2417 simulacra
1999 2351 2356 2418 fruendum

594 2470 853 2546 tenviar,
879 2491 1051 2554 quae
1079 2478 1367 2535 mentem
1396 2491 1555 2558 spes
1584 2476 1815 2555 raptat
1844 2489 2048 2555 saepe
2075 2468 2332 2533 misella
2349 2518 2363 2531 .

593 2590 673 2647 ut
698 2584 928 2650 bibere
955 2586 1025 2648 in
1055 2587 1304 2650 somnis
1336 2586 1566 2649 sitiens
1598 2605 1802 2670 quom
1832 2584 2126 2669 quaerit,
2150 2591 2219 2647 et
2245 2604 2436 2647 umor

594 2720 734 2762 non
763 2698 960 2763 datur
977 2749 992 2777 ,
1017 2700 1326 2765 ardorem
1357 2701 1471 2787 qui
1497 2700 1810 2763 membris
1841 2700 2183 2784 stinguere
2209 2699 2430 2786 possit
2447 2748 2463 2770 ‚

599 2812 722 2877 sed
748 2813 1019 2879 laticum
1049 2817 1399 2881 simulacra
1427 2817 1600 2902 petit
1627 2815 2018 2898 frustraque
2047 2813 2313 2879 laborat

405 2945 534 2991 1100
599 2928 668 2992 in
697 2928 1051 3016 medioque
1082 2931 1222 2996 sitit
1252 2931 1539 2995 torrenti
1567 2930 1833 2993 flumine
1862 2935 2111 3016 potans
2132 2978 2147 3004 ,

598 3046 694 3109 sic
722 3044 792 3108 in
821 3067 1046 3111 amore
1074 3046 1310 3111 Venus
1342 3046 1708 3110 simulacris
1736 3044 1908 3109 ludit
1936 3045 2215 3109 amantis
2235 3094 2249 3118 ‚

593 3182 721 3225 nec
752 3163 997 3227 satiare
1030 3170 1285 3248 queunt
1315 3160 1688 3250 spectando
1722 3182 2010 3247 corpora
2039 3181 2263 3224 coram
2281 3209 2296 3235 ‚

596 3298 723 3340 nec
749 3279 1054 3342 manibus
1085 3280 1441 3364 quicquam
1468 3276 1719 3341 teneris
1749 3273 2076 3339 abradere
2103 3275 2415 3338 membris

596 3401 886 3479 possunt
916 3401 1215 3457 errantes
1242 3393 1480 3456 incerti
1509 3413 1797 3480 corpore
1824 3398 1975 3455 toto
1995 3440 2008 3453 .

406 3522 533 3568 1105
599 3504 887 3591 denique
918 3529 1065 3571 cum
1092 3509 1402 3572 membris
1433 3508 1715 3571 conlatis
1744 3506 1910 3571 flore
1942 3505 2256 3570 fruuntur

601 3622 840 3685 aetatis
859 3672 874 3698 ‚
896 3623 1025 3686 iam
1056 3645 1204 3686 cum
1231 3625 1573 3711 praesagit
1601 3620 1846 3708 gaudia
1876 3642 2124 3706 00111113

599 3743 802 3822 atque
830 3737 899 3801 in
931 3746 1081 3802 eost
1108 3737 1343 3803 Venus
1373 3747 1450 3803 ut
1476 3738 1823 3803 muliebria
1852 3743 2168 3801 conserat
2197 3757 2359 3799 arva
2377 3784 2392 3810 ‚

601 3850 905 3938 adfigunt
934 3853 1128 3919 avide
1160 3876 1406 3940 corpus
1434 3855 1852 3939 iunguntque
1882 3851 2126 3916 salivas

601 3968 739 4031 oris
772 3975 840 4032 et
866 3969 1198 4054 inspirant
1225 3977 1617 4056 pressantes
1650 3968 1962 4032 dentibus
1993 3988 2114 4030 ora
2132 4015 2146 4038 ,

409 4098 535 4144 1110
600 4104 685 4145 ne
719 4084 1031 4168 quiquam
1051 4133 1066 4158 ‚
1096 4086 1409 4170 quoniam
1434 4085 1530 4149 nil
1558 4083 1713 4148 inde
1745 4082 2073 4148 abradere
2104 4090 2392 4168 possunt

614 4364 740 4412 1083
780 4358 898 4413 illae
936 4359 956 4428 ΙΙ
985 4357 1124 4413 ’1085
1162 4360 1339 4413 frenat
1373 4363 1394 4430 ΙΙ
1441 4366 1566 4413 1089
1602 4363 1751 4415 0111113
1777 4360 2181 4431 quamplurima
2216 4361 2237 4428 ΙΙ
2280 4364 2409 4411 1096
2445 4365 2612 4411 vento
2650 4359 2671 4425 Η
2712 4362 2831 4410 1098

609 4444 830 4498 membri
