3042 5192
419 913 517 959 845

583 488 678 555 68
1667 489 1729 556 ΙΙ

578 683 865 749 corpora
892 662 1103 747 prima
1132 682 1398 727 manere
1418 710 1435 737 ‚
1457 663 1654 727 etiam
1682 672 1944 726 secreta
1971 664 2227 748 teporis

576 786 735 844 sunt
762 798 842 842 ac
870 776 1138 864 frigoris
1168 778 1436 842 omnino
1466 775 1799 863 calidique
1828 778 2100 862 vaporis
2117 827 2134 853 ‚

573 908 643 959 ct
672 893 897 959 sonitu
928 892 1158 957 sterila
1185 904 1255 958 et
1282 915 1448 957 suco
1478 893 1698 956 ieiuna
1722 892 2033 956 feruntur
2050 941 2066 968 ‚

574 1031 699 1073 nec
728 1008 977 1073 iaciunt
1004 1008 1210 1072 ullum
1240 1008 1522 1093 proprio
1555 1007 1640 1071 de
1670 1029 1960 1093 corpore
1991 1005 2268 1072 odorem
2290 1058 2303 1070 .

576 1126 751 1190 sicut
779 1124 1133 1189 amaracini
1161 1122 1481 1188 blandum
1508 1130 1904 1208 stactaeque
1931 1122 2260 1208 liquorem

448 1280 459 1289 -
574 1251 644 1305 ct
673 1237 865 1304 nardi
896 1238 1160 1315 florem,
1182 1246 1416 1304 nectar
1446 1239 1562 1324 qui
1593 1238 1867 1303 naribus
1895 1237 2114 1313 halat,

574 1377 723 1419 cum
752 1354 975 1418 facere
1003 1355 1315 1421 instituas
1334 1403 1350 1430 ‚
1373 1376 1521 1418 cum
1552 1354 1783 1439 primis
1815 1372 2139 1438 quaerere
2167 1373 2291 1437 par
2321 1361 2458 1425 est,

415 1488 515 1533 850
571 1490 708 1556 quo
739 1468 829 1533 ad
857 1469 1016 1533 licet
1043 1491 1122 1533 ac
1151 1469 1333 1554 potis
1367 1490 1439 1533 es
1469 1469 1766 1553 reperire
1786 1502 1800 1543 ,-
1822 1467 2136 1531 inolentis
2167 1466 2321 1530 olivi

409 2062 508 2107 855

401 2632 500 2680 860

397 3208 496 3255 865

390 3781 488 3827 870

568 1592 875 1649 naturam
892 1633 907 1660 ‚
934 1583 1181 1648 nullam
1211 1604 1384 1669 quae
1414 1584 1636 1647 mittat
1663 1584 1938 1647 naribus
1967 1604 2194 1646 auram
2212 1630 2229 1657 ‚

569 1720 769 1785 quam
798 1698 1061 1763 minime
1091 1707 1169 1762 ut
1196 1699 1413 1784 possit
1441 1698 1689 1762 mixtos
1717 1698 1786 1761 in
1818 1719 2104 1783 corpore
2135 1695 2385 1761 odores

567 1822 1070 1900 concoctosque
1101 1835 1223 1878 suo
1256 1821 1687 1879 contractans
1715 1812 2004 1898 perdere
2032 1813 2178 1877 viro
2197 1861 2212 1888 ‚

564 1937 847 2015 propter
876 1927 1154 1995 eandem
1184 1951 1326 1993 rem
1355 1928 1606 1993 debent
1633 1927 1998 2013 primordia
2026 1949 2250 1992 rerum

562 2066 700 2109 non
730 2043 1052 2110 adhibere
1082 2068 1275 2110 suum
1304 2042 1663 2131 gignundis
1690 2045 1895 2109 rebus
1925 2042 2200 2108 odorem
2218 2091 2233 2118 ‚

562 2181 686 2224 nec
716 2161 1011 2225 sonitum
1028 2210 1043 2237 ‚
1068 2161 1380 2246 quoniam
1408 2160 1501 2223 nil
1531 2159 1616 2224 ab
1646 2180 1718 2224 se
1745 2160 2010 2224 mittere
2037 2166 2326 2243 possunt
2343 2207 2360 2231 ‚

563 2297 689 2339 nec
720 2275 911 2339 simili
939 2276 1199 2339 ratione
1230 2296 1541 2361 saporem
1574 2273 1864 2359 denique
1895 2295 2292 2359 quemquam
2384 2287 2387 2290 ’

560 2411 685 2453 nec
714 2389 926 2473 frigus
955 2410 1173 2474 neque
1203 2390 1359 2453 item
1389 2388 1676 2453 calidum
1705 2387 2139 2473 tepidumque
2167 2410 2486 2474 vaporem
2506 2438 2520 2463 ‚

559 2510 816 2579 cetera3
841 2523 1013 2587 quae
1044 2524 1193 2565 cum
1222 2503 1317 2566 ita
1346 2510 1504 2565 sunt
1533 2510 1755 2566 tamen
1784 2511 1860 2565 ut
1887 2502 2192 2565 mortalia
2219 2512 2568 2579 constent,

554 2615 738 2680 molli
766 2617 981 2692 lenta,
1002 2616 1275 2702 fragosa
1301 2616 1483 2701 putri
1503 2664 1518 2690 ‚
1543 2636 1709 2680 cava
1737 2636 2026 2700 corpore
2054 2637 2208 2679 raro
2230 2665 2246 2691 ‚

556 2730 776 2795 omnia
803 2730 939 2795 sint
967 2753 1009 2796 a
1035 2730 1378 2816 principiis
1408 2730 1712 2794 seiuncta
1740 2738 2087 2794 necessest
2104 2778 2120 2805 ‚

550 2844 926 2910 inmortalia
954 2846 1012 2910 si
1040 2845 1349 2911 volumus
1379 2846 1782 2931 subiungere
1809 2845 2017 2910 rebus

552 2959 990 3027 fundamenta
1007 3011 1022 3039 ‚
1046 2962 1290 3048 quibus
1320 2962 1571 3026 nitatur
1604 2983 1859 3027 summa
1888 2961 2159 3038 salutis3

551 3097 637 3140 ne
667 3076 789 3143 tibi
817 3098 927 3142 res
956 3075 1239 3142 redeant
1267 3075 1356 3141 ad
1384 3077 1590 3141 nilum
1618 3077 1922 3143 funditus
1953 3098 2183 3141 omnes
2201 3127 2215 3140 .

635 3190 833 3257 Nunc
865 3214 943 3257 ca
974 3214 1145 3278 quae
1176 3194 1425 3258 sentire
1454 3192 1759 3258 videmus
1789 3214 2073 3278 cumque
2101 3202 2448 3256 necessest

551 3328 634 3370 ex
661 3307 1086 3372 insensilibus
1116 3314 1340 3371 tamen
1370 3308 1590 3370 omnia
1618 3307 1978 3371 confiteare

549 3421 890 3507 principiis
921 3428 1232 3485 constare
1252 3469 1265 3483 .
1289 3441 1509 3505 neque
1537 3418 1609 3482 id
1636 3420 2011 3484 manufesta
2037 3420 2333 3485 refutant

546 3557 672 3599 nec
704 3544 942 3599 contra
967 3541 1303 3620 pugnant,
1323 3533 1393 3596 in
1420 3504 1738 3618 promptu
1769 3535 2037 3620 cognita
2067 3556 2237 3619 quae
2268 3543 2457 3611 sunt,

547 3647 670 3714 sed
697 3649 905 3735 magis
934 3648 1082 3733 ipsa
1110 3669 1307 3712 manu
1339 3647 1596 3712 ducunt
1626 3655 1693 3712 et
1722 3647 2000 3712 credere
2031 3660 2284 3735 cogunt

545 3786 630 3828 ex
658 3763 1114 3837 insensilibus,
1138 3761 1327 3847 quod
1357 3761 1544 3838 dico,
1568 3763 1871 3828 animalia
1897 3764 2110 3850 gigni.

544 3879 792 3965 quippe
822 3875 1051 3941 videre
1083 3877 1239 3941 licet
1264 3877 1457 3941 vivos
1489 3878 1776 3943 existere
1803 3900 2078 3944 vermes

545 4002 844 4058 stercore
876 3992 961 4057 de
992 4001 1210 4057 taetro
1231 4042 1246 4068 ,
1269 4001 1580 4077 putorem
1610 4016 1760 4057 cum
1789 3995 1914 4058 sibi
1942 4003 2143 4059 nacta
2172 4004 2277 4059 est

542 4107 1025 4195 intempestivis
1055 4128 1139 4171 ex
1166 4107 1487 4171 imbribus
1516 4107 1742 4173 umida
1771 4109 2001 4187 tellus3

542 4315 597 4323 -—
624 4316 633 4321 .
658 4312 755 4320 -----
796 4314 941 4321 ---....-

547 4394 643 4440 845
683 4396 842 4440 etune
890 4386 910 4456 ΙΙ
961 4392 1060 4439 846
1098 4388 1371 4458 proprium
1411 4388 1431 4459 ΙΙ
1468 4394 1568 4441 850
1609 4388 1769 4454 Quod
1807 4388 1826 4458 ΙΙ
1864 4390 2042 4459 possis
2081 4387 2100 4457 ΙΙ
2139 4393 2235 4440 853
2274 4395 2575 4442 contractas
2612 4387 2633 4457 ΙΙ
2670 4394 2763 4440 854

542 4487 654 4525 rem
690 4478 956 4526 omium.
1007 4469 1027 4541 ΙΙ
1074 4476 1173 4523 860
1210 4470 1397 4524 Mollia
1442 4470 1462 4541 ΙΙ
1511 4478 1608 4525 867
1647 4474 1942 4527 consistare
1979 4473 2000 4545 ss
2035 4480 2312 4542 reputant.
2351 4470 2371 4539 ΙΙ
2410 4478 2508 4523 872
2546 4473 2716 4525 inacta
