3042 5192
624 434 761 501 158
1700 431 1766 497 V

618 629 752 693 quo
782 607 990 693 magis
1020 605 1130 669 hic
1158 606 1393 668 merito
1423 605 1622 668 nobis
1654 604 1821 668 deus
1853 625 2003 668 esse
2032 605 2299 671 videtur
2317 656 2333 680 ‚

503 740 566 787 20
619 744 703 786 ex
732 744 868 808 quo
897 743 1077 785 nunc
1109 721 1303 785 etiam
1331 740 1455 805 per
1483 739 1760 805 magnas
1791 717 2004 784 didita
2032 722 2251 805 gentis

618 836 839 901 dulcia
864 835 1279 922 permulcent
1307 835 1562 898 animos
1594 834 1843 899 solacia
1869 835 2081 899 vitae.

616 951 927 1016 Herculis
956 951 1280 1015 antistare
1309 956 1532 1013 autem
1562 950 1619 1013 si
1646 947 1829 1014 facta
1857 949 2126 1035 putabis
2145 997 2161 1023 ,

616 1067 880 1152 longius
911 1087 952 1129 a
978 1086 1141 1130 vera
1168 1063 1377 1128 multo
1407 1064 1667 1128 ratione
1695 1063 1913 1128 ferere
1932 1114 1945 1127 .

616 1179 780 1267 quid
806 1180 1181 1245 Nemeaeus
1213 1180 1383 1242 enim
1414 1179 1610 1242 nobis
1636 1200 1818 1242 nunc
1847 1199 2124 1264 magnus
2153 1179 2376 1244 hiatus

506 1313 568 1359 25
619 1296 729 1359 ille
760 1294 973 1359 leonis
1004 1295 1281 1358 obesset
1312 1299 1380 1356 et
1408 1293 1694 1357 horrens
1721 1292 2053 1357 Arcadius
2085 1315 2201 1357 sus
2219 1294 2251 1355 P

621 1409 910 1494 denique
934 1407 1105 1496 ⁴quid
1137 1407 1374 1472 Cretae
1403 1416 1639 1472 taurus
1668 1407 2105 1493 Lernaeaque
2134 1408 2347 1494 pestis

617 1523 843 1611 hydra
870 1522 1215 1587 venenatis
1245 1528 1482 1608 posset
1509 1522 1758 1586 vallata
1788 1522 2080 1586 colubris
2097 1523 2130 1583 P

621 1638 869 1724 quidve
898 1638 1267 1723 tripectora
1296 1644 1401 1700 ter
1429 1636 1672 1722 gemini
1700 1637 1801 1700 vis
1834 1636 2172 1724 Geryonai

621 1763 689 1818 et
716 1750 1064 1817 Diomedis
1095 1751 1250 1836 equi
1279 1752 1614 1838 spirantes
1643 1751 1916 1815 naribus
1944 1752 2164 1837 ignem
2183 1801 2198 1826 ‚

505 1887 563 1932 31
620 1868 953 1933 Thracam
983 1866 1456 1951 Bistoniasque
1485 1865 1721 1952 plagas
1752 1874 1956 1951 atque
1983 1866 2240 1930 Ismara
2265 1877 2545 1953 propter
2565 1920 2579 1934 .

503 2001 568 2046 30
621 1990 812 2047 tanto
844 2002 1048 2068 opere
1079 1980 1425 2045 officerent
1442 2029 1458 2057 ‚
1483 1989 1552 2045 et
1581 2002 1741 2045 aves
1773 1980 2171 2066 Stymphala
2200 1982 2497 2046 colentes
2515 1983 2548 2045 ἶ)

501 2115 564 2160 :32
615 2117 950 2182 aureaque
979 2095 1430 2182 Hesperidum
1460 2117 1740 2159 servans
1768 2094 2092 2180 fulgentia
2121 2096 2294 2159 mala
2312 2146 2325 2170 ‚

618 2233 818 2298 asper
838 2261 853 2288 ‚
876 2211 1119 2275 acerba
1144 2217 1343 2274 tuens
1362 2259 1379 2286 ‚
1399 2210 1665 2273 immani
1695 2230 1981 2294 corpore
2011 2231 2289 2296 serpens

619 2326 878 2392 arboris
908 2326 1252 2411 amplexus
1283 2325 1560 2412 stirpem
1589 2323 1755 2411 quid
1783 2322 2072 2408 denique
2102 2325 2375 2390 obesset

505 2459 568 2504 35
618 2449 902 2529 propter
929 2441 1314 2504 Atlanteum
1343 2440 1500 2504 litus
1531 2439 1904 2526 pelageque
1933 2461 2182 2503 sonora
2199 2488 2215 2514 ‚

618 2577 753 2641 quo
786 2577 1003 2642 neque
1032 2563 1267 2619 noster
1296 2553 1437 2619 adit
1467 2555 1822 2640 quisquam
1851 2576 1974 2618 nec
2002 2554 2331 2619 barbarus
2359 2555 2615 2620 audet?

617 2677 845 2734 cetera
876 2669 961 2734 de
990 2691 1238 2756 genere
1267 2670 1400 2734 hoc
1432 2691 1607 2754 quae
1638 2677 1799 2733 sunt
1825 2677 2146 2756 portenta
2172 2678 2520 2757 perempta
2537 2721 2553 2740 ,

619 2786 718 2849 sei
745 2806 885 2849 non
912 2786 1090 2850 victa
1117 2783 1344 2849 forent
1360 2834 1376 2860 ‚
1400 2783 1565 2870 quid
1592 2782 1864 2848 tandem
1893 2785 2047 2848 viva
2072 2786 2447 2850 nocerent?

615 2900 708 2964 nil
725 2948 741 2976 ‚
763 2907 841 2963 ut
869 2900 1142 2987 opinor:
1166 2901 1260 2964 ita
1287 2897 1377 2962 ad
1406 2899 1712 2963 satiatem
1740 2907 1924 2964 terra
1949 2899 2240 2964 ferarum

504 3032 567 3078 40
618 3036 796 3079 nunc
825 3015 1025 3078 etiam
1055 3015 1253 3079 scatit
1281 3021 1349 3078 et
1377 3013 1645 3098 trepido
1677 3022 1937 3078 terrore
1966 3014 2226 3101 repleta
2256 3025 2362 3081 est

616 3152 738 3217 per
766 3150 1041 3193 nemora
1069 3150 1148 3192 ac
1176 3137 1440 3193 montes
1468 3149 1750 3215 magnos
1779 3129 2115 3214 silvasque
2143 3130 2552 3217 profundas:

618 3266 792 3331 quae
819 3244 971 3308 loca
1000 3242 1258 3308 vitandi
1284 3243 1680 3329 plerumque
1711 3251 1819 3307 est
1845 3251 2082 3308 nostra
2109 3253 2420 3331 potestas
2440 3297 2453 3310 .

615 3369 686 3424 at
714 3360 841 3424 nisi
868 3364 1298 3445 purgatumst
1324 3366 1564 3444 pectus
1582 3406 1598 3434 ‚
1623 3380 1796 3444 quae
1824 3358 2082 3444 proelia
2109 3361 2305 3425 nobis

615 3483 819 3559 atque
849 3472 1143 3560 pericula
1174 3479 1382 3536 tumst
1409 3473 1689 3558 ingratis
1717 3473 2222 3538 insinuandum!

502 3607 566 3651 45
621 3596 914 3674 quantae
947 3595 1087 3651 tum
1115 3587 1431 3651 scindunt
1456 3587 1792 3652 hominem
1822 3588 2219 3674 cuppedinis
2249 3611 2440 3654 aeres

617 3703 969 3767 sollicitum
1000 3723 1199 3766 curae
1217 3751 1233 3779 ‚
1258 3704 1628 3788 quantique
1656 3703 1937 3791 perinde
1968 3704 2276 3769 timores!

617 3816 866 3903 quidve
896 3818 1211 3905 superbia
1240 3819 1562 3905 spurcitia
1590 3840 1669 3883 ac
1697 3818 2120 3905 petulantia?
2150 3828 2439 3903 quantas

617 3932 914 3998 efficiunt
944 3931 1203 3997 clades!
1229 3932 1398 4018 quid
1424 3934 1623 3998 luxus
1655 3933 2086 4020 desidiaeque
2104 3935 2136 3996 P

615 4047 783 4112 haec
811 4049 1012 4134 igitur
1044 4048 1157 4133 qui
1187 4056 1431 4112 cuncta
1460 4049 1801 4134 subegerit
1831 4070 1916 4112 ex
1945 4050 2300 4134 animoque

625 4328 684 4373 31
718 4320 946 4373 Thracia
984 4321 1003 4392 ΙΙ
1043 4327 1107 4374 30
1144 4323 1300 4376 nobis
1336 4325 1607 4395 tymphala
1644 4325 1664 4394 ΙΙ
1702 4331 1764 4376 33
1790 4325 2015 4378 acerban
2040 4323 2061 4394 ΙΙ
2089 4330 2152 4377 34
2178 4326 2375 4396 stirpes
2403 4325 2424 4397 ΙΙ
2451 4330 2513 4376 35
2540 4326 2801 4378 atianeum

621 4404 901 4476 pelagique
938 4421 1150 4457 severa.
1187 4405 1210 4476 ΙΙ
1248 4411 1312 4458 38
1349 4407 1457 4460 Sed
1496 4411 1516 4479 n
1555 4409 1732 4461 vincta
1768 4408 1789 4476 ΙΙ
1826 4414 1890 4460 44
1928 4416 2055 4462 sunt
2091 4405 2111 4477 ΙΙ
2149 4415 2213 4460 45
2252 4407 2581 4479 cuppedines
