3042 5192
1347 422 1415 490 V
2361 434 2496 502 167

252 596 521 661 exitium
551 594 755 659 celeri
786 593 1044 660 celatur
1074 594 1327 680 origine
1356 595 1689 661 flammae.

250 712 343 776 sic
370 712 576 798 igitur
606 710 819 775 solem
847 709 1073 774 lunam
1103 710 1468 796 stellasque
1493 711 1938 799 putandumst

256 848 339 889 ex
368 825 502 890 alio
533 833 741 910 atque
771 824 903 889 alio
932 825 1149 889 lucem
1174 825 1425 890 iactare
1453 827 1739 894 subortu

246 947 313 1004 et
339 940 631 1028 primum
663 937 987 1024 quicquid
1014 938 1424 1006 flammarum
1451 940 1742 1029 perdere
1773 964 2072 1031 semper3

113 1074 194 1119 303
241 1053 652 1120 inviolabilia
676 1052 849 1118 haec
875 1074 963 1118 ne
992 1052 1232 1120 credas
1261 1055 1440 1121 forte
1467 1057 1695 1142 vigere
1714 1106 1728 1120 .

325 1168 645 1254 Denique
671 1189 813 1233 non
842 1167 1103 1256 lapides
1134 1191 1408 1256 quoque
1436 1171 1613 1236 vinci
1643 1173 1860 1239 cernis
1889 1174 1975 1238 ab
2005 1196 2172 1240 aevo
2193 1224 2208 1251 ‚

240 1305 380 1348 non
411 1283 587 1348 altas
614 1283 822 1349 turris
848 1299 1047 1348 ruere
1078 1292 1147 1348 et
1174 1291 1565 1372 putrescere
1594 1308 1760 1352 saxa
1776 1336 1793 1364 ‚

237 1420 379 1462 non
410 1397 699 1463 delubra
727 1396 926 1464 deum
955 1399 1440 1486 simulacraque
1467 1400 1652 1468 fessa
1677 1402 1929 1480 fatisci,

241 1533 366 1577 nec
397 1520 707 1577 sanctum
735 1534 984 1578 numen
1011 1513 1131 1579 fati
1160 1516 1531 1600 protollere
1557 1516 1709 1581 finis

109 1644 188 1692 310
236 1649 446 1716 posse
474 1648 696 1713 neque
725 1625 1055 1692 adversus
1082 1637 1366 1695 naturae
1394 1630 1678 1695 foedera
1706 1633 1830 1697 niti
1847 1632 1881 1695 Ρ

243 1742 535 1827 denique
564 1763 705 1805 non
729 1743 1138 1808 monimenta
1162 1745 1379 1810 virum
1409 1744 1674 1832 dilapsa
1697 1745 2001 1811 videmus
2020 1796 2035 1822 ,

243 1878 414 1942 quae
442 1856 593 1920 fore
621 1878 960 1944 proporro
988 1858 1405 1945 vetitumque
1435 1880 1790 1925 senescere
1821 1861 2060 1927 credas
2079 1911 2093 1936 ‚

238 1993 377 2035 non
404 1971 602 2035 ruere
632 1970 904 2037 avolsos
935 1972 1154 2037 silices
1183 1995 1224 2036 a
1250 1974 1591 2039 montibus
1620 1975 1774 2042 altis

238 2107 363 2149 nec
391 2084 653 2150 validas
683 2086 831 2150 aevi
857 2086 1036 2151 vires
1064 2087 1367 2174 perferre
1394 2089 1673 2176 patique

107 2216 188 2263 313
238 2200 405 2264 finiti
422 2199 456 2261 Ρ
475 2221 701 2286 neque
731 2200 904 2263 enim
935 2200 1259 2266 caderent
1286 2202 1519 2268 avolsa
1546 2210 1830 2290 repente
1848 2251 1865 2278 ‚

238 2337 319 2379 ex
343 2314 608 2379 infinito
641 2335 814 2400 quae
844 2323 1146 2403 tempore
1174 2316 1712 2403 pertolerassent

236 2430 456 2494 omnia
482 2436 825 2493 tormenta
852 2430 1093 2494 aetatis
1111 2479 1127 2508 ‚
1148 2432 1416 2517 privata
1441 2429 1712 2516 fragore
1732 2480 1746 2493 .

310 2542 625 2628 Denique
653 2544 784 2607 iam
812 2551 1000 2609 tuere
1028 2544 1162 2608 hoc
1179 2593 1195 2620 ‚
1220 2545 1467 2609 circum
1495 2565 1835 2632 supraque
1868 2545 2054 2631 quod
2083 2569 2344 2612 omnem

237 2658 534 2722 continet
563 2657 877 2744 amplexu
903 2665 1183 2722 terram:
1207 2658 1262 2723 si
1291 2666 1610 2744 procreat
1639 2681 1724 2723 ex
1752 2682 1826 2724 se

106 2786 186 2834 320
239 2771 492 2848 omnia,
516 2769 708 2857 quod
738 2770 1007 2857 quidam
1035 2780 1440 2850 memorant,
1462 2775 1835 2861 recipitque
1862 2786 2212 2863 perempta
2230 2827 2245 2854 ‚

232 2893 449 2950 totum
474 2885 775 2950 nativum
801 2886 1067 2952 mortali
1096 2908 1382 2974 corpore
1411 2895 1681 2953 constat
1699 2937 1712 2951 .

234 3021 383 3064 nam
416 2998 608 3085 quod
636 3022 920 3087 cumque
950 3001 1114 3066 alias
1144 3022 1229 3065 ex
1256 3023 1331 3065 se
1357 3023 1468 3067 res
1497 3011 1702 3089 auget
1729 3003 1979 3089 alitque
1998 3053 2013 3080 ‚

234 3113 523 3179 deminui
556 3113 761 3180 debet
778 3164 794 3192 ,
817 3116 1139 3192 recreari,
1164 3137 1313 3184 cum
1341 3118 1583 3205 recipit
1609 3140 1719 3183 res
1739 3168 1752 3181 .

310 3229 681 3294 Praeterea
708 3231 766 3294 si
792 3230 977 3295 nulla
1003 3229 1129 3295 fuit
1155 3232 1464 3316 genitalis
1496 3234 1685 3317 origo

108 3358 187 3404 325
234 3351 562 3409 terrarum
591 3352 661 3408 et
689 3345 854 3408 caeli
883 3366 1281 3433 semperque
1312 3354 1587 3411 aeterna
1612 3345 1802 3410 fuere
1820 3395 1837 3422 ‚

236 3480 349 3523 cur
377 3481 629 3547 supera
658 3460 903 3525 bellum
935 3459 1332 3524 Thebanum
1362 3469 1430 3525 et
1457 3460 1695 3525 funera
1723 3461 1969 3526 Troiae

230 3595 363 3638 non
392 3575 563 3639 alias
590 3574 701 3639 alii
730 3595 1001 3660 quoque
1026 3593 1139 3638 res
1169 3575 1470 3639 cecinere
1499 3582 1743 3662 poetae
1760 3575 1792 3638 P

234 3711 361 3774 quo
391 3697 501 3755 tot
528 3689 711 3752 facta
738 3688 951 3752 virum
982 3688 1235 3752 totiens
1266 3688 1571 3754 cecidere
1598 3711 1819 3775 neque
1849 3709 2132 3775 usquam

235 3805 522 3868 aeternis
552 3800 769 3866 famae
799 3801 1221 3866 monimentis
1249 3804 1450 3869 insita
1476 3803 1773 3869 florent?

107 3927 186 3976 330
232 3938 457 3982 verum
474 3967 490 3995 ,
512 3924 593 3981 ut
622 3916 865 4003 opinor
884 3964 900 3992 ‚
920 3916 1133 3981 habet
1158 3918 1529 3983 novitatem
1558 3939 1813 3983 summa
1829 3967 1845 3993 ‚
1867 3938 2240 4003 recensque

236 4040 540 4098 naturast
565 4028 803 4096 mundi
832 4053 1053 4117 neque
1084 4030 1346 4118 pridem
1376 4031 1659 4098 exordia
1687 4033 1866 4120 cepit
1883 4081 1897 4095 .

242 4232 330 4279 301
370 4226 637 4280 celeratur
691 4229 714 4295 ΙΙ
770 4234 869 4281 302
906 4229 1226 4300 putandum.
1282 4231 1304 4298 ΙΙ
1360 4237 1458 4283 304
1497 4228 1754 4299 quidquid
1799 4229 1820 4297 ΙΙ
1866 4233 1965 4280 310
2001 4226 2276 4280 foedet-ant
2313 4228 2334 4296 ΙΙ
2373 4231 2469 4278 312

246 4307 507 4372 Quaerere
543 4312 565 4379 ΙΙ
603 4311 710 4365 sibi
747 4329 973 4382 cumque
1009 4313 1031 4381 ΙΙ
1070 4318 1167 4364 318
1206 4330 1392 4367 omne.
1439 4313 1459 4382 ΙΙ
1498 4319 1597 4364 326
1635 4311 1822 4366 funara
1863 4311 1885 4379 ΙΙ
1921 4316 2018 4362 327
2057 4311 2124 4362 ali
2163 4311 2184 4378 ΙΙ
2220 4316 2314 4362 331
2357 4309 2470 4361 Na-

245 4405 355 4449 ture
388 4396 627 4451 mimdist
