3042 5192
601 447 740 516 148
1661 446 1788 514 ΠΠ

589 621 777 686 multi
806 620 892 684 de
921 622 1177 708 magnis
1206 642 1331 707 per
1362 641 1666 685 somnum
1694 619 1878 682 rebu’
1906 618 2279 704 loquuntur
2298 669 2314 695 ‚

591 735 973 820 indicioque
1004 737 1107 800 sui
1133 735 1296 800 facti
1328 756 1658 822 persaepe
1687 732 1908 797 fuere.

292 836 299 843 ⁸
399 868 525 914 1020
588 851 775 915 multi
803 858 1087 914 mortem
1118 851 1371 915 obeunt
1389 900 1402 913 .
1427 850 1616 914 multi
1634 898 1650 924 ,
1676 848 1761 911 de
1790 847 2130 912 montibus
2160 850 2314 913 altis

588 973 666 1030 ut
696 966 812 1051 qui
839 966 1286 1052 praecipitent
1315 964 1407 1029 ad
1431 973 1682 1029 terram
1712 983 1998 1048 corpore
2035 970 2184 1027 toto
2204 1014 2220 1039 ‚

593 1088 1030 1145 externantur
1047 1129 1063 1157 ‚
1088 1088 1157 1145 et
1186 1102 1271 1144 ex
1300 1099 1536 1143 somno
1568 1079 1761 1163 quasi
1789 1078 2102 1142 mentibu'
2134 1080 2313 1165 capti

590 1196 706 1260 vix
735 1194 825 1259 ad
855 1216 928 1259 se
956 1194 1280 1271 redeunt,
1301 1194 1592 1280 permoti
1621 1193 1926 1279 corporis
1954 1201 2148 1257 aestu
2166 1243 2182 1256 .

590 1310 834 1375 flumen
862 1310 1022 1374 item
1052 1310 1282 1375 sitiens
1313 1316 1428 1373 aut
1456 1306 1713 1372 fontem
1739 1316 2023 1394 propter
2050 1329 2400 1373 amoenum

398 1442 524 1488 1025
590 1421 859 1488 adsidet
889 1431 955 1487 et
981 1431 1200 1487 totum
1226 1444 1442 1509 prope
1470 1422 1779 1487 faucibus
1810 1431 2103 1508 occupat
2130 1443 2386 1487 amnem
2408 1475 2424 1487 .

587 1539 740 1625 puri
767 1558 970 1624 saepe
998 1538 1215 1602 lacum
1241 1545 1527 1624 propter
1556 1538 1654 1601 sei
1682 1558 1762 1601 ac
1793 1536 1974 1601 dolia
2002 1544 2197 1603 curta

590 1675 827 1719 somno
860 1651 1152 1717 devincti
1183 1651 1469 1716 credunt
1497 1673 1572 1716 se
1604 1651 1926 1716 extollere
1954 1660 2210 1717 vestem
2229 1703 2245 1729 ,

590 1769 799 1832 totius
827 1789 1124 1832 umorem
1154 1774 1495 1832 saccatum
1523 1767 1810 1853 corpori’
1838 1766 2132 1831 fundunt
2150 1816 2166 1843 ‚

591 1904 739 1945 cum
766 1881 1183 1969 Babylonica
1207 1881 1559 1968 magnifico
1590 1880 1952 1968 splendore
1981 1883 2318 1968 rigantur.

397 2014 526 2062 1030
591 2004 733 2061 tum
765 1997 1006 2082 quibus
1037 1998 1277 2062 aetatis
1303 1996 1479 2061 freta
1505 1997 1809 2082 primitus
1838 1998 2212 2062 insinuatur

588 2133 813 2176 semen
832 2161 848 2188 ,
869 2112 985 2178 ubi
1013 2113 1161 2197 ipsa
1190 2110 1334 2175 dies
1362 2112 1676 2175 membris
1703 2119 1967 2176 matura
1996 2113 2246 2177 creavit
2263 2162 2280 2188 ‚

590 2227 1001 2291 conveniunt
1029 2226 1380 2291 simulacra
1405 2226 1573 2291 foris
1604 2247 1640 2289 e
1672 2248 1961 2312 corpore
1991 2226 2285 2312 quodam
2302 2276 2318 2302 ‚

589 2344 822 2407 nuntia
848 2343 1174 2429 praeclari
1203 2341 1430 2406 voltus
1458 2340 1861 2427 pulchrique
1892 2342 2137 2407 coloris
2155 2391 2172 2417 ‚

591 2459 707 2543 qui
735 2458 869 2521 ciet
895 2457 1177 2521 inritans
1203 2457 1357 2521 loca
1381 2454 1654 2541 turgida
1682 2457 1931 2520 semine
1957 2457 2169 2522 multo
2189 2507 2205 2533 ‚

396 2588 523 2635 1035
588 2580 664 2636 ut
694 2573 886 2658 quasi
916 2571 1272 2636 transactis
1303 2592 1507 2656 saepe
1543 2572 1830 2635 omnibu’
1857 2572 2043 2635 rebu'
2071 2571 2490 2658 profundant

587 2686 871 2750 fluminis
898 2686 1189 2772 ingentis
1217 2685 1461 2750 fluctus
1489 2695 1884 2772 vestemque
1914 2693 2268 2751 cruentent
2285 2735 2301 2750 .

673 2800 1085 2865 Sollicitatur
1112 2798 1183 2863 id
1215 2822 1251 2864 e
1280 2800 1476 2865 nobis
1495 2849 1510 2877 ,
1536 2799 1722 2886 quod
1756 2800 2041 2865 diximus
2072 2809 2230 2865 ante
2249 2851 2265 2877 ,

588 2936 815 2980 semen
834 2964 850 2991 ‚
873 2913 1107 2979 adulta
1134 2922 1320 2980 aetas
1352 2937 1502 2979 cum
1530 2917 1814 3001 primum
1843 2917 2123 2981 roborat
2151 2923 2341 2979 artus
2361 2966 2375 2978 .

587 3051 873 3116 namque
904 3030 1066 3094 alias
1096 3024 1277 3095 aliud
1304 3052 1416 3095 res
1446 3037 1822 3094 commovet
1851 3038 2056 3116 atque
2083 3030 2388 3096 lacessit:

391 3163 522 3210 1040
588 3167 673 3210 ex
703 3145 970 3212 homine
997 3144 1358 3209 humanum
1387 3166 1616 3209 semen
1646 3145 1778 3208 ciet
1804 3167 1940 3209 una
1965 3145 2253 3210 hominis
2279 3145 2382 3208 vis
2401 3193 2415 3209 .

590 3259 775 3345 quod
805 3261 998 3324 simul
1028 3268 1231 3345 atque
1262 3260 1399 3323 suis
1433 3259 1714 3323 eiectum
1744 3258 2018 3324 sedibus
2050 3261 2220 3337 exit,

584 3395 708 3460 per
736 3376 1031 3441 membra
1059 3382 1263 3460 atque
1291 3381 1479 3438 artus
1511 3372 1782 3438 decedit
1812 3395 2098 3459 corpore
2127 3382 2276 3439 toto
2296 3422 2312 3448 ‚

586 3488 655 3551 in
681 3488 832 3552 loca
861 3489 1263 3553 conveniens
1292 3510 1654 3553 nervorum
1683 3495 1901 3566 certa,
1932 3490 2194 3575 cietque

588 3602 905 3667 continuo
935 3604 1149 3690 partis
1179 3604 1483 3688 genitalis
1515 3603 1820 3688 corporis
1847 3604 2032 3692 ipsas
2049 3654 2063 3667 .

394 3734 522 3780 1045
586 3718 858 3782 inritata
884 3725 1144 3782 tument
1170 3718 1323 3783 loca
1350 3719 1600 3783 semine
1619 3717 1873 3802 ,fitque
1900 3717 2213 3784 voluntas

587 3832 801 3897 eicere
829 3833 900 3898 id
931 3854 1065 3919 quo
1098 3855 1171 3898 se
1202 3832 1550 3897 contendit
1579 3832 1725 3897 dira
1751 3832 1982 3897 lubido
2000 3882 2017 3910 ‚

390 3960 520 4008 1048
584 3946 789 4033 idque
818 3950 991 4035 petit
1021 3970 1267 4035 corpus
1286 3997 1302 4024 ‚
1324 3970 1511 4013 mens
1541 3948 1723 4012 unde
1753 3956 1859 4014 est
1883 3950 2114 4014 saucia
2142 3969 2399 4013 amore:

922 4164 992 4171 ——-

592 4262 720 4310 1022
757 4256 1113 4314 Exterruntur
1158 4263 1179 4332 ΙΙ
1231 4266 1364 4313 1026
1401 4261 1571 4313 18011111
1608 4261 1629 4330 ΙΙ
1666 4278 1725 4312 80
1761 4260 1782 4329 ΙΙ
1833 4265 1960 4312 1032
1999 4274 2235 4329 quoque.
2285 4257 2307 4326 ΙΙ
2356 4261 2485 4309 1033
2526 4256 2760 4309 colores.
2796 4251 2817 4320 ΙΙ

589 4345 718 4393 1034
760 4339 910 4404 Quae
959 4342 979 4411 ΙΙ
1031 4350 1159 4397 1035
1199 4343 1274 4396 Et
1317 4343 1338 4411 ΙΙ
1389 4347 1519 4395 1036
1555 4351 1820 4397 cruentet.
1871 4343 1893 4412 ΙΙ
1944 4348 2073 4397 1037
2113 4349 2431 4397 comis-sum.
2482 4341 2504 4408 ΙΙ
2557 4345 2687 4394 1038
2722 4336 2817 4390 ad-

583 4426 693 4478 vita
728 4427 749 4496 ΙΙ
790 4432 1185 4483 1047=1034.
