3042 5192
90 1101 195 1146 1115

82 1675 193 1720 1120

81 2246 187 2292 1125

78 2819 181 2866 1130

76 3393 178 3439 1135

76 3965 175 4012 1140

1329 450 1454 520 1111

259 645 384 687 nec
408 630 777 710 penetrare
809 630 878 687 et
907 623 1091 687 abire
1117 622 1187 686 in
1216 644 1462 711 corpus
1491 645 1778 710 corpore
1809 634 1990 692 toto:

258 760 409 802 nam
452 738 681 802 faeere
710 739 885 803 inter
915 736 1075 802 dum
1103 737 1274 802 velle
1307 744 1375 803 et
1403 727 1664 803 certare
1693 740 2007 806 videntur
2025 791 2038 804 .

255 875 475 939 usque
503 852 682 917 adeo
714 851 958 938 cupide
986 853 1056 916 in
1084 850 1371 918 Veneris
1402 855 1837 940 compagibus
1865 855 2147 922 haerent
2166 906 2180 930 ‚

250 968 551 1033 membra
576 968 948 1054 voluptatis
979 966 1139 1031 dum
1167 969 1233 1032 vi
1261 967 1593 1033 labefacta
1619 969 1999 1054 liquescunt
2015 1021 2028 1036 .

254 1082 533 1147 tandem
560 1083 678 1147 ubi
707 1104 781 1147 se
814 1083 1033 1170 erupit
1058 1083 1284 1148 nervis
1314 1084 1622 1149 conlecta
1651 1083 1897 1170 cupido
1917 1134 1932 1160 ‚

252 1219 466 1286 parva
491 1197 571 1261 fit
598 1196 863 1262 ardoris
892 1198 1167 1263 violenti
1193 1219 1407 1285 pausa
1434 1219 1830 1284 parumper:

252 1312 407 1377 inde
435 1311 622 1377 redit
648 1312 870 1376 rabies
900 1310 1133 1376 eadem
1164 1319 1232 1376 et
1258 1312 1448 1377 furor
1475 1312 1586 1378 ille
1614 1314 1847 1378 revisit
1863 1362 1880 1389 ‚

251 1450 400 1492 cum
429 1428 562 1493 sibi
590 1424 757 1513 quid
785 1427 1058 1513 cupiant
1081 1428 1212 1514 ipsi
1243 1429 1632 1514 contingere
1665 1438 1996 1514 quaerunt
2012 1479 2027 1507 ‚

248 1565 374 1607 nec
403 1543 709 1628 reperire
735 1542 981 1607 malum
1009 1540 1082 1606 id
1107 1549 1399 1628 possunt
1429 1564 1603 1628 quae
1629 1543 1937 1608 machina
1965 1546 2217 1610 vincat.

249 1679 470 1744 usque
500 1656 675 1722 adeo
703 1657 942 1721 incerti
971 1656 1329 1721 tabescunt
1356 1657 1630 1721 volnere
1660 1679 1861 1722 caeco
1882 1708 1895 1722 .

329 1771 532 1836 Adde
563 1770 751 1858 quod
779 1773 1139 1836 absumunt
1165 1772 1327 1837 viris
1355 1780 1775 1858 pereuntque
1800 1773 2032 1839 labore
2051 1823 2066 1849 ‚

250 1887 429 1952 adde
462 1887 650 1974 quod
678 1887 952 1953 alterius
980 1887 1106 1950 sub
1134 1893 1303 1952 nutu
1334 1885 1601 1972 degitur
1630 1895 1816 1953 aetas
1833 1938 1847 1951 .

248 2001 496 2067 labitur
523 2003 781 2067 interea
810 2023 921 2066 res
952 2009 1021 2066 et
1046 2001 1464 2088 Babylonica
1487 2001 1660 2065 fiunt
1676 2050 1692 2078 ,

247 2116 570 2202 languent
596 2115 816 2181 officia
844 2124 1049 2202 atque
1079 2123 1389 2201 aegrotat
1413 2115 1592 2179 fama
1619 2100 1967 2180 vacillans.

248 2238 599 2317 argentum
631 2238 701 2295 et
725 2231 1012 2318 pulchra
1038 2231 1108 2294 in
1134 2229 1422 2317 pedibus
1453 2229 1770 2316 Sicyonia
1797 2229 2021 2294 rident
2039 2279 2053 2302 ‚

244 2346 500 2411 scilicet
516 2395 533 2421 ‚
558 2354 627 2410 et
655 2345 948 2432 grandes
976 2344 1174 2410 viridi
1203 2366 1353 2409 cum
1378 2345 1530 2408 luce
1559 2344 1896 2430 zmaragdi

240 2482 406 2525 auro
435 2460 875 2525 includuntur
891 2510 907 2538 ‚
928 2462 1303 2546 teriturque
1330 2459 1700 2524 thalassina
1724 2461 1934 2525 vestis

240 2574 527 2639 adsidue
560 2584 627 2640 et
654 2574 943 2640 Veneris
973 2574 1289 2640 sudorem
1320 2575 1613 2639 exercita
1640 2581 1837 2661 potat
1855 2623 1869 2638 .

242 2700 311 2754 et
334 2691 514 2754 bene
542 2697 742 2777 parta
768 2697 1037 2776 patrum
1063 2689 1234 2754 fiunt
1260 2687 1658 2753 anademata
1674 2737 1690 2763 ,
1711 2689 1948 2753 mitrae
1965 2739 1982 2765 ‚

237 2806 413 2869 inter
447 2804 607 2869 dum
635 2806 703 2868 in
728 2805 977 2890 pallam
1004 2812 1209 2890 atque
1239 2803 1563 2868 alideusia
1593 2802 1842 2889 Ciaque
1869 2811 2172 2869 vertunt.

235 2920 479 2983 eximia
504 2928 698 2984 veste
732 2928 800 2985 et
825 2920 1010 2984 victu
1038 2919 1343 2984 convivia
1359 2968 1374 2994 ‚
1396 2905 1676 3005 lychnis

233 3035 485 3120 pocula
514 3034 753 3099 crebra
770 3084 787 3111 ‚
807 3040 1153 3121 unguenta
1169 3082 1186 3108 ‚
1208 3054 1500 3099 coronae
1517 3083 1534 3109 ,
1557 3040 1740 3098 serta
1756 3082 1771 3109 ‚
1788 3041 2109 3119 parantur
2128 3082 2142 3106 ‚

233 3171 318 3214 ne
347 3151 673 3236 quiquam
689 3198 707 3225 ,
731 3149 1044 3235 quoniam
1072 3147 1293 3212 medio
1327 3147 1412 3212 de
1438 3147 1627 3212 fonte
1655 3147 1960 3234 leporum

234 3265 452 3350 surgit
478 3266 691 3329 amari
718 3265 954 3351 aliquit
970 3312 987 3340 ‚
1012 3261 1200 3349 quod
1225 3263 1295 3327 in
1322 3263 1488 3350 ipsis
1515 3262 1792 3327 floribus
1820 3269 2025 3347 angat
2042 3311 2056 3330 ,

235 3389 351 3444 aut
380 3402 532 3444 cum
563 3380 874 3444 conscius
901 3380 1047 3465 ipse
1078 3379 1336 3442 animus
1365 3399 1439 3442 se
1466 3376 1644 3442 forte
1672 3374 2013 3441 remordet

235 3493 577 3559 desidiose
606 3516 809 3581 agere
841 3502 1128 3560 aetatem
1157 3493 1522 3578 lustrisque
1552 3492 1806 3578 perire,

232 3619 346 3675 aut
376 3609 570 3697 quod
595 3612 667 3674 in
697 3611 1004 3696 ambiguo
1034 3609 1312 3675 verbum
1340 3607 1630 3672 iaculata
1655 3606 1924 3692 reliquit
1941 3655 1955 3680 ,

234 3725 417 3810 quod
448 3724 701 3812 cupido
733 3724 1029 3790 adfixum
1058 3722 1250 3788 cordi
1277 3721 1559 3786 vivescit
1584 3729 1661 3785 ut
1687 3721 1860 3806 ignis
1880 3769 1895 3796 ,

233 3849 345 3903 aut
372 3841 649 3904 nimium
676 3841 928 3904 iactare
958 3840 1192 3905 oculos
1221 3837 1502 3902 aliumve
1533 3835 1706 3900 tueri

234 3954 417 4040 quod
444 3963 648 4042 putat
672 3955 744 4019 in
770 3955 1093 4041 voltuque
1127 3952 1316 4018 videt
1338 3951 1623 4037 vestigia
1649 3950 1856 4014 risus.

2366 457 2495 525 151

244 4265 365 4310 1115
403 4261 651 4312 coniecta
698 4261 719 4329 ΙΙ
776 4265 904 4312 1118
940 4259 1083 4330 quod
1126 4261 1147 4330 ΙΙ
1199 4268 1322 4314 1121
1364 4263 1499 4315 utris
1539 4262 1557 4328 ΙΙ
1603 4267 1727 4313 1123
1769 4259 2052 4330 babylonia
2088 4261 2109 4327 ΙΙ
2153 4265 2278 4311 1124
2317 4260 2469 4331 vigil·

238 4340 372 4395 iam.
398 4342 420 4410 ΙΙ
464 4349 595 4395 1125
622 4343 917 4415 Unguenta
940 4345 962 4413 ΙΙ
994 4351 1122 4398 1129
1148 4345 1278 4398 flunt
1307 4346 1327 4414 ΙΙ
1360 4350 1487 4397 1130
1513 4342 1768 4397 alidensia
1793 4343 2012 4412 chiaque
2047 4343 2068 4410 ΙΙ
2112 4348 2232 4394 1131
2263 4342 2419 4396 luidi.
2446 4343 2465 4408 ΙΙ

248 4430 366 4477 1137
403 4426 657 4496 ambiquo
