3042 5192
552 429 695 497 408
1617 425 1678 490 V
1689 425 1716 492 1

550 612 771 667 tamen
799 650 815 678 ‚
857 623 1004 665 cum
1033 608 1299 665 veteres
1331 599 1490 664 talia
1524 621 1660 663 non
1689 607 1826 663 tam
1859 599 2273 685 quaesivisse
2303 619 2505 683 quam
2533 600 2782 664 vitasse

551 698 1144 765 animadverterem
1172 745 1187 772 ‚
1228 720 1386 761 mox
1425 697 1794 763 iudicabam
1843 699 1986 761 veri
2025 697 2298 762 similius
2342 720 2492 761 esse
2535 698 2783 763 Lucre-

549 800 711 862 tium
739 799 835 884 ita
865 798 1213 883 scripsisse
1232 843 1247 869 ‚
1281 795 1523 883 Efflual
1551 797 1886 860 ambrosius
1913 797 2091 883 quasi
2116 820 2256 860 vere
2284 809 2340 860 et
2365 801 2615 861 nectar&
2638 800 2780 863 linc·

550 909 643 961 tus
672 945 685 959 .
730 917 883 959 nam
911 894 1169 958 Nakius
1214 893 1302 958 ad
1333 893 1532 957 Diras
1563 917 1625 979 p.
1645 893 1769 958 238
1800 915 1918 957 cur
1948 893 2277 958 Catullum
2322 896 2625 960 ambrosio
2653 897 2780 981 pri-

550 1015 726 1058 mum
777 992 1000 1057 dicere
1053 1014 1283 1056 ausum
1338 1012 1485 1055 esse
1537 992 1992 1077 suspicaretur
2040 1014 2179 1055 non
2229 992 2544 1057 videbam
2575 1043 2589 1069 ,
2642 1016 2783 1058 cum

553 1092 946 1179 praesertim
985 1112 1069 1154 ne
1108 1089 1357 1155 dixisse
1400 1089 1668 1175 quidem
1707 1087 1779 1173 id
1810 1088 2140 1153 Catullum
2171 1090 2613 1155 concederem
2644 1113 2779 1155 car-

552 1191 724 1253 mine
755 1190 853 1264 99,
878 1189 952 1253 13
986 1239 999 1252 .
1045 1186 1316 1253 tandem
1358 1210 1520 1251 vero
1565 1188 1862 1251 intellexi
1903 1187 2059 1251 huic
2101 1194 2345 1273 poetae
2382 1211 2517 1253 non
2553 1198 2690 1252 tam
2714 1189 2782 1253 id

556 1287 740 1373 quod
801 1287 1354 1372 elegantissimum
1412 1292 1595 1349 esset
1624 1334 1639 1359 ‚
1698 1306 1894 1370 quam
1952 1284 2138 1370 quod
2201 1286 2778 1372 simplicissimum,

555 1387 913 1451 convenire
945 1410 960 1448 ε
1007 1384 1077 1448 id
1123 1392 1227 1448 est
1257 1391 1477 1447 autem
1512 1383 1754 1471 Effltmt
1779 1404 2243 1446 Amnnosuss
2274 1396 2332 1449 et
2354 1387 2607 1449 nectar?
2635 1387 2780 1449 liuc-

555 1496 681 1564 tus,
714 1486 907 1570 eique
937 1483 1261 1547 simillima
1291 1493 1396 1544 est
1425 1480 1741 1568 Cyclopis
1773 1480 2110 1543 Homerici
2140 1503 2309 1557 vox,
2356 1503 2557 1567 quam
2589 1505 2629 1546 a
2657 1482 2780 1547 Lu·

558 1583 768 1646 cretio
808 1603 1195 1667 expressam
1228 1602 1376 1644 esse
1405 1601 1601 1643 nemo
1633 1578 1941 1642 dubitare
1970 1587 2204 1664 potest
2232 1628 2248 1656 ‚
2276 1580 2471 1644 Ἀλλᾶ
2501 1581 2632 1645 τόΔ’
2669 1582 2779 1645 ἂμ-

559 1681 799 1763 Bpoclnc
842 1681 933 1742 Kal
981 1678 1286 1762 Nem-apoc
1330 1677 1495 1742 ἐετιΝ
1541 1676 1884 1761 ἇπορρώΞε
1922 1675 2259 1762 ἃπορρώΓα
2306 1680 2479 1742 enim
2522 1688 2781 1743 veteres

554 1777 1084 1862 interpretantur
1113 1774 1432 1860 Ᾰπορρούκ
1467 1823 1480 1847 ,
1523 1774 1833 1863 efflavi-am
1860 1821 1874 1836 .
1918 1772 2004 1837 de
2034 1800 2074 1839 a
2103 1774 2438 1861 producto
2471 1787 2694 1841 autem
2718 1780 2782 1841 in

556 1874 931 1937 nominibus
974 1872 1249 1936 Graecis
1294 1872 1919 1936 commemoratione
1963 1872 2234 1958 dignum
2275 1883 2382 1939 est
2425 1897 2511 1938 ex
2553 1898 2634 1940 eo
2677 1898 2782 1961 ge·

555 1992 717 2034 nere
746 1971 908 2035 nihil
934 1971 1220 2046 habere,
1252 1975 1574 2054 quantum
1606 1968 1872 2054 quidem
1908 1972 2192 2035 sciamus
2221 2021 2236 2047 ‚
2278 1972 2569 2036 Ennium
2597 2022 2613 2046 ‚
2655 1984 2783 2038 tra-

557 2067 744 2154 gicos
774 2118 790 2144 ,
832 2068 1216 2132 Terentium
1237 2116 1253 2143 ‚
1289 2067 1612 2130 Lucilium
1632 2115 1647 2142 ‚
1677 2066 2055 2132 Varronem
2074 2119 2089 2146 ‚
2116 2069 2533 2147 Lucretium,
2567 2072 2785 2137 Catul-

557 2166 691 2229 lum
721 2215 736 2242 ‚
777 2166 1130 2232 Horatium
1162 2215 1176 2229 .
1223 2186 1357 2250 quo
1401 2165 1477 2228 fit
1518 2173 1596 2228 ut
1634 2188 1852 2251 prope
1892 2176 2121 2252 putem
2149 2169 2218 2231 in
2245 2168 2353 2232 his
2386 2218 2401 2243 ‚
2441 2172 2616 2234 utin
2649 2171 2786 2235 aliis

560 2264 838 2330 Graecis
868 2264 1011 2341 ‚ide
1050 2265 1291 2350 quibus
1320 2261 1546 2327 Varro
1585 2263 1654 2326 in
1683 2287 1730 2327 x
1760 2262 1846 2327 de
1876 2265 2099 2350 lingua
2127 2265 2367 2331 Latina
2395 2290 2460 2353 p.
2479 2269 2604 2334 583
2635 2270 2787 2344 584,

556 2384 697 2427 non
728 2364 1007 2428 eandem
1039 2384 1270 2427 omnes
1302 2360 1849 2425 consuetudinem
1892 2372 2164 2428 secutos
2196 2387 2344 2428 esse
2375 2414 2389 2428 .
2429 2388 2558 2431 nec
2590 2366 2787 2433 debe-

558 2461 709 2525 bam
746 2463 1052 2526 omittere
1071 2511 1086 2537 ‚
1120 2482 1314 2552 quem
1344 2458 1704 2524 admodum
1730 2458 2080 2523 heroidum
2113 2463 2549 2548 epistularum
2581 2465 2788 2550 serip-

558 2568 669 2623 tor
696 2560 931 2624 Aethra
959 2560 1137 2624 Leda
1180 2559 1392 2623 vocali
1434 2565 1748 2645 correpta
1790 2556 1960 2622 dixit
1987 2607 2001 2633 ‚
2047 2558 2376 2624 Catullum
2408 2583 2684 2646 quoque
2724 2563 2789 2625 in

558 2656 910 2741 galliambo
941 2657 1290 2749 scripsisse
1330 2658 1389 2721 T
1379 2656 1693 2741 repidante
1725 2679 1862 2719 eum
1887 2658 2114 2742 recepit
2151 2658 2269 2722 dea
2297 2660 2590 2723 Pasithea
2620 2664 2785 2724 sinu.

560 2752 684 2817 sed
713 2754 986 2841 Rsrrlzia
1007 2804 1028 2835 ,
1071 2754 1257 2841 quod
1285 2754 1610 2823 Horatius
1639 2752 1846 2817 habet
1873 2753 2006 2818 hoc
2037 2776 2238 2819 versu
2267 2805 2282 2832 ‚
2323 2757 2401 2820 Ut
2423 2760 2636 2823 vinosa
2658 2761 2784 2844 ylo-

557 2874 694 2915 mus
715 2853 994 2940 furtivae
1022 2853 1292 2940 Pyrrhia
1332 2854 1516 2917 lanae
1541 2901 1560 2932 ,
1602 2873 1824 2937 neque
1859 2851 2156 2917 Graecae
2193 2875 2412 2939 neque
2445 2854 2786 2921 Romanae

559 2949 842 3014 feminae
868 2970 1112 3015 nomen
1144 2959 1248 3015 est
1265 3000 1280 3029 ,
1315 2972 1440 3015 nec
1469 2957 1702 3036 potest
1730 2949 2019 3014 dubitari
2051 2951 2211 3037 quin
2238 2951 2402 3017 illud
2430 2975 2474 3017 a
2501 2954 2786 3019 librariis

558 3050 656 3113 ita
684 3058 1074 3138 corruptum
1103 3053 1191 3114 sit
1209 3099 1222 3111 .

725 3149 864 3214 972.
899 3173 1051 3226 QUA
1087 3174 1321 3215 N1111L
1356 3174 1498 3215 Esr
1533 3172 1830 3214 nonum
1869 3170 2073 3225 ouon
2112 3171 2418 3215 mamus
2461 3174 2783 3216 mouns

559 3268 655 3312 Ac
697 3270 999 3313 Exscnr
1030 3297 1043 3311 .
1087 3248 1192 3313 Ita
1217 3249 1431 3336 prima
1459 3269 1658 3311 manu
1689 3248 2019 3333 oblongus
2049 3260 2245 3313 exscet
2268 3297 2288 3329 ‚
2332 3270 2374 3313 a
2401 3259 2783 3315 correctore

560 3357 742 3410 exstet
771 3373 793 3409 .·
845 3345 1217 3431 quadratus
1261 3358 1457 3411 extet.
1514 3348 1680 3433 quod
1728 3367 2088 3410 amamus
2143 3368 2584 3412 rnonnssazr
2638 3350 2782 3412 olim

559 3443 707 3506 Itali
744 3467 758 3506 ε
803 3443 925 3508 sed
954 3492 970 3521 ,
1015 3444 1198 3530 quod
1228 3443 1539 3530 indignor
1563 3491 1579 3519 ‚
1617 3445 1758 3524 Qua
1787 3466 1983 3508 1-:scA
2011 3466 2207 3509 nemo
2238 3445 2669 3511 scribendum
2695 3448 2783 3510 vi·

562 3538 691 3615 dit,
715 3542 856 3604 sine
881 3563 1014 3627 quo
1036 3542 1459 3629 lepidissimis
1480 3543 1824 3607 versieulis
1848 3564 1970 3606 sua
1993 3543 2320 3629 elegantia
2338 3565 2480 3607 non
2503 3554 2784 3609 constat.

726 3638 866 3702 973.
911 3639 1291 3714 Dsnloun
1335 3663 1816 3705 MAnAcmum
1844 3690 1857 3703 .
1897 3640 2263 3705 Brixiensis
2305 3641 2514 3707 editio
2562 3645 2784 3708 amari-

563 3758 733 3812 cum,
762 3734 1091 3799 Marullus
1118 3758 1656 3803 AMARAmNUM
1677 3789 1691 3802 .

727 3832 867 3895 977.
901 3832 1423 3912 Srunmrms,
1452 3859 1721 3900 EADEM
1756 3859 2000 3901 sunus
2036 3859 2239 3902 nanc
2277 3860 2643 3903 CIVUNDA
2672 3862 2782 3903 νι-

560 3952 823 3993 nnrun
854 3980 868 3994 .
927 3930 1312 4010 Quadratus
1357 3934 1507 3998 haec
1550 3937 1784 4000 inunda
1813 3984 1827 3997 .
1886 3933 2068 4021 apud
2107 3934 2396 3999 Nonium
2441 3961 2506 4023 p.
2539 3938 2680 4013 394,
2707 3936 2774 3999 21

562 4027 890 4112 Spurcitiis
917 4030 1077 4093 idem
1102 4030 1212 4093 sub
1240 4032 1507 4094 mimula
1535 4034 1790 4096 videtur.
1823 4041 2007 4096 recte
2036 4033 2362 4097 Marullus
2394 4057 2525 4098 mc
2543 4056 2744 4098 unna
2767 4083 2783 4107 ,

560 4127 789 4211 itaque
831 4128 1166 4191 Antonius
1200 4128 1396 4191 Marii
1438 4131 1700 4193 iocunda
1733 4180 1745 4193 .
1796 4153 1942 4194 cum
1988 4152 2264 4195 caenum
2305 4134 2506 4196 nobis
2547 4144 2783 4196 taeter-

561 4223 725 4285 rima
753 4224 840 4288 sit
869 4226 1221 4310 spurcities
1241 4274 1256 4301 ,
1302 4227 1511 4291 subus
1545 4226 1775 4291 eadem
1806 4228 1974 4292 haec
2005 4230 2192 4293 caeni
2222 4230 2578 4315 spurcities
2607 4227 2783 4292 vide-

562 4328 671 4383 tur
701 4321 989 4385 iucunda
1020 4345 1168 4388 esse
1188 4373 1201 4386 .
1232 4324 1413 4387 nulla
1443 4346 1647 4388 causa
1676 4334 1822 4389 erat
1844 4348 1963 4389 cur
1983 4326 2152 4390 haee
2175 4325 2537 4401 Lambinus
2566 4348 2782 4412 repre-

560 4416 923 4495 henderet,
953 4421 1079 4484 nisi
1112 4420 1297 4506 quod
1324 4421 1627 4486 Gifanius
1655 4423 1766 4487 hie
1796 4422 2156 4509 aliquando
2185 4446 2415 4491 verum
2445 4424 2722 4489 vidisset
2740 4472 2754 4483 .
