3042 5192
635 458 771 526 130
1714 453 1777 520 11

625 630 882 696 facilius
911 628 1287 713 pinguescit
1306 674 1319 687 .
1364 634 1623 699 cetera,
1663 627 1731 689 in
1764 626 2005 710 quibus
2034 628 2057 688 i
2085 627 2313 690 littera
2342 635 2481 701 est,
2520 627 2671 692 huic
2698 632 2831 694 sub·

624 733 864 795 iectam
907 727 1162 791 habent
1203 726 1480 789 brevem
1508 724 1810 789 vocalem
1856 724 2002 789 sive
2033 724 2245 788 solam
2273 725 2343 788 in
2375 725 2528 811 ipso
2557 728 2833 792 vocabuli

625 830 754 892 fine
769 875 784 899 ‚
807 827 1078 890 dominia
1100 824 1395 909 au9wn'a,
1420 823 1564 886 sive
1588 844 1738 886 cum
1759 842 1896 885 una
1915 821 2313 908 pluribusve
2336 826 2834 890 consonantibus

628 926 1052 990 coniunctam
1071 971 1086 995 ‚
1115 922 1364 987 liberius
1387 922 1912 1008 mendaciloquius
1939 920 2130 984 abiete
2158 920 2411 1008 faciam
2435 923 2703 986 offundi.
2730 922 2833 986 sed

630 1044 802 1109 quae
830 1023 937 1085 his
967 1021 1295 1085 simillima
1322 1026 1480 1083 sunt
1505 1042 1551 1082 u
1582 1026 2064 1083 consonantem
2091 1020 2426 1106 recipiunt
2449 1028 2519 1085 et
2541 1020 2835 1108 syllabam

631 1123 929 1207 longam,
954 1143 1152 1205 yenva
1180 1120 1363 1182 tenvis
1392 1127 1591 1182 tenvea
1618 1128 2039 1181 extenvantur.
2068 1118 2229 1182 item
2258 1120 2285 1181 i
2310 1118 2603 1182 litteram
2630 1141 2835 1183 omnes

630 1243 670 1284 a
687 1218 984 1305 Vergilio
1006 1224 1249 1304 poetae
1277 1216 1696 1302 pinguiorem
1721 1214 2029 1279 fecerunt
2059 1225 2217 1279 ante
2240 1216 2542 1280 vocalem
2572 1217 2835 1287 brevem,

627 1328 705 1382 ut
733 1317 1039 1381 dicerent
1064 1316 1279 1402 prima
1306 1312 1643 1400 producta
1671 1314 1986 1378 Abietibus
2022 1315 2265 1379 iuvenes
2286 1362 2306 1395 ,
2346 1316 2639 1379 Arietat
2616 1339 2679 1379 m
2703 1339 2835 1401 por-

628 1429 750 1497 tae,
780 1418 1056 1479 imam-unt
1079 1414 1271 1476 abiete
1300 1423 1521 1490 costa-5,
1542 1411 1879 1495 pulsabant
1903 1413 2092 1474 ariete
2116 1435 2358 1494 maroa,
2396 1415 2633 1501 Templi
2648 1416 2836 1500 parie-

626 1516 781 1579 tibus
818 1515 909 1575 tui
951 1513 1154 1575 notavi
1174 1559 1191 1589 ,
1239 1509 1542 1574 Laeserat
1578 1510 1819 1594 abieym'
1845 1556 1859 1570 .
1907 1516 2112 1593 atque
2154 1512 2331 1571 omni
2357 1520 2659 1598 tempore
2684 1512 2836 1577 idem

629 1614 1081 1679 observarunt
1117 1610 1233 1673 ubi
1262 1608 1516 1672 vocalis
1546 1616 1790 1672 natura
1828 1607 2029 1692 longa
2057 1606 2396 1691 sequitur,
2424 1618 2503 1671 ut
2530 1609 2835 1697 Vergilius

629 1710 988 1774 Fluviormn
1016 1732 1130 1772 rex
1157 1756 1175 1787 ‚
1217 1706 1545 1770 Horatius
1588 1706 1665 1768 Ut
1692 1705 2021 1770 Nasidieni
2043 1753 2062 1784 ,
2107 1704 2363 1769 Statius
2407 1704 2622 1771 Theb.
2639 1709 2835 1781 1v‚429

624 1810 729 1872 ubi
757 1809 973 1871 limina
989 1808 1210 1893 patrui
1232 1854 1248 1881 ‚
1293 1804 1495 1868 Silius
1522 1807 1772 1868 sinentis
1797 1805 2027 1868 sinvato
2055 1805 2330 1868 §iuvatur
2357 1826 2447 1877 v1‚
2461 1803 2585 1868 226
2616 1804 2834 1877 vn‚503

625 1931 689 1982 x,
708 1906 826 1970 182
844 1953 859 1979 ‚
893 1905 1152 1969 Seneca
1180 1905 1249 1967 in
1279 1901 1526 1968 Medea
1557 1902 1716 1967 1052
1750 1903 1983 1967 Sceleri
2007 1904 2225 1967 modus
2252 1902 2500 1966 debetur
2525 1904 2631 1967 ubi
2649 1902 2835 1990 facias

623 2005 861 2086 scelus3
904 2025 1187 2088 quorum
1215 2002 1348 2066 hoc
1377 2010 1791 2088 postremum
1830 2001 1900 2064 in
1927 2001 2155 2086 primis
2186 2008 2493 2086 apertum
2523 2009 2630 2064 est
2652 2049 2670 2073 ‚
2710 2021 2835 2063 cum

629 2125 708 2166 eo
739 2103 890 2166 loco
933 2101 1228 2187 positum
1257 2101 1347 2164 sit
1377 2100 1484 2163 cui
1510 2099 1623 2162 hic
1662 2104 1865 2184 poeta
1904 2108 2343 2184 anapaestum
2383 2107 2450 2163 et
2490 2098 2834 2185 spondeum

627 2201 863 2265 tribuit
906 2199 1093 2265 solos
1142 2199 1330 2282 (nam
1359 2196 1644 2261 Medeae
1683 2217 1922 2261 versus
1966 2196 2087 2261 512
2133 2204 2203 2261 et
2231 2197 2399 2272 709,
2438 2199 2742 2284 nepotibus
2781 2207 2835 2260 et

637 2299 1019 2373 Promethei,
1062 2298 1222 2361 item
1261 2297 1330 2359 in
1364 2294 1671 2407 Thyeste
1707 2294 1823 2358 115
1854 2294 2278 2376 Phoronidae,
2319 2295 2388 2358 in
2418 2294 2706 2361 Troasin
2739 2296 2835 2360 195

635 2396 987 2482 Polyxena,
1023 2394 1182 2458 1030
1212 2394 1572 2472 cacumine,
1614 2393 1683 2455 in
1711 2391 2006 2457 Hercule
2048 2391 2261 2457 altero
2291 2393 2416 2458 804
2454 2395 2836 2481 Caphm‘dae,

626 2495 1126 2557 excusationem
1166 2490 1506 2574 habent).
1554 2498 1961 2577 anapaestus
2003 2511 2152 2555 esse
2193 2512 2331 2554 non
2366 2500 2646 2603 potest,
2696 2513 2835 2577 ergo

625 2590 973 2678 spondeus
1018 2597 1123 2654 est
1141 2591 1405 2676 facias.
1450 2610 1537 2652 ex
1577 2588 1684 2653 his
1726 2597 2010 2674 apparet
2045 2587 2229 2675 apud
2259 2591 2553 2654 comicos
2581 2592 2837 2681 benefic&

624 2689 890 2753 tertiam
919 2688 1188 2773 longam
1217 2685 1508 2762 habere,
1552 2687 1754 2750 item'
1737 2709 1807 2749 m
1836 2686 2153 2751 Heauton
2184 2688 2628 2752 timorumeno
2658 2689 2832 2763 ι,1,11

624 2788 855 2871 συνῇς-ἑο
885 2785 1283 2872 trisyllabon
1312 2783 1537 2848 media
1563 2782 1903 2872 producta
1944 2784 2303 2849 dicendum
2345 2807 2498 2851 esse
2516 2835 2533 2862 ‚
2560 2788 2690 2852 Aut
2712 2788 2838 2874 plus

623 2909 693 2950 eo
720 2934 738 2965 ‚
781 2897 851 2949 ut
877 2886 1127 2950 com'cia
1146 2906 1368 2969 ayo-um
1395 2884 1463 2946 in
1502 2883 1598 2946 his
1624 2884 1969 2967 reqiouibm
1992 2932 2010 2963 ‚
2056 2891 2125 2947 et
2153 2885 2426 2949 contineo
2452 2884 2674 2950 media
2698 2907 2834 2973 pro·

623 2984 830 3048 ducta
868 2983 937 3048 in
966 2983 1353 3048 Trinummo
1397 3004 1494 3057 111,
1510 2981 1567 3055 3,
1583 2981 1662 3043 75
1693 3029 1709 3055 ‚
1760 2981 2045 3046 Continvo
2083 2982 2311 3067 operito
2340 2984 2539 3049 denuo
2563 3034 2583 3064 ,
2626 2992 2837 3048 contra

622 3082 808 3172 apud
836 3082 1227 3147 Terentium
1238 3082 1496 3167 faciant
1518 3100 1646 3164 pro
1675 3079 1894 3142 iambo
1912 3128 1926 3142 .
1956 3080 2273 3168 maleficii-s·
2300 3082 2499 3146 tertia
2527 3083 2729 3169 longa
2753 3081 2833 3145 di·

622 3180 911 3245 cendum
962 3181 1050 3245 sit
1099 3199 1186 3242 an
1233 3178 1528 3266 malefic-2¹3
1578 3175 1870 3241 dubitari
1931 3183 2164 3261 potest
2219 3186 2504 3265 propter
2556 3202 2636 3245 ea
2683 3201 2833 3267 quae

624 3278 1025 3342 enumerabo
1056 3276 1145 3340 ad
1172 3276 1414 3341 librum
1440 3297 1504 3351 v,
1518 3275 1601 3339 85
1634 3298 1649 3338 ε
1687 3295 1907 3359 neque
1948 3274 2120 3338 enim
2146 3277 2340 3360 pretii
2375 3299 2506 3363 pro
2549 3279 2832 3366 spondeo

618 3382 887 3439 veteres
915 3396 1231 3459 umquam
1260 3374 1365 3437 usi
1394 3379 1555 3437 sunt
1586 3421 1602 3449 ‚
1645 3371 1769 3436 sed
1799 3371 2115 3437 dixerunt
2130 3377 2300 3459 preti
2324 3424 2344 3456 ,
2386 3398 2516 3441 nec
2556 3378 2833 3468 bhzefiot‘s',

617 3470 742 3535 sed
771 3473 1018 3560 benefici
1048 3522 1062 3535 .
1109 3494 1282 3557 quae
1310 3471 1611 3536 vocalem
1640 3470 1897 3536 habent
1926 3493 2075 3535 cum
2102 3495 2165 3535 m
2192 3474 2260 3537 in
2288 3472 2419 3537 fine
2450 3524 2466 3552 ‚
2511 3486 2667 3541 ante
2696 3497 2832 3562 syn-

620 3570 1033 3658 ecphonesin
1077 3569 1365 3657 produci
1407 3569 1911 3635 observabimus
1953 3568 2044 3633 ad
2095 3569 2334 3635 librum
2364 3574 2622 3649 111‚917‚
2652 3576 2831 3639 auem

617 3669 936 3732 consilium
974 3670 1320 3733 Camem'um
1350 3695 1371 3732 .·
1410 3690 1632 3754 neque
1660 3667 1853 3732 aliter
1884 3669 2231 3734 scaenicos
2268 3671 2619 3761 beroefieitim
2646 3682 2830 3737 tetra·

614 3766 924 3853 syllabon
956 3765 1207 3831 dixisse
1238 3767 1544 3830 existimo
1576 3815 1589 3829 .
1634 3767 1729 3830 ita
1755 3765 2037 3832 Plautus
2058 3768 2309 3854 faciam
2338 3768 2603 3835 duabus
2636 3769 2831 3855 longis

609 3866 679 3927 in
711 3864 1100 3929 Trinummo
1134 3887 1233 3940 111,
1248 3864 1306 3939 3,
1322 3864 1400 3927 77
1433 3864 1533 3928 Ita
1560 3863 1810 3951 fa'ciam
1830 3913 1845 3928 .
1887 3877 1955 3930 at
1991 3865 2153 3928 em'm
2179 3869 2346 3930 nim?
2375 3869 2553 3953 lonqo
2578 3890 2830 3934 amnone

607 3963 868 4024 utiaetnur.
908 3961 1041 4027 hoc
1069 3984 1233 4026 vero
1252 4012 1268 4038 ‚
1297 3969 1374 4026 ut
1395 3962 1612 4049 facias
1642 3970 1711 4026 et
1738 3965 1944 4027 aviwn
1972 3962 2188 4027 eidem
2215 3966 2485 4051 regulae
2516 3967 2828 4032 subician-

608 4066 720 4122 tur
749 4106 763 4133 ‚
808 4080 889 4122 eo
917 4060 1059 4125 fieri
1101 4068 1269 4148 puto
1304 4059 1491 4146 quod
1517 4084 1581 4123 m
1608 4059 1805 4125 finale
1850 4063 2118 4149 longam
2146 4063 2471 4150 syllabam
2512 4064 2677 4130 facit
2702 4065 2827 4129 sive

607 4154 1053 4241 producenda
1080 4160 1298 4223 vocali
1344 4160 1368 4243 (
1383 4180 1582 4245 quam
1613 4167 1837 4223 tamen
1866 4183 1940 4226 se
1968 4160 2368 4247 productam
2398 4162 2630 4228 audire
2659 4163 2826 4227 Pris-

603 4254 837 4320 cianus
865 4266 1072 4343 negat
1101 4283 1162 4345 p.
1183 4257 1399 4342 781‚8)
1432 4258 1573 4321 sive
1603 4258 1894 4324 obscuro
1926 4280 2098 4324 sono
2129 4282 2279 4324 cum
2307 4262 2525 4326 vocali
2554 4263 2743 4348 quasi
2769 4261 2825 4322 in

607 4350 1100 4442 diphthongum
1131 4356 1553 4420 coalescente
1585 4381 1601 4432 ς
1646 4356 1833 4442 quod
1861 4359 1928 4422 ni
1957 4358 2213 4423 faceret
2240 4408 2254 4433 ‚
2292 4381 2511 4445 neque
2541 4360 2610 4423 in
2635 4380 2827 4423 versu

603 4450 816 4515 omitti
837 4474 1058 4540 neque
1082 4454 1335 4519 hiatum
1357 4454 1579 4519 facere
1600 4464 1839 4542 posset
1855 4505 1869 4531 ‚
1896 4457 2010 4543 qui
2031 4457 2099 4521 in
2124 4457 2309 4522 brevi
2332 4458 2589 4545 syllaba
2610 4457 2825 4522 nullus
