3042 5192
554 442 649 511 72
1638 445 1700 513 11

393 631 493 678 965
549 615 903 682 sollicitata
933 616 1071 681 suis
1100 616 1489 703 trepidant
1471 641 1539 682 m
1575 616 1850 682 sedibus
1876 619 2092 695 intus,

548 730 751 817 inque
779 731 1000 795 locum
1032 731 1305 818 quando
1335 734 1730 821 remigi-ant,
1750 733 1830 797 fit
1856 732 2110 798 blanda
2135 734 2486 821 voluptas,

545 845 717 909 scire
747 846 904 911 licet
928 845 1113 910 nullo
1144 847 1509 933 primordia
1537 869 1742 934 posse
1772 848 2010 913 dolore

546 962 860 1046 temptari
887 961 1270 1048 nullamque
1296 963 1717 1049 voluptatem
1747 984 1989 1049 capere
2020 984 2104 1027 ex
2135 984 2244 1041 se3

546 1074 1092 1161 quandoquidem
1120 1098 1257 1141 non
1288 1085 1448 1142 sunt
1463 1126 1478 1153 ‚
1503 1098 1590 1141 ex
1617 1078 1769 1141 ullis
1797 1078 2274 1164 principiorum

392 1205 492 1254 970
549 1190 948 1278 corporibus
967 1240 984 1267 ‚
1008 1212 1294 1277 quorum
1322 1200 1549 1256 motus
1577 1193 1879 1257 novitate
1907 1193 2219 1257 laborent

544 1312 663 1371 aut
690 1305 976 1392 aliquem
1004 1304 1294 1370 fructum
1325 1307 1597 1392 capiant
1625 1306 2001 1372 dulcedinis
2029 1308 2274 1372 almae:

547 1418 715 1485 haut
740 1420 943 1506 igitur
973 1419 1226 1485 debent
1255 1441 1405 1485 esse
1432 1421 1570 1486 ullo
1599 1420 1909 1507 praedita
1938 1444 2141 1487 sensu
2159 1473 2175 1486 .

629 1534 938 1620 Denique
965 1535 1065 1599 uti
1090 1535 1359 1620 possint
1387 1536 1636 1599 sentire
1664 1536 1967 1601 animalia
1999 1559 2307 1624 quaeque
2324 1587 2340 1614 ‚

544 1649 883 1736 principiis
912 1650 969 1715 si
996 1650 1127 1714 iam
1158 1658 1263 1714 est
1291 1670 1531 1714 sensus
1560 1649 1959 1716 tribuendus
1991 1673 2222 1716 eorum
2239 1701 2255 1729 ,

390 1780 489 1827 975
547 1762 710 1849 quid
729 1812 744 1840 ‚
767 1785 980 1851 genus
1006 1764 1369 1829 humanum
1397 1765 1752 1852 propritim
1782 1764 1868 1829 de
1900 1768 2122 1852 quibu’
2151 1768 2471 1834 factumst
2487 1769 2520 1832 Ρ

544 1878 797 1943 scilicet
813 1928 829 1956 ,
854 1890 926 1944 et
949 1880 1088 1945 risu
1118 1881 1401 1945 tremulo
1434 1902 1767 1946 concussa
1791 1882 2196 1948 cachinnant

547 2001 616 2058 et
643 1993 927 2059 lacrimis
959 2004 1287 2082 spargunt
1315 1997 1701 2061 rorantibus
1733 2019 1854 2062 ora
1882 2018 2226 2084 genasque
2242 2048 2258 2075 ‚

542 2108 885 2196 multaque
914 2109 1000 2174 de
1029 2132 1250 2175 rerum
1278 2111 1569 2177 mixtura
1599 2111 1822 2176 dicere
1853 2114 2131 2189 callent,

545 2230 615 2289 et
643 2224 769 2290 sibi
795 2247 1134 2311 proporro
1167 2246 1339 2312 quae
1368 2227 1503 2292 sint
1530 2227 1897 2313 primordia
1928 2238 2289 2314 quaerunt3

389 2354 489 2401 980
548 2338 1099 2426 quandoquidem
1127 2341 1292 2406 totis
1320 2342 1717 2409 mortalibus
1745 2343 2144 2409 adsimulata

544 2453 695 2540 ipsa
725 2477 995 2542 quoque
1027 2477 1112 2520 ex
1141 2456 1285 2521 aliis
1318 2455 1570 2522 debent
1600 2468 1910 2527 constare
1941 2460 2280 2523 elementis
2299 2509 2314 2533 ‚

541 2566 700 2632 inde
730 2568 860 2633 alia
890 2590 974 2633 ex
1004 2570 1179 2647 aliis,
1201 2592 1532 2657 nusquam
1563 2573 1929 2636 consistere
1959 2581 2035 2637 ut
2063 2574 2277 2638 ausis:

544 2683 792 2769 quippe
823 2705 1104 2769 sequar,
1129 2684 1316 2771 quod
1345 2706 1628 2770 cumque
1657 2687 1842 2771 loqui
1872 2685 2226 2773 ridereque
2255 2687 2438 2751 dices

542 2806 611 2861 et
640 2819 881 2885 sapere
899 2848 914 2876 ‚
940 2820 1025 2864 ex
1054 2798 1198 2863 aliis
1229 2796 1461 2862 eadem
1491 2799 1662 2863 haec
1690 2801 2090 2867 facientibus
2116 2811 2196 2867 ut
2224 2803 2342 2867 sit.

383 2928 482 2975 985
539 2886 727 2998 quod
756 2914 814 2978 si
843 2911 1053 2977 delira
1078 2912 1249 2978 haec
1277 2913 1666 3000 furiosaque
1697 2916 2025 2981 cernimus
2056 2938 2205 2982 esse
2223 2966 2238 2994 ‚

541 3034 609 3091 et
636 3027 855 3092 ridere
885 3036 1117 3114 potest
1143 3050 1283 3092 non
1314 3050 1400 3093 ex
1426 3028 1784 3095 ridentibu’
1811 3031 2033 3096 factus
2052 3081 2068 3108 ‚

542 3150 610 3206 ct
639 3163 877 3229 sapere
907 3152 976 3208 et
1006 3141 1225 3209 doctis
1254 3145 1584 3209 rationem
1612 3144 1902 3210 reddere
1939 3146 2137 3211 dictis

537 3279 676 3321 non
708 3280 791 3322 ex
822 3260 1181 3324 seminibus
1212 3260 1626 3345 sapientibus
1655 3268 1858 3344 atque
1889 3259 2158 3324 disertis
2177 3310 2193 3337 ‚

541 3372 653 3457 qui
683 3373 897 3437 minus
929 3395 1077 3437 esse
1108 3381 1361 3458 queant
1390 3395 1469 3437 ea
1500 3394 1673 3458 quae
1704 3375 1952 3437 sentire
1980 3374 2283 3441 videmus

381 3502 482 3549 999
536 3486 895 3550 seminibus
923 3488 1258 3572 permixta
1287 3488 1671 3551 carentibus
1701 3485 1996 3573 undique
2026 3512 2228 3554 sensu
2246 3492 2279 3554 P

622 3598 928 3685 Denique
958 3601 1229 3665 caelesti
1259 3622 1487 3666 sumus
1518 3623 1751 3666 omnes
1781 3604 2030 3668 semine
2062 3606 2357 3670 oriundi:

539 3714 843 3780 omnibus
872 3715 981 3779 ille
1010 3714 1187 3779 idem
1213 3724 1410 3803 pater
1440 3725 1578 3793 est,
1597 3716 1778 3782 unde
1808 3720 1980 3783 alma
2005 3720 2326 3805 liquentis

538 3830 786 3894 umoris
815 3838 1043 3915 guttas
1073 3839 1287 3895 mater
1318 3853 1467 3895 cum
1497 3841 1678 3898 terra
1706 3835 1995 3920 recepit,

538 3942 675 4009 feta
702 3945 883 4032 parit
912 3944 1159 4010 nitidas
1188 3946 1417 4034 fruges
1447 3949 1860 4035 arbustaque
1889 3950 2066 4014 laeta

379 4074 479 4121 995
535 4066 601 4123 et
629 4081 842 4145 genus
872 4060 1233 4126 humanum
1250 4112 1267 4139 ‚
1289 4064 1466 4150 parit
1495 4065 1716 4130 omnia
1746 4066 1966 4130 saecla
1993 4065 2283 4130 ferarum
2302 4116 2318 4141 ,

544 4262 729 4269 ——fi——.—
768 4264 944 4272 ..——.-

544 4342 645 4389 966
682 4337 745 4391 lu
780 4358 885 4410 quo
924 4337 944 4409 ΙΙ
982 4346 1080 4394 975
1119 4350 1413 4397 αιιοιιιιιιεῐ.
1463 4339 1485 4409 ΙΙ
1524 4347 1622 4395 977
1662 4349 1891 4413 pal-gunt
1927 4340 1947 4411 ΙΙ
1998 4349 2098 4395 982
2136 4343 2204 4397 ali
2241 4361 2306 4397 ex
2344 4342 2364 4413 ΙΙ
2405 4352 2502 4399 985
2540 4345 2712 4400 dctira
2751 4345 2772 4413 l!

543 4425 645 4474 986
681 4432 891 4479 tuctus.
