3042 5192
652 418 785 486 170
1714 416 1784 484 V

483 610 598 656 395·
637 600 706 657 et
735 591 971 666 semel,
992 598 1071 655 ut
1097 589 1275 654 fam
1301 596 1440 665 est,
1461 609 1656 653 umor
1685 590 1988 677 regnarit
2012 590 2084 654 111
2112 592 2326 656 arvis.

634 707 806 793 ignis
837 706 1007 769 enim
1036 711 1310 791 superat
1339 712 1409 769 et
1435 705 1735 770 lambens
1763 705 1973 769 multa
1999 707 2298 792 perussit
2313 755 2330 782 ‚

636 822 787 886 avia
815 842 964 884 cum
991 819 1429 884 Phaethonta
1448 839 1664 904 rapax
1690 820 1793 883 vis
1824 819 1986 885 solis
2017 841 2343 906 equorum

636 935 907 1000 aethere
935 935 1232 1021 raptavit
1259 942 1408 998 toto
1439 942 1789 1020 terrasque
1818 955 1942 1022 per
1973 935 2220 999 omnis:

636 1058 708 1115 at
732 1058 926 1136 pater
957 1049 1382 1137 omnipotens
1410 1049 1514 1112 ira
1541 1057 1682 1113 tum
1710 1050 2009 1136 percitus
2039 1051 2177 1113 acri

481 1183 577 1230 400
632 1165 1118 1251 magnanimum
1147 1163 1579 1229 Phaethonta
1603 1165 1867 1250 repenti
1894 1163 2183 1229 fulminis
2211 1165 2349 1230 ictu

634 1280 1018 1345 deturbavit
1047 1278 1235 1365 equis
1264 1280 1333 1341 in
1361 1285 1610 1343 terram
1627 1326 1642 1354 ‚
1667 1278 1905 1363 sol'que
1936 1277 2205 1344 cadenti

633 1395 870 1461 obvius
900 1401 1238 1459 aeternam
1266 1393 1569 1479 succepit
1593 1391 1908 1478 lampada
1933 1393 2164 1459 mundi
2181 1444 2196 1470 ‚

634 1509 1088 1594 disiectosque
1117 1506 1382 1594 redegit
1412 1529 1624 1592 equos
1654 1507 2004 1593 iunxitque
2033 1510 2380 1573 tremen'tis
2399 1559 2414 1584 ‚

633 1623 793 1689 inde
821 1645 1014 1688 suum
1041 1644 1164 1709 per
1190 1622 1317 1687 iter
1345 1622 1673 1686 recreavit
1703 1630 1947 1687 cuncta
1974 1623 2359 1708 gubernans
2377 1673 2392 1698 ‚

477 1759 574 1805 405
631 1739 884 1805 scilicet
902 1787 917 1814 ‚
938 1746 1017 1803 ut
1045 1745 1309 1802 veteres
1340 1737 1612 1801 Graium
1643 1739 1945 1803 cecinere
1973 1743 2250 1825 poetae.

634 1853 822 1941 quod
847 1852 1085 1939 procul
1114 1875 1155 1918 a
1180 1873 1345 1917 vera
1369 1852 1561 1916 nimis
1593 1860 1699 1917 est
1725 1852 1988 1918 ratione
2015 1853 2357 1939 repulsum
2376 1904 2389 1916 .

629 1969 801 2055 ignis
833 1969 1003 2031 enim
1034 1989 1355 2054 superare
1383 1975 1617 2053 potest
1642 1967 1759 2033 ubi
1786 1968 2086 2033 materiai

628 2105 714 2147 ex
738 2082 994 2147 infinito
1027 2089 1187 2146 sunt
1216 2102 1507 2167 corpora
1534 2080 1731 2167 plura
1760 2091 2000 2146 coorta
2018 2130 2033 2157 ‚

476 2217 573 2263 410
631 2206 697 2263 et
725 2205 1012 2283 pereunt
1038 2218 1149 2260 res
1181 2202 1458 2261 exustae
1486 2196 1901 2260 torrentibus
1931 2198 2143 2261 auris:

475 2331 572 2378 409
625 2312 784 2378 inde
816 2311 1069 2376 cadunt
1092 2311 1270 2374 vires
1300 2311 1522 2396 aliqua
1549 2310 1813 2375 ratione
1840 2311 2134 2377 revictae
2152 2362 2166 2377 .

471 2447 565 2492 411
622 2449 815 2492 umor
843 2428 1000 2491 item
1030 2424 1371 2511 quondam
1400 2426 1628 2511 coepit
1654 2446 1976 2512 superare
2008 2435 2283 2492 coortus
2301 2476 2316 2504 ‚

624 2550 704 2606 ut
730 2542 906 2606 fama
936 2548 1072 2632 est,
1093 2540 1435 2604 hominum
1462 2540 1707 2604 multas
1738 2539 2008 2626 quando
2041 2543 2268 2607 obruit
2292 2543 2510 2608 urbis:

626 2655 785 2720 inde
815 2657 932 2720 ubi
958 2656 1062 2719 vis
1092 2655 1314 2740 aliqua
1340 2654 1602 2719 ratione
1631 2675 1870 2720 aversa
1897 2658 2212 2734 recessit,

630 2793 714 2835 ex
740 2769 994 2834 infinito
1023 2768 1245 2834 fuerat
1276 2790 1448 2855 quae
1479 2790 1763 2855 cumque
1794 2778 2064 2846 coorta,

468 2904 566 2950 415
623 2885 1069 2951 constiterunt
1096 2884 1339 2949 imbres
1372 2891 1442 2947 et
1467 2883 1737 2948 flumina
1763 2885 1895 2948 vim
1922 2885 2303 2950 minuerunt
2319 2935 2332 2948 .

706 2998 845 3064 Sed
876 2999 1116 3084 quibus
1144 2998 1254 3063 ille
1282 2996 1503 3062 modis
1535 2998 1877 3063 coniectus
1905 3002 2203 3065 materiai

618 3115 921 3180 fundarit
948 3122 1195 3179 terram
1226 3121 1296 3177 et
1325 3113 1580 3177 caelum
1608 3113 1936 3200 pontique
1965 3114 2304 3200 profunda
2321 3165 2337 3190 ,

626 3231 786 3296 solis
814 3230 997 3294 lunai
1026 3250 1262 3293 cursus
1280 3278 1296 3304 ‚
1321 3250 1405 3292 ex
1436 3227 1673 3292 ordine
1703 3251 1950 3314 ponam
1968 3279 1981 3293 .

620 3366 775 3408 nam
805 3351 985 3408 certe
1013 3364 1236 3428 neque
1268 3344 1543 3408 consilio
1573 3343 1936 3428 primordia
1963 3366 2186 3409 rerum

467 3475 564 3522 420
620 3458 855 3523 ordine
887 3480 958 3522 se
989 3479 1113 3522 suo
1145 3479 1452 3543 quaeque
1483 3458 1708 3543 sagaci
1734 3467 1959 3523 mente
1987 3459 2295 3524 locarunt

622 3594 748 3637 nec
778 3594 952 3657 quos
985 3594 1294 3659 quaeque
1325 3572 1566 3636 darent
1592 3581 1816 3637 motus
1845 3575 2161 3660 pepigere
2188 3573 2497 3659 profecto
2517 3623 2532 3650 ‚

620 3686 746 3753 sed
775 3688 931 3773 quia
956 3687 1165 3753 multa
1191 3687 1410 3752 modis
1438 3687 1662 3752 multis
1691 3688 2060 3774 primordia
2087 3710 2308 3753 rerum

622 3824 706 3867 ex
732 3802 987 3867 infinito
1017 3803 1147 3867 iam
1177 3811 1478 3888 tempore
1506 3802 1766 3888 percita
1792 3802 2008 3889 plagis

617 3916 1165 4004 ponderibusque
1197 3919 1334 3982 suis
1365 3926 1778 3982 consuerunt
1808 3918 2073 3984 concita
2097 3917 2259 3982 ferri

462 4048 560 4093 425
618 4032 1145 4118 omnimodisque
1176 4033 1356 4097 coire
1385 4041 1588 4118 atque
1619 4032 1837 4096 omnia
1865 4040 2316 4118 pertemptare
2335 4080 2349 4106 ‚

624 4310 724 4358 396
760 4306 1036 4376 superavit
1073 4313 1127 4358 et
1161 4306 1379 4360 ambens
1430 4308 1451 4376 Η
1492 4308 1598 4359 ’397
1636 4314 1926 4378 petontana
1980 4310 2000 4378 ΙΙ
2055 4314 2154 4362 399
2191 4326 2308 4362 cum
2358 4309 2380 4377 ΙΙ
2430 4314 2530 4363 400
2565 4299 2826 4388 001111111511

626 4395 723 4441 405
763 4395 971 4458 gratum
1010 4391 1031 4457 ΙΙ
1071 4396 1169 4443 410
1208 4391 1321 4443 Aut
1359 4389 1379 4456 ΙΙ
1418 4397 1516 4444 412
1554 4389 1735 4445 undis.
1774 4392 1794 4458 ΙΙ
1833 4398 1930 4443 425
1969 4400 2120 4445 cotre
