3042 5192
610 460 749 528 292
1684 456 1753 521 V

603 631 1022 697 efficiendum
1051 630 1491 707 conveniunt3
1535 651 1673 692 non
1700 653 1916 715 saepe,
1949 632 2106 715 quia
2133 629 2205 694 id
2236 652 2437 715 quam
2468 652 2669 716 saepe
2696 632 2817 696 fae·

601 741 742 795 ‘tum
783 731 871 794 sit
907 751 1047 793 non
1076 730 1418 813 quaeritur
1451 777 1466 802 ‚
1526 727 1651 790 sed
1686 728 1753 790 in
1793 749 1929 791 uno
1961 750 2233 812 quoque
2273 730 2537 793 illorum
2564 730 2819 817 Epicuri

602 827 999 894 mundorum
1027 827 1169 890 fieri
1200 826 1405 890 debet
1423 875 1437 889 .

770 926 911 990 431.
964 924 1240 987 Tmuu:
1291 946 1570 988 Marus.
1625 922 2013 1002 Quadratus
2064 927 2324 989 Tem-ae.
2381 927 2450 988 in
2506 925 2674 989 libro
2724 948 2815 988 se·

602 1024 824 1089 eundo
865 1026 1092 1095 Terra,
1124 1021 1312 1106 quod
1344 1028 1447 1086 est
1475 1021 1787 1085 Tenum
1810 1072 1824 1085 .

765 1121 906 1185 433.
938 1122 1048 1184 ΑΙ,
1069 1143 1160 1183 ΤΕ
1191 1141 1341 1183 vor,
1361 1141 1509 1183 Ans
1540 1142 1849 1183 Pori-:lu
1869 1143 1910 1182 r
1930 1169 1945 1195 ‚
1975 1143 2127 1184 nnc
2150 1169 2164 1182 .
2194 1118 2399 1204 Apud
2422 1119 2817 1183 Macrobium

602 1222 868 1286 Saturn.
887 1219 1029 1296 v1,2
1072 1219 1198 1282 His
1225 1243 1418 1305 neque
1460 1230 1586 1281 tum
1622 1221 1765 1283 solis
1800 1226 1949 1281 tota
1988 1220 2159 1282 cerni
2201 1219 2430 1282 lmnine
2470 1218 2652 1281 claro
2679 1219 2819 1280 An-

601 1340 1008 1384 ·r1VOLANs
1045 1328 1321 1402 poterat,
1380 1338 1601 1401 neque
1646 1318 1853 1401 mayni
1902 1317 2124 1403 sydera
2178 1318 2393 1380 mundi
2410 1366 2425 1379 .
2484 1315 2723 1380 ibidem
2758 1318 2821 1379 in

598 1440 796 1483 versu
827 1417 1132 1501 proximo
1162 1439 1273 1479 nec
1302 1425 1413 1479 αέν
1432 1463 1445 1477 .

763 1514 1113 1578 440-445.
1148 1512 2192 1576 ΟΜΝῙαΕΝΗΒΕΡΒιΝοιΡῙῙε
2400 1534 2611 1576 DARE
2643 1535 2820 1577 cox-

598 1636 752 1679 VEN
770 1635 1041 1674 imm-rs
1062 1660 1076 1673 .
1126 1610 1394 1674 Certum
1440 1619 1544 1674 est
1572 1610 1987 1674 Macrobium
2006 1659 2022 1685 ,
2067 1617 2307 1674 testem
2338 1609 2649 1673 codicum
2678 1633 2822 1674 nos·

597 1720 855 1774 trorum
884 1709 1259 1794 archetypo
1304 1707 1596 1771 fortasse
1624 1731 1762 1772 non
1791 1709 2234 1792 antiquiorem
2263 1756 2278 1782 ‚
2330 1709 2556 1772 omnia
2583 1709 2695 1772 hic
2724 1730 2821 1771 eo-

597 1808 751 1872 dem
790 1805 1026 1870 ordine
1073 1827 1208 1890 quo
1252 1827 1430 1869 nune
1471 1807 1540 1869 in
1581 1807 1833 1870 nostris
1875 1813 2110 1870 extant
2148 1807 2391 1892 legisse
2419 1808 2818 1894 perscripta.

596 1905 802 1968 nihilo
846 1906 1061 1967 minus
1092 1903 1382 1968 dubitari
1411 1926 1549 1967 non
1592 1911 1822 1991 potest
1852 1904 2010 1988 quin
2039 1905 2109 1967 hi
2141 1926 2262 1968 sex
2304 1925 2547 1968 versus
2592 1904 2685 1968 ad
2725 1927 2819 1968 su·

595 2004 863 2089 periora
911 2001 1276 2066 revocandi
1326 2001 1491 2078 sint3
1554 2001 1741 2086 quod
1788 2004 1916 2066 nisi
1965 2002 2282 2067 faciemus
2300 2053 2315 2078 ‚
2374 2013 2443 2065 et
2494 2003 2817 2066 ordinatio

594 2101 884 2185 partium
921 2099 1151 2163 mundi
1181 2106 1337 2163 ante
1370 2098 1777 2163 discordiam
1813 2102 2222 2185 ineptissime
2253 2100 2684 2165 describetur
2710 2151 2725 2172 ,
2764 2111 2819 2164 et

595 2199 809 2263 oratio
840 2199 1220 2285 turpissime
1252 2195 1569 2261 diseidet:
1614 2220 1765 2262 nam
1797 2198 1984 2283 quod
2010 2200 2417 2287 interpretes
2445 2199 2563 2263 illa
2592 2202 2815 2266 verba.

595 2322 636 2362 a
663 2299 839 2361 terris
869 2298 1058 2361 altum
1083 2321 1394 2361 secernere
1424 2297 1661 2360 caelu-m
1676 2346 1694 2377 ,
1724 2297 1817 2361 ita
1844 2297 2242 2382 intellegunt
2267 2306 2346 2362 ut
2376 2319 2461 2360 ex
2490 2300 2815 2385 prioribus

595 2394 855 2458 addant
876 2396 1040 2481 quod
1046 2396 1400 2480 primordia
1425 2418 1550 2482 non
1566 2406 1883 2480 poterant,
1913 2392 1984 2457 id
2007 2397 2063 2458 si
2087 2395 2377 2459 dicerem
2408 2395 2573 2460 ferri
2599 2419 2816 2483 posse,

593 2494 995 2577 interpretes
1037 2491 1381 2566 adularer,
1425 2500 1667 2576 poetae
1714 2500 1935 2556 autem
1977 2493 2267 2558 facerem
2304 2494 2617 2558 iniuriam
2648 2545 2662 2558 .
2709 2494 2812 2558 sed

591 2589 789 2654 valde
819 2588 1199 2652 laudandus
1231 2598 1335 2653 est
1363 2589 1694 2675 Iosephus
1725 2590 2170 2656 Reisackerus
2193 2642 2209 2667 ‚
2241 2594 2451 2676 quiin
2480 2593 2815 2658 Lucretia·

591 2707 825 2751 narum
870 2688 1338 2771 quaestionum
1381 2688 1629 2773 pagina
1668 2689 1898 2753 ultima
1939 2697 2008 2752 et
2048 2690 2194 2775 ipse
2234 2713 2465 2755 verum
2508 2715 2812 2758 versuum

592 2784 893 2849 ordinem
919 2782 1345 2858 indicaverit,
1392 2807 1589 2870 quem
1618 2787 1685 2849 in
1714 2810 1777 2872 p.
1792 2787 1873 2850 29
1900 2787 2197 2851 nondum
2228 2793 2726 2875 perspexisset.
2756 2793 2813 2854 in

589 2884 802 2970 primo
843 2890 1063 2946 autem
1102 2882 1341 2946 horum
1381 2905 1695 2947 versuum
1734 2886 1917 2949 solus
1949 2885 2320 2971 quadratus
2358 2888 2575 2953 habet
2613 2891 2813 2954 Omni·

583 3004 806 3066 yemae,
838 2981 1041 3044 ceteri
1071 3002 1218 3043 cum
1244 2980 1539 3066 oblongo
1572 2983 1924 3067 Omniqenis
1942 3033 1955 3046 .
1988 2983 2111 3047 sed
2141 2984 2273 3048 hoc
2302 2988 2575 3050 nomine
2605 2988 2814 3052 adiec-

587 3081 727 3144 tivo
760 3128 776 3153 ‚
821 3077 1006 3165 quod
1049 3087 1155 3142 est
1196 3082 1578 3164 omniyenum
1601 3128 1620 3159 ,
1664 3082 1887 3145 nullus
1924 3089 2224 3145 veterum
2266 3090 2623 3168 poetarum
2664 3109 2815 3150 usus

589 3186 723 3241 est.
766 3199 919 3241 nam
963 3177 1479 3263 Omniqenumque
1521 3179 1701 3242 deum
1742 3192 2014 3244 monstra
2058 3181 2129 3243 in
2170 3179 2448 3266 Vergilii
2477 3184 2814 3248 Aeneidos

585 3276 873 3349 v111‚698
900 3274 1282 3339 Priscianus
1321 3298 1383 3360 p.
1401 3275 1522 3339 732
1564 3278 1814 3341 rectius
1858 3277 1944 3342 ad
1986 3279 2265 3365 primam
2307 3280 2813 3347 declinationem

584 3373 792 3436 refert
823 3422 838 3449 ‚
871 3397 996 3458 pro
1036 3374 1496 3458 omnvyenarzcm
1522 3400 1544 3437 .·
1596 3385 1663 3438 et
1708 3375 2054 3440 Mediceus
2096 3377 2317 3441 codex
2357 3378 2571 3444 habet
2612 3383 2813 3468 prima

583 3492 783 3534 manu
808 3473 1151 3556 niqenumq.
1172 3520 1187 3546 ,
1219 3493 1254 3533 e
1278 3493 1412 3556 quo
1439 3473 1730 3557 suspicio
1754 3476 2052 3539 nascitur
2074 3476 2281 3541 fuisse
2306 3479 2417 3561 qui
2442 3480 2811 3543 seriberent

585 3568 1058 3654 Niliqenumque
1098 3570 1277 3632 deum
1314 3582 1617 3635 monstra.
1665 3578 1847 3635 certe
1877 3571 2232 3636 Lucretius
2270 3575 2385 3637 vix
2429 3574 2627 3639 aliter
2658 3577 2811 3639 scri-

582 3666 745 3729 bere
766 3666 990 3750 potuit
1011 3685 1210 3749 quam
1229 3670 1531 3753 moksque
1553 3680 1757 3732 coorta
1781 3669 1839 3733 Ο
1856 3693 2012 3732 mm:
2045 3692 2139 3733 er.
2153 3694 2195 3733 n
2212 3695 2254 3735 u
2269 3694 2304 3734 s
2334 3696 2375 3734 n
2392 3695 2430 3734 E
2450 3675 2809 3760 Ρήηιὴήιὶς.

577 3766 674 3828 ita
722 3763 1141 3827 membranae
1191 3765 1258 3827 in
1310 3790 1379 3842 11,
1395 3765 1513 3831 821
1568 3766 1935 3852 Omniyenus
1969 3769 2235 3855 perfusa
2289 3772 2626 3851 coloribus,
2680 3794 2807 3835 non

588 3861 967 3945 Omniqenis.

745 3959 885 4023 441.
910 3981 1046 4023 viA
1082 3983 1484 4024 conexus,
1518 3962 1878 4029 Corrector
1909 3965 2221 4050 quadrati
2254 3974 2319 4029 et
2353 3967 2561 4030 ceteri
2590 3989 2806 4030 νιΛε.

574 4059 671 4123 ita
700 4058 1019 4142 seriptum
1053 4067 1157 4122 est
1183 4059 1251 4122 in
1281 4059 1451 4122 libro
1480 4060 1683 4135 11‚726
1714 4070 1782 4126 et
1816 4063 1975 4128 1020
1994 4113 2007 4126 .

740 4158 880 4222 437.
941 4181 1188 4222 innon
1248 4181 1438 4222 Locr
1474 4207 1488 4221 .
1564 4159 1771 4246 Apud
1818 4161 2231 4225 Macrobium
2283 4161 2423 4225 Sat..
2458 4163 2611 4238 vn?
2656 4171 2727 4226 et
2768 4163 2803 4225 4

574 4280 765 4321 ηῐυε
796 4258 916 4321 loci
933 4304 946 4318 .

737 4357 877 4421 439.
921 4378 1197 4420 masna
1247 4380 1705 4423 msronmu:
1758 4381 2099 4424 PARTES.
2151 4357 2357 4444 Apud
2384 4358 2801 4424 Macrobium

569 4453 868 4530 Sat.v1‚2
899 4476 1258 4519 Maenas.
