3042 5192
610 466 746 535 116
1654 466 1781 534 ΙΠΙ

603 642 700 704 sic
730 660 854 726 ego
884 660 1062 703 nunc
1084 687 1101 715 ‚
1126 639 1437 723 quoniam
1468 639 1637 703 haec
1666 639 1840 703 ratio
1870 640 2265 729 plerumque
2296 643 2566 710 videtur

600 755 854 819 tristior
886 775 1035 818 esse
1066 754 1310 839 quibus
1337 776 1474 817 non
1505 761 1610 818 est
1636 761 1929 818 tractata
1946 804 1961 830 ,
1990 764 2310 843 retroque

470 888 533 934 20
592 870 833 956 volgus
862 868 1184 933 abhorret
1212 869 1296 932 ab
1327 867 1455 933 hac
1475 917 1491 943 ‚
1512 867 1693 931 volui
1722 868 1840 932 tibi
1871 871 2363 957 suaviloquenti

595 985 881 1049 carmine
910 983 1129 1047 Pierio
1158 983 1486 1047 rationem
1516 1003 1856 1067 exponere
1884 992 2184 1048 nostram

597 1105 666 1162 et
695 1099 885 1183 quasi
911 1118 1183 1162 musaeo
1217 1095 1396 1160 dulci
1428 1097 1814 1182 contingere
1842 1097 2072 1175 melle3

595 1214 650 1277 si
680 1213 798 1279 tibi
828 1211 1004 1277 forte
1033 1212 1318 1276 animum
1346 1210 1462 1275 tali
1492 1211 1753 1275 ratione
1780 1218 2012 1276 tenere

595 1328 901 1391 versibus
929 1327 998 1389 in
1025 1326 1276 1390 nostris
1304 1345 1574 1411 possem
1593 1373 1609 1401 ,
1634 1322 1790 1388 dum
1818 1326 2110 1413 percipis
2138 1349 2398 1391 omnem

468 1459 530 1503 25
595 1449 900 1505 naturam
927 1462 1149 1504 rcrum
1178 1461 1256 1503 ac
1284 1439 1619 1526 persentis
1647 1439 2071 1526 utilitatem]

674 1557 899 1640 Atque
929 1555 1124 1618 animi
1154 1554 1465 1640 quoniam
1496 1552 1698 1616 docui
1724 1561 1969 1619 natura
1999 1554 2161 1641 quid
2192 1564 2372 1622 esset
2419 1619 2426 1624 .

595 1677 662 1734 et
693 1670 933 1754 quibus
964 1691 999 1732 e
1028 1669 1231 1733 rebus
1263 1690 1412 1731 cum
1442 1689 1728 1753 corpore
1759 1677 2028 1755 compta
2054 1670 2310 1755 vigeret

593 1806 813 1869 quove
841 1782 1043 1849 modo
1076 1782 1399 1848 distracta
1426 1781 1681 1846 rediret
1707 1783 1778 1846 in
1808 1782 2000 1847 ordia
2025 1785 2273 1870 prima,

588 1920 767 1962 nunc
795 1919 993 1984 agere
1019 1898 1327 1985 incipiam
1357 1897 1476 1961 tibi
1493 1946 1508 1972 ‚
1535 1895 1720 1982 quod
1747 1906 2089 1962 vementer
2117 1897 2205 1963 ad
2232 1898 2359 1963 has
2387 1921 2500 1963 res

465 2029 527 2076 30
593 2014 834 2078 attinet
852 2063 866 2090 ‚
892 2035 1041 2078 esse
1072 2034 1152 2078 ea
1180 2032 1351 2096 quae
1378 2032 1602 2075 rerum
1631 2011 1981 2076 simulacra
2008 2034 2360 2090 vocamus3

594 2150 768 2214 quae
786 2179 801 2206 ‚
826 2128 1016 2212 quasi
1043 2127 1464 2191 membranae
1496 2147 1749 2188 summo
1781 2124 1866 2189 de
1896 2147 2183 2213 corpore
2211 2148 2433 2190 rerum

592 2241 914 2328 dereptae
933 2291 949 2318 ‚
969 2241 1257 2305 volitant
1284 2241 1598 2325 ultroque
1628 2239 1934 2325 citroque
1961 2263 2085 2328 per
2115 2262 2312 2306 auras
2330 2291 2347 2317 ‚

589 2365 792 2442 atque
823 2354 1057 2419 eadem
1083 2355 1280 2418 nobis
1308 2354 1735 2440 vigilantibus
1767 2355 1964 2419 obvia
1991 2363 2251 2420 mentes

585 2471 952 2535 terrificant
982 2478 1185 2556 atque
1213 2470 1282 2532 in
1313 2469 1561 2533 somnis
1581 2517 1596 2544 ,
1620 2490 1769 2532 cum
1799 2490 2001 2555 saepe
2027 2470 2278 2556 figuras

458 2601 521 2647 35
587 2586 962 2649 contuimur
988 2585 1188 2648 miras
1218 2582 1702 2667 simulacraque
1747 2583 1894 2646 luce
1935 2593 2273 2649 carentum
2293 2635 2311 2658 ‚

588 2721 759 2785 quae
787 2721 915 2763 nos
941 2698 1253 2771 horrifice
1281 2697 1659 2782 languentis
1690 2718 1893 2784 saepe
1922 2721 2168 2785 sopore

590 2815 937 2880 excierunt
955 2839 973 2893 ς
992 2836 1079 2877 ne
1108 2813 1285 2878 forte
1315 2813 1567 2877 animas
1595 2811 1986 2878 Acherunte
2013 2835 2278 2878 reamur

588 2929 875 3016 effugere
907 2937 1022 2994 aut
1050 2930 1319 2993 umbras
1346 2928 1522 2992 inter
1550 2928 1745 2993 vivos
1772 2929 2056 2993 volitare
2075 2978 2090 3004 ,

585 3066 756 3109 neve
786 3043 1036 3131 aliquid
1064 3044 1281 3108 nostri
1306 3050 1470 3130 post
1495 3050 1778 3107 mortem
1804 3065 2011 3129 posse
2039 3043 2357 3128 relinqui,

456 3178 519 3223 40
585 3183 734 3224 cum
764 3182 1015 3245 corpus
1047 3159 1241 3222 simul
1268 3166 1471 3244 atque
1501 3158 1699 3224 animi
1726 3165 1971 3222 natura
1999 3166 2347 3244 perempta

580 3276 651 3339 in
681 3296 804 3338 sua
832 3273 1198 3337 discessum
1229 3269 1540 3336 dederint
1567 3271 1932 3358 primordia
1963 3275 2253 3358 quoique
2273 3322 2287 3336 .

663 3388 832 3452 Dico
861 3387 1061 3472 igitur
1087 3407 1311 3450 rerum
1342 3385 1594 3472 effigias
1624 3387 1975 3471 tenuisque
2002 3387 2251 3473 figuras

580 3502 826 3566 mittier
856 3502 940 3565 ab
969 3501 1172 3565 rebus
1191 3550 1206 3576 ‚
1231 3489 1483 3563 summo
1516 3499 1603 3563 de
1634 3523 1919 3589 corpore
1947 3524 2169 3566 rerum
2189 3551 2204 3576 ‚

454 3633 512 3678 51
584 3637 756 3701 quae
786 3616 978 3702 quasi
1004 3616 1428 3679 membranae
1454 3616 1565 3680 vel
1595 3624 1831 3680 cortex
1858 3615 2387 3681 nominitandast
2404 3665 2420 3691 ‚

578 3730 764 3815 quod
796 3731 1086 3818 speciem
1115 3752 1194 3793 ac
1221 3729 1504 3794 formam
1535 3731 1809 3794 similem
1837 3733 2009 3817 gerit
2039 3733 2181 3795 eius
2206 3732 2424 3817 imago
2444 3781 2461 3806 ‚

579 3845 765 3910 cuius
795 3867 1076 3931 cumque
1109 3845 1288 3909 cluet
1316 3843 1402 3907 de
1433 3865 1720 3932 corpore
1747 3844 1897 3909 fusa
1924 3848 2156 3932 vagari
2175 3896 2189 3909 .

450 3977 515 4022 44
579 3959 649 4023 id
677 3960 834 4026 licet
861 3961 1016 4024 hinc
1048 3961 1348 4045 quamvis
1376 3959 1607 4025 hebeti
1637 3981 2048 4045 cognoscere
2078 3960 2286 4026 corde
2305 4010 2319 4025 .

453 4092 515 4138 54
579 4077 905 4163 principio
937 4077 1249 4161 quoniam
1278 4075 1550 4140 mittunt
1577 4075 1646 4138 in
1673 4075 1877 4140 rebus
1906 4076 2160 4163 apertis

577 4357 636 4403 21
678 4350 847 4422 pierio
885 4354 905 4421 ΙΙ
941 4359 998 4404 41
1042 4369 1305 4423 quaeque.
1346 4354 1364 4420 ΙΙ
1402 4360 1465 4406 42
1504 4353 1725 4427 effugias
1763 4357 1784 4426 ΙΙ
1823 4363 1885 4409 43
1924 4357 2123 4411 cortice
2160 4374 2368 4410 eorum.
2408 4357 2429 4425 ΙΙ
2487 4362 2716 4408 45—48
2744 4379 2808 4399 ==

578 4439 936 4500 111,31—34.
974 4435 994 4502 ΙΙ
1033 4441 1097 4487 49
1121 4442 1354 4488 50=29
1374 4443 1463 4490 30.
1502 4439 1522 4506 ΙΙ
1562 4446 1617 4490 51
1666 4439 1768 4503 Qui
1808 4440 1828 4507 ΙΙ
1866 4446 1928 4493 53
1968 4442 2104 4493 civet
2142 4441 2162 4510 Η
2203 4449 2266 4496 54
2304 4440 2586 4494 mittuntur
