3042 5192
636 422 772 491 186
1710 417 1779 483 V

624 603 767 659 tum
796 593 1060 657 demum
1086 591 1313 679 pueris
1341 611 1509 655 aevo
1539 590 1824 656 florente
1852 591 2160 656 iuventas

627 709 872 796 occipit
900 716 968 772 81
993 707 1173 772 010111
1198 705 1402 771 vestit
1429 705 1739 791 lanugine
1766 706 2005 784 malas;

471 842 570 888 890
624 847 711 888 ne
738 823 914 887 forte
945 844 1030 885 ex
1055 821 1323 886 homine
1352 828 1421 884 81
1446 822 1751 885 veterino
1781 821 2029 885 semine
2061 803 2383 906 equorum

628 938 897 1003 confieri
926 935 1165 1001 eredas
1197 935 1571 999 Centauros
1600 957 1808 1020 posse
1833 957 2057 1021 neque
2089 957 2236 1000 8888
2256 984 2273 1011 ,

584 1076 592 1088 ’
626 1061 743 1118 3111
768 1050 1021 1118 rabidis
1052 1050 1326 1116 canibus
1355 1051 1731 1115 succinctas
1764 1051 2194 1115 semimarinis

625 1168 1019 1256 corporibus
1051 1166 1314 1253 Scyllas
1332 1213 1348 1241 ‚
1372 1173 1441 1229 81
1469 1173 1695 1230 881813
1723 1164 1809 1228 de
1838 1185 2082 1250 genere
2110 1165 2347 1230 horum
2365 1215 2381 1241 ‚

623 1285 798 1348 inter
828 1304 902 1347 se
932 1303 1216 1368 quorum
1245 1278 1587 1344 discordia
1614 1281 1910 1346 membra
1935 1279 2272 1357 videmus3

471 1416 569 1460 895
624 1418 798 1483 quae
827 1418 1045 1482 neque
1073 1395 1438 1461 florescunt
1464 1395 1720 1482 pariter
1747 1416 1873 1459 nec
1902 1396 2153 1460 robora
2182 1403 2450 1460 sumunt

628 1512 1022 1598 corporibus
1050 1532 1273 1596 neque
1297 1510 1636 1596 proiciunt
1664 1517 1888 1575 aetate
1917 1517 2189 1575 senecta
2205 1559 2222 1586 ‚

623 1649 749 1691 nec
779 1627 968 1692 simili
996 1625 1266 1689 Venere
1297 1624 1662 1689 ardescunt
1687 1646 1815 1689 nec
1843 1627 2140 1691 moribus
2167 1625 2319 1688 unis

626 1742 1063 1817 conveniunt,
1084 1761 1304 1826 neque
1335 1748 1494 1805 sunt
1522 1739 1757 1805 eadem
1781 1740 2076 1805 iucunda
2102 1762 2226 1827 per
2257 1748 2443 1806 artus
2464 1791 2477 1804 .

629 1858 878 1943 quippe
906 1855 1136 1920 videre
1164 1856 1323 1921 lieet
1348 1857 1790 1944 pinguescere
1819 1878 2024 1942 saepe
2053 1856 2273 1922 cicuta

469 1990 569 2036 900
624 1973 1012 2058 barbigeras
1039 1970 1371 2057 pecudes,
1391 1970 1645 2035 homini
1676 1993 1848 2057 quae
1878 1979 1982 2037 est
2010 1993 2166 2036 acre
2194 1993 2520 2036 venenum
2540 2022 2554 2035 .

624 2086 912 2172 denique
941 2086 1204 2151 flamma
1235 2085 1500 2172 quidem
1532 2108 1680 2151 cum
1710 2109 2000 2173 corpora
2024 2087 2208 2152 fulva
2236 2087 2500 2151 leonum

622 2210 760 2267 1310
789 2203 1005 2267 soleat
1034 2210 1292 2266 torrere
1322 2209 1527 2287 atque
1553 2223 1751 2266 urere
1782 2224 1980 2287 quam
2008 2223 2221 2288 genus
2252 2224 2447 2266 omne

623 2318 899 2382 visceris
926 2319 996 2381 in
1016 2318 1213 2382 terris
1245 2314 1430 2402 quod
1462 2337 1747 2401 cumque
1776 2324 1845 2380 81
1873 2317 2212 2402 sanguinis
2243 2325 2463 2391 811181,

624 2433 739 2518 qui
764 2433 907 2496 fieri
933 2433 1157 2518 potuit
1174 2481 1189 2508 ,
1210 2431 1454 2517 triplici
1484 2452 1635 2494 cum
1665 2454 1954 2518 corpore
1982 2441 2060 2497 01
2086 2454 2220 2497 una
2237 2482 2253 2509 ,

470 2563 571 2610 905
627 2548 842 2634 prima
869 2548 975 2612 leo
995 2598 1010 2624 ,
1032 2555 1378 2636 postrema
1410 2545 1620 2611 draeo
1639 2595 1655 2621 ‚
1675 2546 1896 2611 media
1920 2548 2070 2634 ipsa
2088 2596 2104 2624 ,
2129 2547 2478 2612 Chimaera

627 2683 744 2727 ore
771 2661 955 2726 foras
986 2684 1206 2726 381810
1232 2662 1427 2726 113181
1457 2661 1544 2726 (18
1576 2683 1864 2749 corpore
1891 2662 2216 2728 flammam
2232 2663 2264 2725 P

626 2798 835 2863 quare
865 2778 1061 2841 etiam
1092 2777 1328 2842 tellure
1356 2798 1537 2842 nova
1565 2777 1889 2862 caeloque
1917 2779 2173 2843 recenti

622 2892 784 2957 talia
813 2893 927 2979 qui
953 2893 1145 2979 fingit
1169 2893 1474 2982 potuisse
1503 2892 1811 2958 animalia
1836 2894 2019 2979 gigni
2035 2942 2052 2969 ,

625 3008 823 3072 nixus
850 3008 920 3071 in
948 3008 1080 3072 hoe
1110 3030 1247 3074 uno
1276 3008 1598 3074 novitatis
1627 3008 1894 3072 nomine
1921 3008 2099 3074 inani
2118 3057 2132 3084 ‚

467 3141 567 3187 910
621 3124 829 3189 multa
856 3124 1012 3188 licet
1041 3123 1231 3188 simili
1259 3124 1517 3188 ratione
1543 3122 1797 3188 effutiat
1826 3144 1943 3189 ore
1962 3172 1978 3200 ,

622 3260 825 3303 aurea
855 3247 993 3304 11110
1024 3238 1205 3302 (11831
1233 3259 1356 3324 per
1385 3245 1605 3302 terras
1633 3237 1902 3303 flumina
1929 3239 2131 3324 vulgo

622 3353 894 3417 fluxisse
914 3403 929 3430 ,
953 3361 1023 3417 81
1050 3354 1322 3439 gemmis
1350 3352 1593 3417 florere
1624 3354 1898 3418 arbusta
1927 3360 2160 3418 808888
2178 3402 2194 3428 ,

628 3475 745 3531 aut
770 3468 1104 3532 hominem
1130 3476 1321 3533 tanto
1352 3469 1798 3533 membrorum
1828 3491 1976 3533 esse
2005 3470 2248 3557 impete
2275 3477 2505 3534 natum
2523 3520 2540 3544 ‚

626 3591 814 3647 trans
841 3584 1049 3649 maria
1078 3584 1214 3648 alta
1241 3582 1489 3669 pedum
1516 3585 1704 3648 nisus
1734 3592 1811 3649 ut
1837 3607 2093 3670 ponere
2120 3593 2358 3672 posset

470 3716 568 3762 915
627 3707 695 3762 81
722 3699 1025 3763 manibus
1054 3707 1271 3764 totum
1301 3699 1549 3763 circum
1579 3722 1652 3764 se
1680 3708 1947 3765 vertere
1977 3700 2231 3765 eaelum
2248 3749 2262 3763 .

624 3835 777 3878 nam
808 3814 994 3899 quod
1020 3815 1229 3879 muita
1254 3813 1440 3879 fuere
1468 3815 1538 3878 in
1565 3815 1764 3880 terris
1794 3816 2046 3880 semina
2074 3837 2292 3880 rerum

626 3938 927 4020 tempore
958 3925 1092 4014 q'uo
1122 3929 1408 4015 primum
1440 3930 1639 3995 tellus
1669 3931 1974 3996 animalia
2000 3929 2210 3998 fudit,

632 4243 732 4289 888
768 4235 957 4307 puerili
995 4238 1015 4306 ΙΙ
1053 4238 1281 4292 florenta
1318 4237 1338 4304 ΙΙ
1375 4245 1472 4290 889
1512 4238 1697 4292 officit
1733 4239 1753 4309 ΙΙ
1803 4245 1901 4290 892
1940 4236 2143 4308 rapidis
2184 4236 2205 4304 ΙΙ
2242 4242 2342 4289 896
2379 4239 2660 4307 proficiunt
2693 4237 2710 4302 l*
2743 4236 2821 4284 901

634 4320 877 4389 Denique
912 4329 1177 4377 omissum.
1217 4321 1238 4390 ΙΙ
1275 4328 1374 4375 904
1411 4339 1593 4377 unam.
1629 4325 1650 4390 ΙΙ
1690 4329 1788 4376 906
1824 4323 1968 4377 feras
2005 4322 2026 4390 ΙΙ
2062 4322 2192 4377 flare
2227 4323 2248 4387 ΙΙ
2287 4327 2384 4376 913
2423 4321 2634 4375 homine
2678 4321 2697 4387 ΙΙ
2744 4320 2824 4370 914

631 4403 869 4475 pondere
