3042 5192
1266 469 1295 535 1
2294 474 2385 543 25

229 655 282 708 ut
300 643 358 707 id
378 653 518 707 recte
534 640 748 729 faeere
763 643 962 728 possit
979 689 998 722 ‚
1040 642 1127 706 ad
1150 643 1400 706 trimum
1425 692 1439 705 .
1481 663 1629 706 eum
1668 663 1932 708 versum
1953 645 2088 730 'qui
2116 647 2245 713 hos
2284 670 2388 713 se-

229 741 414 826 quitur
440 787 457 815 ‚
507 739 631 804 Sed
663 739 965 825 quaedam
1007 741 1343 805 aivnulacra
1364 788 1383 821 ,
1440 762 1590 804 cum
1616 740 2001 828 Vergiliano
2044 749 2389 833 componit

227 838 560 902 Macrobius
596 839 666 901 in
695 836 1227 902 Saturnaliorum
1254 861 1343 915 νι,
1363 839 1424 902 1:
1453 861 1593 904 non
1630 839 1890 904 habent
1918 862 2066 906 eum
2096 842 2386 928 quadra-

224 944 310 1001 tus
335 944 394 1001 et
418 935 691 1001 schedae
708 985 722 1000 .
749 958 785 1000 e
813 937 1133 1023 proximis
1160 937 1468 1002 Donatus
1497 936 1589 1001 ad
1615 936 1936 1003 Andriam
1966 962 2008 1016 1,
2020 939 2129 1017 2‚4
2154 965 2390 1029 semper

211 1034 445 1123 florentis
470 1034 746 1099 Homeri.

358 1132 481 1197 125.
517 1153 924 1197 Lacinium
982 1154 1461 1197 srrunnsnn
1533 1155 1833 1200 sALsAs
1891 1133 2387 1202 Cosmssnr.

228 1232 455 1315 &epi-sse
479 1252 517 1294 13
532 1253 571 1294 τ
600 1237 948 1295 corrector
977 1230 1292 1316 quadrati
1321 1239 1390 1296 et
1416 1232 1753 1298 Antonius
1782 1233 1978 1299 Marii
2006 1284 2020 1298 .
2055 1234 2394 1323 etfundere

223 1327 568 1412 quadratum
596 1328 785 1415 quod
812 1329 983 1393 male
1010 1330 1327 1417 probavit
1352 1330 1714 1396 Lambinus
1744 1381 1758 1395 .
1794 1333 2103 1398 lacrumas
2127 1356 2289 1399 vero
2322 1343 2392 1400 et

221 1427 489 1512 ecfumdere
511 1428 659 1493 libri
698 1429 923 1493 nostri.
952 1450 1091 1493 non
1132 1429 1493 1493 exhibent:
1534 1428 1772 1493 horum
1801 1438 2025 1495 autem
2053 1432 2390 1497 scribendi

220 1523 490 1588 rationem
523 1524 814 1590 reddere
851 1525 1027 1591 satis
1056 1526 1277 1592 habeo
1307 1575 1323 1604 ‚
1358 1527 1488 1591 nisi
1529 1527 1715 1611 quod
1755 1553 1829 1592 ae
1858 1536 1925 1593 et
1952 1554 1985 1594 e
2012 1531 2214 1617 paulo
2244 1553 2387 1596 rec-

219 1621 322 1686 tius
347 1623 542 1689 scribo
570 1631 845 1712 praeter
876 1645 1076 1711 quam
1102 1625 1170 1688 in
1199 1625 1415 1689 minus
1446 1626 1648 1690 certis
1679 1675 1695 1702 ‚
1726 1626 1914 1691 velut
1952 1652 2208 1694 emornna
2244 1641 2390 1696 teter

216 1730 353 1804 septa
382 1744 563 1786 meror
598 1734 823 1787 mestus
855 1734 1066 1808 presto
1101 1724 1281 1808 yleba
1317 1745 1500 1788 scena
1524 1725 1800 1810 penuria
1817 1725 2039 1811 fecula
2057 1775 2075 1809 ,
2119 1748 2290 1812 quae
2317 1729 2386 1792 in

218 1838 497 1884 consensu
529 1821 1064 1886 membranarum
1107 1843 1246 1886 non
1285 1820 1614 1908 repudio,
1663 1824 1963 1908 quamvis
2001 1824 2387 1891 Lucretium

219 1935 281 1978 ee
296 1918 485 1982 omnia
501 1940 620 2006 per
643 1917 1124 2005 diphthongon
1143 1919 1507 2005 protulisse
1532 1919 1832 1985 credam.
1860 1923 2129 1987 omnino
2161 1933 2384 1989 autem

218 2012 291 2076 ita
312 2016 538 2092 sentio,
571 2026 638 2083 et
666 2037 879 2103 posse
910 2025 978 2082 et
1008 2016 1256 2082 debere
1284 2039 1413 2082 nos
1440 2018 1509 2081 in
1537 2018 1877 2105 plerisque
1903 2021 2004 2084 uti
2032 2022 2386 2109 orthogra-

218 2108 343 2196 phia
365 2115 587 2180 saeculi
617 2116 882 2201 quarti,
904 2137 1125 2201 neque
1151 2114 1350 2180 nobis
1378 2116 1754 2181 recentiora
1775 2117 2126 2183 admittere
2153 2120 2385 2185 licere.

218 2207 312 2271 sed
335 2232 624 2277 summam
669 2215 1119 2278 constantiam
1158 2213 1226 2277 in
1269 2212 1558 2277 dicendo
1590 2213 2034 2278 scribendove
2064 2238 2389 2301 quaerere

217 2306 373 2372 animi
403 2310 733 2375 illiberalis
775 2317 879 2374 est
907 2359 922 2374 .
962 2332 1067 2374 me
1108 2309 1376 2395 quidem
1407 2309 1892 2397 Hertzbergius
1923 2311 2197 2377 studere
2229 2313 2392 2380 dicit

217 2410 276 2468 ut
294 2405 421 2470 libri
444 2409 563 2473 mei
590 2408 936 2474 saeculum
963 2409 1234 2473 tertium
1264 2406 1591 2473 decimum
1619 2408 1871 2474 referre
1901 2409 2256 2477 videantur
2273 2462 2287 2489 ,
2317 2414 2387 2477 in

218 2499 511 2593 Philologo
568 2505 1071 2573 Schneidewini
1125 2529 1177 2570 11
1188 2529 1253 2593 p.
1270 2507 1393 2572 589
1423 2530 1437 2569 ε
1495 2506 1620 2571 sed
1669 2508 1739 2571 in
1790 2515 1940 2574 tota
1980 2510 2094 2574 illa
2146 2512 2389 2598 pagina

217 2620 611 2692 quaecumque
654 2607 932 2692 scripsit
971 2627 1107 2670 non
1162 2606 1354 2691 capio
1383 2654 1399 2682 ‚
1444 2607 1633 2671 velut
1673 2628 1823 2670 cum
1857 2606 2120 2674 fabulas
2149 2610 2388 2676 Aviani

214 2702 431 2767 saeculo
461 2707 695 2790 quinto
726 2707 907 2769 tutius
935 2703 1228 2770 adscribi
1257 2704 1419 2769 dicit
1449 2726 1648 2790 quam
1677 2705 1977 2770 secundo
1997 2756 2010 2770 .

343 2800 704 2867 maruno
749 2825 902 2867 cum
948 2825 1264 2867 prunus.
1319 2804 1488 2867 Tunc
1524 2811 1682 2867 ante
1713 2812 2195 2869 consonantem
2226 2828 2386 2871 con-

206 2899 286 2957 tra
306 2905 641 2983 poctarum
672 2901 1121 2986 antiquiorum
1146 2922 1342 2965 usum
1369 2909 1656 2986 uterque
1679 2902 1897 2966 codex
1919 2911 2187 2989 praeter
2206 2903 2388 2968 hunc

205 2991 381 3060 locum
402 2999 501 3064 bis
529 3050 544 3077 ‚
576 3001 661 3065 in
690 3000 926 3076 111‚710
954 3010 1096 3065 tunc
1114 3001 1347 3085 periit,
1386 2998 1456 3061 in
1482 3021 1572 3074 w,
1585 2998 1708 3062 250
1738 3010 1876 3063 tunc
1891 3022 2052 3084 per-,-
2096 3002 2385 3086 quadra-

205 3098 290 3157 tus
324 3097 491 3163 solus
527 3101 710 3164 Twnc
740 3121 938 3184 porro
979 3121 1023 3175 1,
1036 3097 1161 3161 426
1201 3104 1270 3161 et
1318 3097 1487 3161 Tunc
1523 3097 1782 3183 viyilare
1819 3096 2042 3172 xv,455
2072 3146 2085 3160 .
2118 3097 2190 3160 in
2222 3098 2387 3163 Ger-

205 3194 397 3259 manici
419 3197 875 3285 prognosticis
909 3198 1015 3273 1‚4
1042 3203 1237 3261 recte.
1255 3195 1408 3260 libri
1437 3193 1730 3259 Fuhm‘na
1755 3205 1883 3259 tum
1911 3195 2121 3259 crebro
2149 3196 2386 3261 iamla-

202 3298 281 3352 har
310 3293 565 3381 Iuppiter
586 3346 606 3378 ,
662 3307 719 3360 et
760 3307 901 3360 &mc
943 3295 1189 3361 Intonat
1229 3295 1458 3359 emissi-3
1504 3293 1821 3358 violmtior
1863 3294 2102 3378 tyn-ibus
2146 3294 2351 3359 aether
2363 3320 2389 3378 ,-

205 3408 443 3472 quorum
469 3394 661 3460 certe
688 3394 877 3480 prius
904 3395 1172 3480 impune
1199 3394 1441 3458 mutari
1468 3414 1608 3457 non
1637 3399 1869 3478 potest
1892 3441 1908 3468 ‚
1948 3390 2135 3477 quod
2164 3395 2388 3457 tamen

200 3483 327 3553 fecit
351 3489 638 3559 Orellius
656 3543 670 3557 .
695 3492 820 3557 sed
845 3493 916 3557 in
943 3492 1077 3558 hoc
1103 3514 1309 3558 versu
1335 3492 1671 3556 Antonius
1698 3490 1896 3556 Marii
1921 3491 2237 3555 maiorem
2264 3491 2386 3555 lin-

204 3603 342 3668 guae
365 3588 644 3656 Latinae
685 3591 991 3677 peritiam
1035 3591 1337 3657 exhibuit
1365 3613 1564 3676 quam
1592 3588 2051 3653 Wakefieldus
2077 3588 2388 3654 Eichsta·

199 3680 320 3750 dius
344 3686 698 3777 Forbiger:
739 3691 1009 3776 scripsit
1049 3689 1217 3754 enim
1254 3690 1367 3753 ille
1405 3688 1561 3753 ideo
1593 3710 1755 3752 rum
1775 3738 1789 3764 ,
1826 3689 1981 3774 quia
2017 3689 2392 3774 praecessit

200 3804 338 3848 cum.
370 3791 607 3875 nequis
652 3797 877 3853 tamen
914 3788 1098 3852 nullo
1137 3796 1443 3874 tempore
1483 3786 1609 3851 has
1638 3787 1999 3874 particulas
2030 3807 2201 3871 quae
2232 3792 2391 3850 sunt

197 3901 309 3945 cum
333 3893 397 3949 et
419 3898 561 3952 tunc
586 3889 665 3951 in
694 3886 1150 3952 enumerando
1176 3886 1569 3951 coniunctas
1597 3907 1746 3949 esse
1767 3892 1994 3971 putet,
2018 3905 2156 3948 non
2185 3882 2388 3949 modo

198 3975 453 4048 librarii
435 4008 505 4049 m
536 3986 848 4051 Caesaris
880 3985 967 4051 de
996 3986 1172 4051 bello
1206 3985 1263 4048 Gr
1270 3984 1461 4048 allico
1491 4006 1583 4059 Ἦ,
1596 3983 1696 4060 32,
1714 3984 1751 4046 5
1793 3984 2206 4070 scripserunt
2232 3983 2393 4047 hunc

197 4099 309 4143 omn
340 4085 592 4171 reliquis
631 4085 811 4150 rebus
850 4087 1050 4150 locum
1078 4084 1425 4170 probarat,
1459 4094 1602 4147 temo
1651 4083 1817 4169 quod
1863 4083 2196 4167 &aper-ioris
2243 4082 2392 4145 anni

200 4183 519 4248 maiam
544 4186 819 4270 inteqrae
843 4185 1195 4262 manebant,
1227 4189 1296 4245 et
1321 4181 1390 4245 in
1420 4180 1622 4246 Nonii
1648 4202 1711 4265 p.
1726 4179 1868 4256 435,
1889 4180 1962 4244 17
1995 4201 2032 4242 e
2051 4178 2391 4242 Ciceronis

196 4271 267 4338 de
290 4278 516 4347 officiis
546 4305 592 4358 1,
609 4282 726 4348 123
755 4285 1009 4348 luxuria
1035 4306 1176 4347 vero
1207 4305 1345 4346 cum
1384 4281 1550 4346 omni
1580 4282 1762 4344 aetati
1800 4281 1995 4365 impis
2021 4290 2163 4341 tunc
2189 4299 2389 4340 senec-

193 4375 651 4462 &foedissima
679 4393 792 4460 est,
838 4379 961 4445 sed
991 4381 1188 4444 etiam
1214 4379 1283 4443 in
1310 4378 1645 4443 Iuvenalis
1675 4398 1878 4442 versu
1905 4376 2152 4440 satirae
2181 4395 2256 4435 rx
2275 4370 2392 4433 118

192 4474 483 4541 verissimi
516 4487 829 4544 auctores
859 4477 1287 4544 tradiderunt
1313 4478 1482 4542 haec
1514 4526 1531 4552 ‚
1569 4477 1898 4542 Vivendum
1936 4484 2093 4539 recte
2132 4481 2220 4537 est
2255 4491 2394 4532 cum
