3042 5192
600 468 693 535 84
1682 460 1745 528 II

598 640 909 706 videatur
952 637 1173 702 omnia
1211 635 1415 699 semel
1461 632 1553 698 ad
1594 633 1871 706 ἇΝᾶΓκΗΝ
1917 639 1986 695 et
2035 629 2124 695 ad
2155 630 2432 695 deorum
2488 632 2832 698 arbitrium

598 739 851 803 referre
870 738 922 821 ‚]
969 735 1106 800 Nec
1122 733 1462 819 persectari
1478 731 1831 817 primordia
1858 729 2102 815 sinfflda
2130 752 2407 816 quaeque
2428 778 2447 810 ‚
2489 729 2569 794 Ut
2592 731 2836 795 videam

599 861 725 924 qua
768 837 1027 923 quicque
1060 842 1318 918 qen-atur
1357 853 1499 894 cum
1539 830 1776 893 ratione
1803 875 1817 890 .
1862 834 2067 912 atque
2094 826 2201 891 his
2232 835 2390 912 apte
2413 827 2651 891 iuncta
2680 835 2835 891 sunt

599 956 772 1020 quae
815 938 1132 998 secuntur
1165 953 1180 993 t
1222 950 1301 993 ea
1338 949 1502 992 vero
1544 926 1742 990 huius
1781 925 1966 990 modi
2006 934 2165 991 sunt
2194 974 2211 1000 ‚
2254 946 2341 988 ne
2383 946 2535 990 esse
2565 924 2835 1011 quidem

599 1054 774 1120 opus
801 1039 881 1094 ut
903 1029 1144 1113 aliquis
1171 1024 1688 1114 primordiorum
1716 1032 2023 1089 naturam
2046 1031 2359 1088 accurate
2386 1023 2834 1110 pervestiget,

599 1152 734 1215 quo
775 1128 987 1214 magis
1024 1124 1393 1211 perspiciat
1432 1122 1810 1186 universam
1851 1143 2073 1185 rerum
2107 1128 2415 1185 naturam
2441 1144 2583 1186 non
2614 1142 2776 1186 esse
2800 1143 2836 1185 a

599 1228 726 1292 diis
758 1226 1095 1291 hominum
1125 1243 1330 1287 causa
1359 1221 1796 1285 constitutam
1826 1269 1840 1283 .
1860 1218 2005 1293 ‚sed
2034 1220 2211 1284 hanc
2249 1241 2391 1284 rem
2416 1226 2629 1306 poeta
2655 1270 2673 1297 ‚
2713 1221 2836 1284 nisi

596 1325 792 1390 fallor
822 1372 837 1400 ‚
877 1322 1174 1387 breviter
1212 1320 1404 1384 nimis
1434 1340 1561 1382 nec
1589 1326 1726 1382 tam
1755 1316 2005 1383 diserte
2052 1338 2250 1402 quam
2279 1318 2454 1382 solet
2481 1320 2832 1407 exposuit:

597 1446 748 1488 nam
778 1421 945 1486 illud
973 1421 1284 1485 blandian-
1302 1467 1320 1498 ‚
1353 1416 1541 1503 quod
1570 1424 1676 1480 est
1701 1417 1770 1479 in
1799 1438 2000 1481 versu
2038 1415 2187 1493 173,
2216 1436 2258 1478 a
2285 1415 2632 1502 plerisque
2661 1416 2832 1481 fi-us·

596 1531 704 1587 tra
730 1526 1129 1606 temptatum
1168 1516 1356 1602 (Itali
1388 1515 1562 1578 enim
1591 1514 1813 1578 fecere
1855 1514 1932 1578 Ut
1963 1552 2034 1561 —
2069 1515 2437 1596 blanditum,
2466 1513 2832 1579 Lambinus

609 1621 687 1684 Ut
717 1658 786 1667 -—
823 1616 1219 1700 ὂῖαηάίίίπι),
1265 1614 1431 1678 satis
1461 1611 1631 1676 dure
1658 1613 1952 1698 positum
1992 1619 2100 1677 est
2125 1633 2253 1698 pro
2295 1613 2667 1678 blandiendo
2695 1613 2830 1677 hor-

596 1729 763 1783 tatur
792 1718 936 1780 sive
954 1714 1291 1801 persuadet
1320 1720 1389 1776 et
1416 1713 1720 1796 compellit
1748 1712 2084 1797 (similiter
2100 1710 2495 1775 Vitruvius
2477 1733 2552 1775 1n
2579 1711 2740 1776 libri
2765 1735 2831 1775 111

595 1817 1011 1905 praefatione
1062 1837 1200 1879 ewm
1242 1813 1425 1876 etiam
1476 1835 1658 1898 saepe
1698 1812 2050 1876 blandzatw
2086 1811 2297 1894 yratia
2343 1811 2760 1874 commutor-mn
2796 1834 2833 1873 a

592 1918 751 1980 veris
770 1916 1015 1979 iudiciis
1037 1914 1125 1977 acl
1134 1913 1379 2000 salsam
1398 1912 1860 1997 probationem.-
1890 1907 2054 1972 dicit
2083 1908 2254 1974 enim
2283 1907 2631 1983 convivia,
2664 1928 2830 1992 quae

595 2013 882 2077 artifices
924 2011 1089 2075 dent
1129 2009 1506 2084 nobilibus,
1566 2028 1770 2093 saepe
1811 2006 2052 2070 horum
2089 2004 2390 2071 favorem
2431 2005 2832 2090 eblandiri)

593 2131 814 2196 neque
842 2110 1067 2174 versui
1100 2107 1263 2184 183,
1302 2107 1373 2170 in
1414 2128 1551 2192 quo
1597 2112 1703 2169 est
1730 2105 1922 2168 Nunc
1947 2105 2018 2167 id
2040 2105 2208 2189 qnod
2226 2127 2412 2190 super
2440 2116 2530 2169 est
2552 2106 2830 2190 expedie-

592 2233 758 2289 mus,
790 2205 1140 2273 commode
1171 2205 1382 2270 subici
1410 2204 1638 2290 potuit
1666 2204 1859 2267 Nunc
1887 2201 2054 2265 locu-s·
2082 2212 2169 2266 eet
2193 2203 2261 2266 in
2286 2202 2381 2266 his
2405 2202 2568 2266 illud
2592 2226 2830 2290 quoque

590 2308 770 2370 rebus
808 2306 1185 2395 Confh-mare
1210 2353 1225 2366 .
1272 2300 1538 2366 accedit
1568 2299 1755 2386 quod
1784 2321 1858 2364 se
1886 2319 2029 2362 rem
2056 2301 2360 2384 posterius
2387 2311 2675 2385 apertam
2684 2302 2826 2388 fac·

591 2416 799 2468 imum
827 2402 1192 2488 promittit3
1224 2398 1412 2486 quod
1440 2400 1554 2463 ubi
1584 2398 1923 2485 praestitit
1952 2397 2259 2462 versibus
2291 2419 2568 2483 quoque
2593 2399 2830 2463 iisdem

591 2501 852 2585 aliquot
876 2499 1181 2583 repetitis
1208 2498 1277 2560 in
1305 2497 1477 2561 libro
1508 2497 1745 2582 quinto
1792 2495 1908 2559 195
1925 2534 1995 2543 —
2012 2495 2136 2559 234
2159 2544 2175 2572 ‚
2212 2496 2303 2560 ibi
2341 2497 2439 2559 rei
2477 2497 2828 2561 institutae

593 2598 1065 2662 tractationem
1104 2617 1244 2659 non
1288 2595 1453 2658 satis
1494 2600 1683 2658 recte
1722 2593 2166 2679 interruptam
2207 2614 2356 2657 esse
2385 2591 2477 2657 ad
2507 2595 2656 2660 eius
2685 2596 2830 2660 libri

589 2715 859 2758 versum
899 2692 1023 2756 235
1069 2691 1674 2757 demonstrabimus
1706 2740 1720 2754 .
1781 2690 2071 2776 denique
2118 2712 2316 2776 quem
2355 2691 2726 2757 admodum
2764 2695 2828 2758 in

590 2792 739 2867 his,
780 2791 1024 2876 quibus
1066 2811 1288 2853 rerum
1326 2796 1636 2854 naturam
1664 2788 1754 2853 ad
1782 2788 2136 2854 utilitatem
2163 2788 2503 2853 hominum
2534 2800 2828 2856 creatam

592 2910 742 2954 esse
782 2896 1031 2975 negat,
1071 2895 1206 2952 tam
1246 2888 1315 2951 in
1356 2885 1656 2951 secundo
1694 2886 1867 2952 libro
1901 2908 2099 2972 quam
2125 2889 2196 2951 in
2226 2888 2463 3000 quinto
2494 2890 2828 2976 composi·

589 2990 844 3052 tionem
873 2985 1199 3073 poematis
1236 2985 1549 3050 laborare
1586 2985 2080 3063 intelleximus,
2117 2987 2213 3051 ita
2240 2986 2310 3049 in
2336 3007 2411 3049 re
2439 2985 2600 3051 huic
2631 2988 2828 3052 simil-

587 3086 797 3150 lima
779 3108 849 3150 in
888 3085 1060 3149 libro
1107 3090 1396 3168 quart0‚
1445 3083 1562 3147 ubi
1605 3103 1844 3147 sensus
1889 3084 2268 3149 hominibus
2312 3092 2599 3171 propter
2639 3108 2828 3151 usum

590 3183 791 3248 datos
823 3204 973 3247 esse
1013 3181 1196 3246 nullo
1225 3179 1429 3245 modo
1472 3178 1658 3244 credi
1697 3202 1904 3267 posse
1944 3180 2149 3246 docet
2175 3231 2191 3258 ‚
2230 3204 2468 3247 rursus
2506 3184 2827 3249 observa-

588 3282 806 3346 bimus
847 3300 991 3342 eam
1029 3300 1171 3342 rem
1213 3299 1476 3342 omnem
1503 3277 1661 3343 illuc
1697 3300 1837 3342 non
1880 3278 2105 3343 facere
2146 3278 2270 3344 822
2288 3280 2498 3345 -857
2530 3330 2543 3344 .
2592 3282 2825 3367 itaque

587 3377 1015 3465 perspicuum
1039 3384 1146 3439 est
1164 3375 1295 3441 hos
1316 3376 1506 3440 locos
1529 3398 1571 3440 a
1589 3375 1906 3440 Lucretio
1933 3398 2072 3440 non
2103 3398 2184 3441 eo
2215 3376 2453 3441 ordine
2485 3399 2624 3463 quo
2649 3401 2823 3443 nune

591 3474 883 3539 carmina
912 3473 1167 3559 scripta
1194 3474 1474 3559 legimus
1506 3480 1837 3538 tractatos
1867 3494 2016 3538 esse
2052 3523 2067 3550 ,
2111 3473 2236 3538 sed
2264 3475 2394 3539 alio
2424 3486 2736 3565 tempore
2760 3485 2828 3540 et

591 3593 741 3636 cum
769 3575 1008 3635 'cetera
1046 3570 1115 3634 in
1153 3572 1458 3635 manibus
1499 3592 1639 3635 non
1679 3570 1963 3636 haberet
1991 3620 2007 3648 ‚
2053 3593 2203 3636 cum
2241 3574 2483 3658 quibus
2522 3581 2736 3661 pocta
2758 3584 2829 3638 et

588 3668 1036 3757 philosophus
1076 3669 1223 3732 veri
1264 3689 1488 3732 rerum
1548 3666 1804 3733 ordinis
1857 3670 2141 3734 maxime
2182 3670 2529 3737 studiosus
2565 3673 2690 3737 illa
2716 3723 2731 3748 ‚
2751 3673 2825 3736 'si

586 3776 823 3856 posset
851 3817 866 3844 ‚
908 3787 1110 3853 quam
1139 3767 1481 3853 aptissime
1511 3767 1916 3853 coniungere
1947 3766 2242 3835 debebat
2271 3819 2285 3833 .
2332 3790 2418 3834 ex
2448 3792 2588 3856 quo
2622 3791 2824 3860 appa·

585 3874 694 3930 ret
719 3915 735 3942 ‚
766 3863 1109 3950 quodiam
1140 3885 1346 3948 supra
1375 3863 1515 3927 dixi
1548 3912 1562 3939 ‚
1603 3865 1821 3950 ipsum
1850 3872 2120 3951 poetam
2150 3867 2285 3932 hoc
2315 3890 2487 3954 opus
2517 3890 2662 3934 non
2691 3867 2822 3933 edi-

587 3961 771 4027 disse
800 4010 816 4037 ,
854 3982 1076 4047 neque
1119 3962 1402 4047 primum
1449 3960 1777 4026 editorem
1817 3984 2093 4028 curasse
2132 3972 2210 4030 ut
2250 3965 2553 4050 singulae
2593 3973 2823 4052 pai-tes

583 4059 924 4145 perfectae
968 4065 1038 4124 et
1081 4059 1432 4124 absolutae
1472 4058 1907 4138 viderentur;
1967 4083 2165 4146 quem
2210 4062 2419 4147 siquis
2474 4064 2547 4127 in
2587 4064 2698 4129 his
2735 4061 2822 4126 de

586 4157 830 4243 quibus
858 4179 1037 4221 nune
1067 4178 1217 4220 cum
1244 4158 1526 4221 maxime
1554 4159 1809 4244 agimus
1830 4160 2137 4226 versibus
2167 4161 2406 4226 charta
2431 4161 2824 4248 imperfecta

585 4264 655 4320 et
703 4255 925 4320 lacera
968 4277 1163 4319 usum
1216 4263 1365 4319 esse
1416 4257 1866 4343 suspicabitur
1883 4306 1900 4334 ‚
1949 4266 2026 4322 ut
2074 4279 2154 4323 ea
2200 4279 2376 4344 quae
2417 4259 2530 4323 hic
2582 4259 2818 4324 deesse

583 4353 970 4440 scripsimus
1007 4374 1366 4438 numquam
1410 4353 1592 4419 edita
1630 4355 1962 4421 existimet
1992 4405 2008 4431 ‚
2051 4355 2216 4420 nihil
2242 4356 2511 4423 habebo
2545 4356 2726 4443 quod
2751 4356 2820 4418 ei

583 4446 958 4535 repugnare
987 4448 1200 4513 dicam
1222 4499 1235 4513 .
