3042 5192
624 473 763 543 300
1703 472 1772 537 V

617 650 827 734 magis
858 650 994 712 loca
1023 651 1262 733 tinyunc
1285 694 1304 726 ,
1349 646 1537 732 quod
1565 647 1794 731 posuit
1821 646 2184 711 Lambinus
2206 696 2219 710 .
2250 648 2483 711 melius
2514 647 2694 711 foret
2720 661 2839 712 tau·

611 759 765 833 yunt
792 796 810 826 ,
855 745 976 810 sed
1009 745 1423 808 verissimum
1454 744 1692 808 eodem
1724 767 1924 808 sensu
1957 758 2012 809 ee
2042 747 2177 809 loca
2218 768 2596 809 munemu-
2627 794 2641 807 .
2688 747 2751 808 in
2780 770 2840 810 ιι.

623 847 733 909 141
783 845 932 908 haec
976 845 1114 907 loca
1142 846 1374 906 circum
1404 842 1708 907 Laetitiae
1735 845 2000 907 mulcent
2032 891 2045 904 .
2092 842 2177 906 de
2207 843 2496 907 nubibus
2527 844 2598 905 in
2628 866 2716 917 iv,
2737 845 2842 907 136

615 950 790 1007 Ae'ra
829 943 1154 1005 mulcentes
1195 952 1359 1005 motu
1389 990 1402 1003 .
1441 939 1777 1025 Vergilius
1816 942 1887 1003 in
1927 964 2044 1016 vn,
2062 941 2143 1004 34
2186 939 2270 1003 de
2314 942 2552 1005 avibus
2584 942 2841 1006 Aethera

615 1041 956 1104 mulcebant
998 1050 1179 1102 cantu
1210 1088 1223 1101 .
1267 1047 1562 1101 ceterum
1607 1037 1905 1102 ordinem
1951 1061 2264 1103 versuum
2303 1040 2560 1125 primus
2604 1040 2717 1102 hie
2747 1063 2842 1104 os·

617 1137 835 1202 tendit
856 1137 1182 1202 Marullus
1212 1158 1252 1200 a
1281 1137 1766 1200 recentioribus
1797 1136 1979 1201 nulla
2008 1135 2203 1202 laude
2228 1136 2547 1222 dignatus
2566 1187 2581 1200 .
2607 1137 2842 1200 VVake-

616 1235 852 1299 fieldus
871 1284 887 1310 ‚
918 1234 1107 1320 quasi
1139 1234 1463 1297 elementa
1497 1255 1701 1296 caeco
1739 1256 1900 1298 casu
1928 1236 1994 1297 in
2025 1234 2200 1298 hanc
2228 1234 2711 1322 disposituram
2741 1236 2842 1298 ‹le-

615 1334 923 1397 venerint
952 1380 967 1406 ‚
1011 1327 1216 1395 ‘nulla
1264 1339 1370 1395 est
1413 1335 1698 1408 caussa',
1751 1333 2012 1417 inquit,
2048 1328 2155 1396 ‘de
2198 1335 2331 1418 qua
2372 1346 2683 1419 receptam
2727 1335 2843 1398 loci

618 1432 1162 1496 constitutionem
1191 1430 1299 1493 vel
1325 1432 1672 1494 immutare
1692 1480 1708 1506 ‚
1736 1432 1846 1493 vel
1878 1430 2190 1496 deserere
2209 1482 2224 1507 ‚
2256 1432 2538 1495 velimus
2551 1434 2584 1494 ’.

783 1530 921 1593 571.
953 1528 1229 1592 FonMA
1271 1550 1587 1604 QUOQUE
1632 1552 1829 1593 lunc
1872 1553 2098 1594 soms
2136 1553 2394 1593 DEBET
2431 1553 2841 1605 anomoei:

616 1651 904 1693 vmmu
939 1675 953 1689 .
1012 1625 1401 1706 Quadratus
1445 1628 1714 1713 ilumque
1744 1675 1758 1690 .
1815 1627 2173 1692 Turnebus
2214 1628 2282 1691 in
2314 1625 2841 1692 adversariorum

616 1727 849 1800 xrv‚23
894 1726 1156 1810 egregie
1189 1724 1420 1789 Forma
1457 1725 1602 1788 solis
1644 1748 2060 1802 rinumoun
2087 1775 2106 1807 ,
2150 1725 2332 1812 quod
2378 1733 2609 1789 tamen
2640 1749 2841 1812 neque

616 1827 762 1913 ipse
791 1846 917 1888 nec
948 1824 1153 1888 ceteri
1184 1824 1299 1907 qui
1324 1822 1410 1885 de
1430 1822 1565 1885 hoc
1596 1824 1929 1887 vocabulo
1963 1822 2280 1888 dixerunt
2308 1833 2495 1888 reete
2524 1826 2840 1910 interpre-

617 1925 743 1987 tati
764 1930 923 1987 sunt
945 1929 1210 2007 praeter
1232 1921 1641 1985 Bentleium:
1668 1923 1726 1985 is
1751 1921 1841 1985 ad
1862 1943 2129 1986 versum
2154 1923 2269 1987 581
2287 1925 2481 2012 filum
2511 1921 2682 1985 dicit
2709 1944 2840 1986 esse

615 2019 1137 2107 magnitudinem
1167 2043 1182 2082 ε
1229 2026 1332 2083 est
1375 2026 1597 2082 autem
1631 2020 1906 2106 proprie
1937 2020 2319 2085 crassitudo
2350 2071 2367 2096 ‚
2413 2020 2608 2106 quod
2638 2022 2743 2084 vel
2771 2045 2843 2084 ex

617 2121 764 2184 libri
793 2143 863 2183 1v
902 2141 1105 2181 versu
1134 2117 1216 2181 88
1262 2129 1547 2202 apparet
1578 2166 1593 2193 ‚
1637 2118 1749 2182 ubi
1791 2127 1950 2182 sunt
1972 2120 2335 2206 formarum
2371 2121 2629 2205 cestiyia
2655 2121 2845 2205 suptili

605 2220 894 2305 praedica
903 2219 1024 2306 filo
1044 2265 1057 2278 .
1085 2215 1319 2279 Cicero
1344 2215 1429 2278 dc
1460 2224 1731 2280 oratore
1763 2217 1933 2281 libro
1960 2240 2029 2294 11,
2048 2219 2130 2280 93
2159 2242 2362 2282 omnes
2390 2219 2579 2282 etiam
2607 2230 2733 2281 tum
2758 2243 2841 2281 re·

616 2318 880 2381 tinebant
905 2317 1078 2379 illum
1115 2315 1339 2378 Pericli
1366 2338 1581 2377 sucum
1596 2363 1613 2394 ,
1651 2316 1761 2378 sed
1783 2326 1961 2379 erant
1978 2316 2172 2401 paulo
2199 2315 2482 2379 uberiore
2493 2316 2619 2403 filo
2640 2366 2655 2378 .
2683 2314 2843 2378 idem

617 2417 684 2478 in
731 2437 825 2490 111,
855 2413 936 2476 96
984 2414 1257 2477 Ornatur
1297 2414 1487 2498 iyicur
1529 2415 1725 2476 oratio
1760 2436 1982 2498 yeuere
2012 2414 2289 2498 primum
2340 2424 2398 2476 et
2438 2416 2623 2499 quasi
2664 2415 2845 2478 colore

617 2513 880 2599 quodam
919 2520 975 2574 et
1011 2534 1155 2574 suco
1193 2533 1339 2573 suo:
1393 2532 1553 2572 mox
1592 2509 1835 2573 ibidem
1879 2513 1945 2574 in
1986 2522 2101 2575 tcto
2142 2521 2492 2595 «spectantur
2529 2512 2687 2575 haec
2726 2535 2843 2574 cor·

605 2635 761 2696 pore
791 2636 812 2672 .·
856 2607 1100 2671 deinde
1148 2610 1264 2672 103
1307 2610 1458 2673 haec
1479 2608 1825 2696 formanda
1844 2609 1964 2697 filo
2009 2611 2137 2693 ipso
2183 2619 2240 2671 et
2273 2631 2499 2692 yenere
2528 2612 2841 2673 orationis.

617 2708 793 2771 idem
822 2708 890 2770 in
921 2707 1147 2770 Laelio
1179 2707 1259 2769 25
1302 2718 1357 2770 et
1395 2708 1605 2770 audivi
1645 2730 1766 2770 non
1805 2708 2024 2770 invitus
2065 2707 2340 2792 equidem
2371 2707 2842 2793 (philosophos

618 2806 1110 2892 disputantes):
1150 2807 1258 2868 sed
1283 2807 1459 2868 aliud
1483 2805 1790 2891 quoddam
1799 2805 1989 2893 filum
2017 2805 2308 2868 orationis
2334 2815 2475 2867 luae
2492 2854 2511 2883 ,
2554 2806 2693 2869 hoc
2723 2815 2840 2874 est,

618 2905 878 2967 illorum
918 2903 1135 2967 oratio
1176 2904 1438 2966 tenuior
1481 2912 1587 2966 est
1614 2950 1629 2974 ‚
1674 2903 1945 2967 uberior
1974 2909 2091 2966 tua
2121 2950 2135 2965 .
2167 2899 2500 2966 Varronis
2530 2906 2743 2967 verba
2771 2903 2839 2966 de

617 3004 840 3088 lingua
866 3002 1109 3066 Latina
1137 3025 1182 3064 x
1213 3025 1276 3087 p.
1296 3002 1419 3064 546
1451 3050 1466 3076 ‚
1512 3002 1756 3086 quibus
1796 3001 1863 3063 in
1907 3001 2039 3063 hoc
2080 2999 2411 3063 vocabulo
2448 3001 2839 3087 explicando

618 3102 1025 3186 grammatici
1066 3101 1163 3164 uti
1203 3122 1339 3163 non
1384 3101 1608 3164 solent
1635 3147 1651 3173 ‚
1699 3099 2023 3162 Mullerus
2054 3120 2323 3182 quoque
2356 3098 2527 3162 male
2556 3101 2837 3186 interpo-

618 3201 782 3264 lavit
813 3223 827 3262 :
875 3198 1096 3262 codex
1135 3206 1320 3261 recte
1368 3198 1467 3262 Eo
1497 3221 1692 3283 porro
1730 3198 2053 3260 similiores
2089 3208 2229 3260 mem
2266 3199 2372 3282 qui
2394 3197 2581 3284 facie
2623 3221 2841 3286 quoque

609 3322 768 3383 pene
797 3298 1038 3371 eadem,
1069 3297 1274 3360 habitu
1305 3298 1612 3380 corporis,
1624 3296 1777 3383 filo.
1811 3293 1875 3357 N
1877 3295 2070 3357 onius
2098 3342 2114 3366 ,
2159 3294 2273 3379 qui
2303 3296 2547 3359 ceteris
2580 3316 2837 3382 pravam

617 3396 1236 3481 interpretationem
1267 3393 1640 3480 praecinuit
1670 3441 1685 3466 ,
1731 3414 1791 3476 p.
1811 3391 1952 3467 313,
1976 3391 2051 3455 12
2082 3391 2288 3455 Filum
2318 3442 2336 3473 ,
2376 3394 2505 3456 oris
2531 3395 2839 3457 linimnen·

619 3507 770 3558 tum.
807 3496 1088 3558 Lucilius
1116 3494 1215 3556 lib.
1233 3515 1505 3556 XXVIIII
1532 3493 1731 3576 Surqe
1751 3492 1988 3570 mulier,
2023 3491 2226 3553 ducito
2236 3491 2425 3579 filum
2446 3514 2571 3554 non
2594 3492 2837 3554 malcan.

620 3592 853 3656 Lucilii
881 3592 1088 3655 verba
1117 3592 1283 3654 male
1315 3589 1634 3654 distincta
1665 3610 1810 3652 esse
1841 3601 2143 3675 apertum
2175 3594 2310 3651 est.
2343 3589 2689 3651 novissimi
2716 3586 2841 3650 edi·

624 3702 806 3754 tores
834 3691 1066 3771 ducite,
1057 3714 1071 3729 ·
1103 3711 1393 3774 quonam
1423 3695 1699 3752 auctore
1729 3687 1831 3750 usi
1862 3733 1879 3758 ‚
1920 3686 2147 3749 nescio
2182 3709 2196 3747 ε
2240 3707 2394 3748 nam
2424 3695 2587 3749 ante
2618 3708 2692 3749 se
2718 3707 2839 3748 non

622 3787 822 3852 modo
853 3788 1229 3850 Mercerum
1270 3786 1395 3850 sed
1434 3808 1665 3850 omnes
1709 3786 1907 3849 ducito
1951 3782 2222 3846 dedisse
2262 3805 2345 3846 ne
2375 3782 2683 3847 referunt
2709 3782 2841 3867 qui·

623 3885 809 3949 dem.
841 3885 1003 3969 quid
1023 3885 1317 3949 Lucilius
1344 3885 1692 3972 scripserit
1717 3883 1846 3947 dici
1868 3905 2002 3946 non
2027 3892 2290 3968 potest.
2322 3892 2619 3968 possunt
2648 3894 2841 3966 temp·

626 3985 749 4048 tari
782 4005 952 4068 quae
983 3981 1062 4047 eo
1095 3982 1298 4068 digna
1327 3983 1506 4060 sint3
1551 3983 1738 4046 velut
1763 3982 1945 4056 hoc,
1989 3982 2215 4066 Viryon
2253 4005 2335 4043 an
2362 3982 2589 4045 mulier
2618 3981 2840 4044 dubito

605 4084 792 4172 filum
821 4106 941 4146 uon
967 4084 1198 4146 malum
1216 4130 1234 4161 ,
1271 4082 1348 4145 A
1344 4105 1518 4144 asum
1545 4081 1657 4144 hoc
1686 4102 2020 4165 corpu-sque
2047 4080 2292 4143 scitmn.

789 4180 929 4242 576.
989 4180 1183 4243 Swn
1225 4199 1370 4241 suA
1415 4200 1763 4241 rnornio
1809 4198 2109 4239 mei-Ar
2155 4199 2255 4239 DE
2302 4198 2673 4239 conpone
2714 4197 2841 4237 m:-

625 4301 773 4342 cEM
808 4327 822 4341 .
868 4278 1203 4342 Antonius
1233 4276 1428 4339 Marii
1460 4284 1528 4339 et
1555 4275 1880 4340 Marullus
1923 4297 2137 4338 suam
2171 4322 2184 4335 .
2232 4275 2556 4358 Apuleius
2601 4273 2683 4337 de
2720 4272 2843 4334 deo

625 4377 923 4439 Socratis
971 4399 1033 4460 p.
1072 4375 1187 4439 113
1235 4374 1389 4437 edit.
1436 4374 1737 4438 Hildebr.
1782 4375 1992 4438 radice·
2039 4374 2182 4437 soli-s·
2234 4372 2429 4436 obstiti
2486 4375 2581 4436 cel
2619 4371 2847 4434 adt-ersi

625 4484 881 4558 uem-pat
909 4485 964 4537 et
988 4521 1007 4552 ,
1047 4484 1116 4537 ul
1143 4474 1335 4536 verbis
1361 4483 1503 4536 utar
1536 4473 1812 4538 Lucretii
1835 4520 1854 4553 ,
1894 4471 2137 4537 notham
2167 4471 2349 4534 iactat
2374 4471 2451 4533 de
2480 4491 2724 4554 corpore
2753 4469 2845 4529 lu-
