3042 5192
583 480 720 548 110
1643 473 1739 543 ΙΠ

418 674 517 721 953
572 676 710 720 non
739 651 977 716 merito
1006 648 1319 712 inclamet
1343 648 1554 733 magis
1585 655 1655 712 et
1680 667 1853 711 voce
1879 648 2187 734 increpet
2216 649 2354 714 acri
2371 651 2405 712 P

567 765 774 835 ‘aufer
804 765 1046 830 abhinc
1075 762 1379 827 lacrimas
1397 812 1412 838 ,
1432 761 1697 826 balatro
1715 811 1732 838 ‚
1755 770 1824 826 et
1851 782 2204 848 compesce
2236 764 2601 848 querellas.

421 903 521 950 950
577 882 796 949 omnia
822 876 1214 966 perfunctus
1244 876 1403 940 vitai
1430 877 1726 962 praemia
1751 897 2042 940 marces:

580 997 705 1065 sed
735 994 891 1082 quia
920 1011 1184 1078 semper
1213 1011 1373 1054 aves
1404 989 1592 1076 quod
1622 991 1817 1055 abest
1834 1039 1850 1067 ‚
1871 992 2252 1077 praesentia
2282 993 2523 1056 temnis
2541 1042 2556 1067 ‚

575 1109 945 1199 inperfecta
970 1106 1094 1171 tibi
1123 1105 1419 1191 elapsast
1444 1107 1840 1192 ingrataque
1868 1107 2007 1171 vita
2023 1154 2040 1181 ‚

572 1236 648 1293 et
674 1247 801 1291 nec
830 1221 1129 1311 opinanti
1156 1241 1338 1284 mors
1369 1220 1458 1284 ad
1488 1229 1694 1307 caput
1721 1219 1982 1285 adstitit
2010 1227 2166 1285 ante

421 1364 521 1410 900
577 1363 775 1430 quam
805 1345 993 1404 satur
1022 1357 1101 1400 ac
1128 1335 1367 1422 plenus
1395 1336 1621 1421 possis
1650 1334 2000 1400 discedere
2029 1356 2284 1399 rerum.

577 1477 755 1524 nunc
785 1454 998 1518 aliena
1023 1458 1142 1515 tua
1169 1457 1392 1515 tamen
1421 1457 1642 1515 aetate
1671 1450 1891 1514 omnia
1917 1450 2106 1514 mitte
2125 1498 2140 1526 ‚

580 1593 797 1658 aequo
828 1570 1183 1653 animoque
1202 1615 1217 1640 ‚
1240 1586 1364 1651 age
1396 1564 1553 1629 dum
1572 1613 1587 1641 ‚
1613 1563 1829 1650 dignis
1861 1563 2191 1633 concede:
2217 1571 2616 1631 necessest?

577 1689 721 1752 iure
738 1735 753 1762 ,
775 1692 854 1748 ut
883 1684 1123 1770 opinor
1141 1731 1156 1757 ‚
1180 1687 1339 1766 agat
1356 1730 1371 1757 ‚
1394 1681 1537 1744 iure
1564 1680 1871 1766 increpet
1897 1680 2290 1765 inciletque:

577 1800 757 1866 cedit
785 1800 957 1863 enim
985 1817 1210 1860 rerum
1238 1795 1540 1859 novitate
1571 1802 1846 1859 extrusa
1871 1802 2176 1859 vetustas

421 1937 521 1983 905
577 1936 840 2004 semper
857 1963 872 1991 ,
897 1919 966 1977 et
995 1933 1079 1975 ex
1107 1910 1250 1975 aliis
1280 1909 1462 1973 aliud
1487 1930 1804 1996 reparare
1834 1917 2209 1974 necessest.

575 2053 702 2095 nec
733 2029 1083 2115 quisquam
1110 2027 1178 2090 in
1207 2024 1599 2090 barathrum
1626 2045 1753 2088 nec
1783 2024 2071 2089 Tartara
2102 2023 2371 2088 deditur
2399 2032 2580 2088 atra:

576 2144 889 2211 materies
920 2164 1091 2230 opus
1122 2148 1225 2205 est
1242 2189 1258 2216 ‚
1279 2150 1357 2204 ut
1386 2147 1697 2204 crescant
1722 2147 2001 2227 postera
2030 2139 2284 2216 saecla3

580 2282 751 2349 quae
779 2267 1004 2323 tamen
1034 2255 1254 2320 omnia
1287 2263 1351 2319 te
1380 2255 1521 2319 vita
1549 2254 1904 2340 perfuncta
1934 2266 2332 2339 sequentur:

577 2398 702 2442 nec
730 2374 945 2438 minus
976 2392 1136 2457 ergo
1168 2377 1324 2433 ante
1353 2370 1522 2433 haec
1553 2390 1751 2455 quam
1778 2376 1854 2432 tu
1885 2368 2187 2433 cecidere
2206 2419 2222 2444 ‚
2245 2366 2660 2454 cadentque.

425 2512 523 2558 970
580 2493 675 2557 sic
705 2487 840 2554 alid
870 2509 952 2551 ex
983 2486 1110 2550 alio
1140 2505 1499 2569 numquam
1533 2482 1818 2548 desistet
1848 2485 2037 2560 oriri,

573 2606 848 2689 vitaque
877 2599 1206 2686 mancipio
1235 2599 1396 2662 nulli
1427 2598 1627 2662 datur
1644 2649 1659 2675 ‚
1684 2599 1988 2664 omnibus
2016 2621 2141 2662 usu
2163 2648 2176 2662 .

576 2718 837 2804 respice
866 2719 1023 2781 item
1054 2735 1252 2801 quam
1279 2713 1373 2777 nil
1400 2712 1489 2777 ad
1515 2736 1645 2778 nos
1675 2722 1833 2778 ante
1861 2723 2014 2778 acta
2040 2722 2343 2778 vetustas

581 2832 902 2920 temporis
932 2830 1187 2895 aeterni
1213 2828 1450 2904 fuerit,
1476 2850 1672 2914 quam
1700 2831 2033 2894 nascimur
2063 2837 2218 2893 ante
2237 2879 2251 2892 .

579 2952 712 3015 hoc
740 2947 940 3034 igitur
970 2945 1312 3032 speculum
1338 2944 1536 3008 nobis
1564 2952 1807 3009 natura
1836 2944 2042 3009 futuri

425 3087 524 3133 975
580 3063 902 3153 temporis
933 3061 1211 3147 exponit
1237 3068 1397 3147 post
1424 3067 1708 3124 mortem
1734 3058 2024 3146 denique
2051 3066 2352 3123 nostram
2370 3107 2384 3121 .

580 3177 905 3264 numquid
933 3177 1022 3241 ibi
1051 3175 1367 3240 horribile
1398 3183 1683 3261 apparet
1700 3224 1716 3249 ‚
1737 3196 1896 3238 num
1923 3175 2118 3239 triste
2145 3172 2414 3238 videtur

584 3297 940 3383 quicquam
958 3341 973 3366 ‚
995 3312 1133 3355 non
1165 3291 1342 3354 omni
1370 3310 1608 3355 somno
1640 3289 1939 3352 securius
1970 3289 2243 3353 exstat?

664 3411 888 3494 Atque
920 3428 1029 3482 ea,
1050 3406 1120 3469 ni
1146 3405 1378 3468 mirum
1399 3454 1414 3479 ,
1436 3424 1608 3488 quae
1640 3423 1921 3487 cumque
1949 3404 2334 3471 Acherunte
2361 3404 2707 3491 profundo

583 3522 855 3613 prodita
884 3530 1043 3586 sunt
1071 3540 1218 3584 esse
1238 3567 1252 3594 ‚
1273 3519 1343 3581 in
1370 3517 1510 3581 vita
1540 3524 1701 3582 sunt
1728 3518 1948 3583 omnia
1976 3521 2171 3585 nobis
2190 3571 2203 3584 .

428 3660 527 3706 980
581 3662 707 3705 nec
735 3639 934 3702 miser
961 3632 1338 3721 inpendens
1366 3653 1676 3719 magnum
1705 3634 1895 3698 timet
1924 3642 2076 3701 aere
2106 3657 2338 3701 saxum

581 3753 911 3820 Tantalus
930 3801 945 3827 ‚
966 3758 1044 3815 ut
1070 3748 1314 3814 famast
1331 3797 1346 3824 ‚
1371 3770 1567 3813 cassa
1593 3748 1947 3813 formidine
1977 3758 2293 3836 torpens:

536 3917 551 3928 .
583 3869 707 3936 sed
731 3867 943 3953 magis
970 3866 1039 3929 in
1066 3865 1206 3928 vita
1235 3862 1458 3927 divom
1484 3871 1702 3928 metus
1732 3874 1929 3949 urget
1955 3866 2168 3930 inanis

580 3982 879 4048 mortalis
898 4031 914 4057 ‚
937 3999 1299 4064 casumque
1332 3978 1566 4042 timent
1595 3999 1792 4064 quem
1823 3982 2063 4067 cuique
2091 3979 2265 4045 ferat
2290 3979 2435 4044 fors
2456 4029 2469 4042 .

583 4121 709 4164 nec
738 4098 993 4184 Tityon
1021 4094 1331 4160 volucres
1360 4092 1594 4157 ineunt
1621 4093 2006 4160 Acherunte
2035 4096 2358 4159 iacentem
2379 4142 2395 4170 ‚

584 4300 715 4308 -ά
772 4297 845 4303 --
896 4296 945 4301 .-

590 4381 689 4426 954
728 4373 940 4426 bai-atre
978 4370 999 4440 ΙΙ
1035 4374 1135 4422 958
1160 4365 1463 4439 Inperfecte
1502 4368 1522 4435 ΙΙ
1559 4372 1658 4422 960
1685 4369 1889 4424 discere
1929 4371 1950 4438 ΙΙ
1988 4377 2086 4424 962
2126 4370 2390 4442 agendum
2413 4368 2623 4439 magnis
2662 4366 2685 4434 ΙΙ
2721 4371 2814 4418 964

588 4458 721 4512 Cedi
760 4459 780 4525 ΙΙ
818 4463 916 4510 966
952 4460 1222 4512 baratrum
