3042 5192
626 400 765 507 118
1707 432 1771 498 11

619 612 871 676 sciens:
902 608 1245 674 Bentleius
1277 607 1448 670 enim
1475 604 1644 670 illud
1671 607 1919 687 melius,
1951 603 2140 691 quod
2171 602 2517 670 delirantis
2549 612 2686 680 est,
2716 626 2837 670 non

622 709 893 795 scripsit
910 757 925 783 ‚
955 707 1079 772 sed
1107 707 1278 771 haec
1307 706 1691 779 verissima,
1716 698 2009 767 ‘Versus
2039 702 2313 768 luxatos
2343 703 2442 767 sic
2466 703 2537 767 in
2559 702 2840 768 ordinem

621 808 902 872 restituo
924 855 937 869 .
951 808 964 832 ’

789 904 928 968 749.
961 925 1008 966 Μ
1023 925 1066 967 u
1079 926 1119 966 T
1138 925 1235 966 AT
1252 925 1292 965 u
1309 924 1351 965 R
1380 924 1418 964 Ε
1433 925 1473 965 T
1506 923 1547 965 o
1563 924 1610 964 M
1624 923 1668 963 N
1684 922 1705 963 1
1721 922 1754 964 s
1774 949 1788 963 .
1813 899 2149 963 Antonius
2171 898 2370 963 Marii
2393 906 2463 964 et
2482 897 2841 987 Naugerius

623 1027 704 1068 IN
737 1004 931 1067 omni-s·
965 1049 979 1065 .
1018 1002 1221 1065 miror
1249 999 1607 1064 Marullum
1638 999 1988 1083 scripsisse
2016 999 2083 1060 in
2111 1000 2319 1063 omnia
2343 1045 2363 1079 ,
2408 998 2764 1063 Avantium
2788 1001 2840 1063 in

624 1126 787 1165 omna
817 1151 830 1164 .

791 1198 1149 1262 757-806.
1180 1196 1684 1261 Pam-mm
1715 1216 1789 1258 sx
1809 1244 1823 1258 .
1854 1194 2006 1258 Hos
2026 1216 2301 1270 versus,
2332 1214 2508 1279 quos
2530 1193 2648 1258 hic
2672 1194 2841 1259 omis·

627 1322 743 1363 sos
792 1296 1167 1383 quadratus
1218 1303 1381 1383 post
1429 1295 1671 1359 librum
1709 1300 1976 1358 sextum
2020 1292 2295 1358 exhibet
2320 1341 2336 1368 ‚
2382 1293 2843 1378 quinquaginta

630 1397 803 1462 duos
850 1418 1000 1460 esse
1040 1395 1384 1480 intelleget
1414 1394 1531 1481 qui
1556 1391 1779 1456 indice
1809 1391 2254 1476 capitulorum
2278 1391 2380 1454 uti
2408 1388 2751 1455 didicerit.
2778 1412 2845 1454 ex

632 1496 870 1561 eodem
899 1502 1121 1558 autem
1143 1492 1440 1558 numeris
1463 1490 1818 1556 subductis
1848 1489 2201 1576 apparebit
2220 1488 2398 1552 hanc
2419 1510 2577 1552 esse
2597 1488 2745 1553 libri
2762 1510 2844 1551 se-

630 1592 832 1657 cundi
851 1591 1170 1656 schedam
1192 1598 1450 1655 sextam
1466 1589 1819 1653 decimam:
1845 1609 1999 1651 nam
2026 1587 2333 1652 versibus
2354 1593 2607 1673 poetae
2628 1611 2841 1653 noctu

630 1690 925 1756 addendi
954 1696 1114 1754 sunt
1140 1686 1318 1753 tituli
1344 1710 1512 1752 xxxv
1540 1736 1555 1762 ‚
1599 1686 1713 1771 qui
1741 1685 1912 1750 fiunt
1935 1705 2173 1749 versus
2204 1708 2517 1750 nchxxx
2548 1735 2566 1763 ,
2606 1686 2739 1751 hoc
2763 1694 2846 1751 est

631 1789 914 1875 paginae
943 1810 1084 1851 xxx
1110 1808 1428 1851 versuum
1455 1785 1767 1871 vigenum
1798 1806 2029 1850 senum
2049 1833 2063 1848 .

798 1886 939 1951 759.
984 1906 1460 1950 omuemws
1694 1905 2055 1948 cotom-:s
2087 1932 2103 1946 .
2147 1883 2260 1947 Sic
2289 1883 2697 1969 aliquotiens
2723 1886 2846 1949 libri

636 1992 901 2049 veteres
931 2033 947 2060 ‚
985 1985 1146 2048 item
1182 1984 1252 2046 in
1281 1981 1614 2047 Varronis
1642 2002 1866 2046 rerum
1892 1982 2294 2047 rusticarum
2323 1981 2492 2059 111‚5‚
2511 1983 2587 2047 11
2617 1984 2692 2048 14
2716 2007 2847 2071 quae
2970 1982 2971 1991 ’

632 2095 772 2148 sum
811 2084 1020 2147 avibus
1059 2106 1407 2169 ommyevws
1432 2082 1707 2168 oppletae
1736 2088 1806 2146 et
1833 2104 1972 2146 aves
1997 2092 2137 2144 sunt
2160 2082 2515 2166 mrmiqenus
2544 2130 2558 2144 .
2606 2084 2844 2168 saepius
2970 2118 2971 2173 ἢ

636 2191 858 2247 tamen
901 2189 969 2246 et
1007 2182 1258 2246 rectius
1301 2181 1624 2267 seriptum
1664 2201 1768 2243 ou
1784 2202 1882 2242 NE
1907 2201 2097 2265 qemcs
2129 2227 2143 2241 .
2187 2186 2536 2244 corrector
2569 2181 2844 2266 oblongi,

635 2282 789 2347 item
820 2280 1154 2345 Antonius
1177 2279 1376 2344 Marii
1406 2285 1475 2342 et
1503 2298 1736 2342 omnes
1767 2277 2116 2364 impressi,
2158 2279 2504 2363 omniyenos
2530 2327 2547 2341 .
2588 2279 2721 2344 hoc
2744 2279 2842 2343 fal·
2970 2256 2971 2311 ἦ

639 2402 785 2444 sum
829 2401 977 2444 esse
1007 2378 1486 2444 demonstrabo
1531 2376 1622 2440 ad
1648 2375 1890 2440 librum
1918 2376 2112 2451 v‚441
2148 2398 2163 2439 t
2206 2378 2561 2461 omm‘qemoe
2584 2377 2843 2443 fortasse
2970 2408 2971 2413 ¹

640 2477 955 2541 dixerunt
996 2478 1110 2562 qui
1147 2478 1343 2541 unius
1381 2497 1418 2539 e
1450 2475 1719 2541 duobus
1749 2474 2136 2538 accentibus
2165 2474 2414 2538 vellent
2440 2473 2671 2539 facere
2700 2498 2842 2541 com·

639 2573 957 2663 pendium
986 2624 1000 2638 .
1042 2582 1226 2639 certe
1258 2575 1450 2639 simili
1475 2573 1684 2639 modo
1715 2573 1924 2638 multa
1950 2573 2498 2659 conglutinarunt
2524 2622 2542 2649 ‚
2586 2578 2843 2640 ommo-

640 2675 735 2738 dis
749 2722 766 2753 ,
795 2674 1165 2737 multimodis
1178 2722 1197 2753 ,
1227 2684 1353 2737 tam
1382 2675 1489 2737 das-i
1517 2695 1643 2759 pro
1674 2678 1876 2737 tdmen
1904 2683 1963 2736 et
1983 2673 2040 2735 εἰ
2053 2721 2073 2752 ,
2102 2672 2302 2736 antire
2334 2671 2458 2756 (sic
2489 2673 2678 2758 apud
2706 2674 2841 2737 Gra-

644 2773 806 2836 tium
835 2770 1029 2855 385),
1061 2771 2228 2858 domitio‚paem'nsula,paemiltimm,
2254 2772 2659 2856 πιαφιόρενε,
2685 2775 2841 2836 ταυτό-

629 2894 783 2956 pere
807 2919 826 2949 ‚
872 2872 1236 2957 aequdm’mo
1279 2870 1411 2955 (sic
1449 2869 1848 2956 glossarium
1875 2867 2263 2953 Philoxeni)
2296 2918 2312 2945 ,
2353 2870 2516 2933 item
2561 2877 2840 2955 correpta

638 2968 857 3034 vocali
885 2969 1089 3055 longa
1113 2969 1412 3056 siquidem
1437 3017 1457 3049 ,
1497 2968 1989 3056 quandoquidem
2014 3016 2033 3047 ‚
2075 2968 2368 3054 quomodo
2394 3016 2414 3049 ‚
2456 2976 2840 3033 consonante

639 3067 911 3156 paulum
937 3067 1265 3132 inmutata
1284 3089 1464 3155 quem
1489 3067 1843 3132 dmmodwn
1856 3114 1875 3147 ‚
1903 3067 2243 3130 iandzkdum
2258 3113 2276 3145 ‚
2306 3067 2677 3153 aliquandiu
2690 3116 2708 3149 ,
2734 3074 2836 3132 τάπ-

640 3190 826 3254 quam
842 3216 859 3247 ,
878 3169 1182 3253 posquam
1200 3215 1214 3229 .

808 3265 948 3328 760.
993 3264 1496 3328 Pana-mm
1548 3284 1811 3327 uAelu
1866 3285 2079 3340 Quon
2134 3285 2445 3327 annm-r
2481 3313 2496 3327 .
2541 3265 2835 3329 Antonius

639 3361 835 3426 Marii
878 3369 945 3425 et
982 3361 1309 3426 Marullus
1337 3361 1670 3425 Pnor‘rs
1687 3384 1840 3425 ΒΕΑ
1872 3385 1888 3439 3
1932 3361 2120 3447 quod
2151 3361 2454 3427 Gifanius
2486 3361 2836 3427 Creechius-

643 3481 774 3545 que
803 3465 986 3523 recte
1008 3460 1385 3543 probarunt
1401 3509 1417 3536 ‚
1439 3459 1802 3524 Lambinus
1826 3468 1896 3524 et
1916 3459 2379 3525 Wakefieldus
2399 3461 2837 3548 neglexerunt.

641 3556 969 3642 Forbiger
998 3556 1162 3642 quid
1188 3558 1445 3623 faceret
1462 3609 1476 3635 ‚
1504 3558 1634 3623 nisi
1663 3558 2170 3623 contemneret?

809 3655 949 3719 763.
979 3655 1458 3721 Pium-Acus
1488 3680 1866 3721 Exl-:MPLO
1889 3707 1902 3721 .
1933 3657 2302 3723 Brixiensis
2335 3657 2559 3724 editor
2587 3665 2655 3723 et
2678 3658 2837 3723 Lam-

637 3755 835 3821 binus
863 3777 1325 3819 BXTEMPLO.

802 3852 944 3918 765.
977 3876 1202 3918 mum
1230 3874 1633 3919 POSSUNT.
1664 3853 2028 3922 Lambinus
2057 3880 2443 3922 Posstnr.

803 3954 945 4016 779.
979 3952 2280 4033 QUIDDAMQUADRATUMUNAQUE
2312 3979 2700 4021 memus.
2725 3954 2828 4017 An·

639 4050 864 4115 tonius
912 4051 1110 4116 Marii
1165 4059 1235 4116 et
1273 4050 1602 4116 Marullus
1627 4053 1848 4142 fiyura
1887 4066 2023 4119 est:
2060 4055 2311 4120 rectius
2367 4055 2524 4120 olim
2573 4047 2828 4140 impressi

637 4172 881 4236 unaque
911 4172 948 4213 r
967 4173 989 4212 1
1006 4172 1259 4214 euim.
1305 4150 1617 4215 Muretus
1643 4154 2217 4242 maequefiqwrae‚
2248 4162 2491 4220 contra
2519 4156 2827 4219 consuetu·

639 4247 860 4313 dinem
889 4248 1185 4313 Lucretii
1204 4297 1219 4323 ‚
1252 4251 1365 4335 qui
1397 4249 1572 4315 dixit
1596 4253 1778 4316 vmius
1805 4252 2025 4332 horae,
2056 4254 2149 4317 rei
2164 4301 2181 4333 ,
2206 4256 2405 4339 quemi
2422 4303 2435 4317 .

805 4347 949 4413 780.
981 4369 1119 4412 στι
1152 4371 1236 4413 IN
1267 4370 1742 4425 QuAnnA‘ro.
1776 4349 2216 4416 Scribendum
2247 4359 2354 4417 est
2382 4375 2479 4418 στι·
2508 4355 2606 4434 in,
2635 4356 2705 4413 ut
2727 4343 2836 4410 dixi

639 4467 838 4510 versu
869 4446 1024 4511 322.
