3042 5192
604 467 743 534 286
1684 465 1746 532 V

766 641 905 704 251.
948 662 1148 703 PARs
1194 661 1476 702 Teium·
1511 661 1672 702 NON
1728 663 1968 703 ULLA.
2015 640 2431 704 Veronensis
2474 639 2678 704 editio
2717 654 2822 705 ter·

599 743 701 830 rqi
727 764 849 803 nou
878 761 1032 801 Νυῑ
1050 760 1179 800 LA.

766 838 905 900 255.
939 859 1037 899 An
1085 858 1334 898 DlLUV
1347 858 1521 897 11311.
1567 822 1772 899 Nonii
1816 835 2086 900 codices
2116 859 2180 921 p.
2198 837 2339 910 203,
2355 837 2435 899 27
2471 845 2709 901 contra
2735 839 2822 923 ip·

601 939 738 1000 sius
767 944 1057 999 mentem
1086 936 1417 998 diluvium.

765 1035 904 1097 257.
957 1054 1106 1096 rao
1157 1054 1411 1095 PARTE
1465 1054 1610 1095 sUA
1673 1054 1875 1108 Quon
1937 1054 2255 1108 cumque
2316 1055 2511 1096 Amr
2573 1056 2824 1096 Auem·

600 1133 1062 1196 Rnnmrun.
1095 1130 1456 1193 Lambinus
1485 1138 1699 1198 recte.
1733 1131 2034 1214 quamvis
2063 1131 2209 1217 ipse
2238 1140 2483 1216 postea
2507 1131 2826 1194 reiecerit.

600 1255 693 1294 AL
713 1254 794 1293 ιι)
816 1279 829 1292 .
875 1230 969 1293 ita
1014 1238 1296 1314 uterque
1327 1227 1709 1291 Vossianus
1750 1231 1863 1293 alit
1886 1230 1953 1291 in
1987 1252 2029 1304 1,
2046 1229 2169 1292 263
2201 1251 2298 1300 ιιι,
2313 1229 2472 1300 970,
2504 1229 2827 1314 oblongus

599 1331 711 1393 alii
749 1329 815 1390 in
846 1352 909 1401 v,
939 1327 1094 1390 1305
1135 1328 1249 1389 ubi
1283 1324 1654 1410 quadratus
1685 1328 1833 1390 calit
1853 1375 1871 1406 ,
1911 1328 2070 1389 item
2100 1326 2474 1410 quadratus
2516 1328 2631 1390 alit
2661 1328 2825 1402 1,-1117

600 1427 836 1501 v‚1456
869 1476 882 1489 .
923 1448 1048 1510 pro
1105 1426 1409 1488 Redditur
1461 1424 1790 1488 Marullus
1838 1426 2135 1504 Roditur,
2191 1424 2378 1510 quod
2426 1423 2824 1489 diminuendi

598 1525 1141 1611 significationem
1190 1545 1328 1587 non
1370 1524 1643 1610 explet.
1687 1531 1871 1587 recte
1919 1531 2273 1587 servarunt
2304 1523 2614 1586 Redditur·
2658 1523 2824 1586 Nau·

597 1627 820 1710 gerius
864 1632 933 1687 et
973 1622 1431 1687 Wakefieldus
1458 1672 1472 1696 ‚
1520 1621 1591 1686 id
1639 1630 1742 1686 est
1783 1623 2159 1685 restituitur
2188 1671 2203 1698 ‚
2253 1621 2682 1694 retribuitur,
2730 1644 2822 1684 re·

599 1731 866 1787 creatur
885 1771 899 1785 .

763 1820 903 1884 264.
935 1841 1248 1883 mmmm
1292 1840 1725 1894 anomn.
1775 1819 1885 1882 Sic
1924 1819 2166 1881 iterum
2206 1837 2407 1881 versu
2449 1818 2611 1881 304:
2652 1827 2819 1882 utro-

601 1921 801 2004 bique
826 1925 1172 1984 corrector
1198 1917 1468 2002 oblongi
1488 1918 1766 2003 primum
1796 1939 1930 1992 Qui
1949 1939 1983 1981 c
2001 1938 2132 1991 Qm
2150 1940 2191 1979 n
2213 1965 2226 1978 .
2259 1914 2639 2000 quadratus
2667 1918 2821 1980 male

595 2020 684 2081 nti
711 2017 1014 2104 quidquid
1050 2016 1118 2078 in
1162 2014 1377 2090 1215,
1421 2015 1577 2078 item
1620 2016 1788 2078 male
1827 2017 2158 2101 oblongus
2201 2038 2241 2079 a
2281 2023 2673 2079 correctore
2711 2039 2819 2102 qm:

595 2118 859 2203 quidque
889 2113 1131 2189 11‚16(3‚
1176 2121 1244 2176 et
1274 2114 1485 2199 prima
1514 2134 1714 2176 manu
1751 2114 2099 2201 Quidquam
2132 2138 2173 2188 ι,
2189 2114 2310 2176 535
2342 2113 2669 2199 scalpello
2700 2113 2819 2176 fac·

595 2227 733 2280 tum
759 2216 1104 2300 Quicquam
1124 2260 1137 2273 .
1169 2212 1274 2275 his
1307 2213 1607 2297 exeeptis
1632 2213 2051 2301 membranae
2073 2234 2210 2275 non
2233 2223 2523 2297 peceant
2544 2261 2557 2275 .
2589 2214 2659 2275 in
2690 2214 2819 2296 lege

597 2314 852 2378 Thoria
882 2312 961 2374 32
993 2314 1076 2374 ita
1107 2313 1228 2374 utei
1267 2312 1565 2397 quicquid
1599 2313 1918 2398 quoieique
1948 2322 2083 2374 ante
2122 2310 2281 2374 Ιιαησ
2318 2312 2509 2396 leqem
2550 2323 2817 2397 roya-tam

594 2415 795 2477 licuit.
826 2412 895 2473 in
918 2409 1218 2473 Terentii
1239 2408 1569 2493 Adelphis
1600 2432 1687 2484 lv,
1703 2410 1758 2484 2,
1776 2411 1852 2473 51
1878 2417 2063 2473 recte
2086 2409 2399 2472 scribitur
2429 2421 2618 2495 atque
2646 2433 2815 2472 unum

594 2510 888 2598 quicquid
909 2557 926 2588 ,
969 2509 1135 2594 qnod
1171 2508 1414 2593 quidem
1452 2510 1568 2570 erit
1607 2508 1993 2571 bellissimum
2020 2556 2040 2588 ,
2104 2509 2367 2593 Carpant
2394 2556 2408 2570 .
2466 2528 2605 2570 non
2652 2521 2817 2571 recte

593 2610 659 2672 in
686 2608 1024 2670 Ciceronis
1056 2605 1140 2668 dc
1171 2613 1412 2669 natura
1442 2604 1719 2669 deorum
1751 2629 1792 2680 1,
1811 2607 1890 2669 77
1917 2606 2209 2692 optimus
2241 2604 2463 2668 codex
2485 2655 2501 2679 ‚
2530 2607 2668 2670 nisi
2690 2607 2817 2669 Mo·

594 2727 785 2768 serus
815 2704 985 2767 fallit
1012 2752 1026 2777 ‚
1065 2706 1344 2788 primum
1373 2705 1678 2790 quidquid
1705 2753 1718 2766 .
1772 2725 1992 2788 neque
2022 2712 2205 2767 recte
2237 2702 2420 2788 apud
2450 2702 2816 2768 Varronem

591 2807 659 2868 in
703 2824 926 2866 rerum
965 2802 1362 2865 rusticarum
1404 2803 1574 2877 1‚5‚3
1614 2825 1734 2888 quo
1775 2803 2077 2888 quidquid
2090 2814 2373 2887 ‘tempore
2412 2804 2479 2865 in
2524 2827 2596 2867 eo
2625 2803 2817 2890 fundo

574 2904 727 2993 fieri
767 2903 1116 2966 conveniat.
1161 2901 1318 2963 item
1354 2900 1522 2964 male
1568 2901 1635 2964 in
1666 2899 2053 2964 Trinummo
2084 2899 2305 2963 Plauti
2348 2922 2437 2975 lv,
2452 2901 2514 2978 2,
2530 2901 2617 2964 39
2648 2923 2815 2965 nuttam

591 3002 933 3089 quidquid,
983 2998 1169 3084 quod
1211 2999 1619 3063 Ritschelius
1661 2999 1956 3063 correxit
1988 3047 2001 3061 .
2050 3007 2289 3062 contra
2327 2999 2397 3061 in
2438 2999 2814 3078 Quintiliani

592 3123 657 3174 x,
681 3101 786 3174 1‚3
820 3105 887 3161 et
916 3097 1065 3173 5‚23
1099 3147 1113 3172 ,
1157 3096 1271 3160 ubi
1301 3097 1368 3159 in
1410 3097 1596 3161 libris
1628 3103 1734 3160 est
1759 3108 1830 3160 ut
1865 3097 2160 3183 quicquid
2180 3099 2527 3183 praecipue
2555 3121 2812 3162 neeessa-

589 3202 750 3261 riu-m
782 3208 867 3260 est
895 3204 964 3260 et
991 3208 1059 3259 ut
1085 3220 1196 3259 nec
1220 3219 1331 3260 suo
1360 3196 1491 3258 loeo
1521 3196 1815 3281 quiequid
1842 3205 2118 3280 ponatur
2145 3243 2163 3274 ,
2205 3194 2664 3259 Frotscherus
2691 3217 2813 3258 non

592 3304 776 3360 recte
806 3294 966 3357 fecit
994 3294 1294 3381 quidquid
1323 3342 1336 3374 .
1387 3293 1685 3356 similiter
1718 3293 1967 3355 erravit
1995 3294 2064 3354 in
2095 3291 2437 3356 Ciceronis
2468 3293 2557 3357 de
2588 3295 2815 3357 finibus

590 3417 650 3466 v,
665 3393 743 3455 24
775 3392 1128 3457 Madvicus
1158 3441 1172 3455 .
1218 3389 1400 3476 apud
1432 3391 1754 3454 Catonem
1783 3391 1889 3464 7‚l
1925 3390 2111 3462 libri,
2142 3400 2217 3455 ut
2244 3398 2540 3455 testatur
2566 3392 2814 3456 ILKei-

588 3492 715 3554 lius
757 3490 824 3552 in
869 3490 1450 3554 observationibus
1481 3489 1643 3575 p.48
1672 3538 1687 3564 ‚
1727 3489 1805 3553 In
1835 3490 2040 3553 eodem
2062 3489 2270 3576 fundo
2308 3513 2491 3553 suum
2532 3489 2816 3577 quioquid

592 3589 827 3652 conseri
854 3599 1113 3671 oportet.
1145 3610 1408 3672 semper
1436 3590 1763 3674 quicquam
1793 3586 2220 3651 scribendum
2252 3609 2402 3650 esse
2430 3635 2446 3660 ‚
2492 3588 2619 3651 sed
2649 3588 2813 3675 qm‘d·

587 3686 768 3772 quid,
801 3706 949 3748 cum
981 3685 1366 3748 relationem
1389 3694 1585 3749 notet
1604 3735 1618 3761 ‚
1650 3685 1819 3749 dixit
1840 3685 2221 3771 Wagnerus
2242 3685 2311 3747 in
2334 3686 2813 3771 orthographia

594 3782 972 3868 Vergiliana
994 3805 1055 3866 p.
1075 3784 1199 3846 459
1223 3792 1288 3846 et
1311 3784 1451 3859 467,
1476 3784 1785 3868 idemque
1809 3805 1933 3870 ego
1959 3783 2092 3847 dixi
2119 3782 2208 3847 ad
2234 3783 2472 3846 Gaium
2496 3806 2560 3868 p.
2574 3807 2811 3847 xxxix.

589 3881 692 3944 his
736 3887 1122 3967 poteramus
1166 3880 1417 3944 addere
1463 3882 1730 3968 quidque
1760 3930 1779 3961 ‚
1819 3881 1955 3945 hoe
1986 3890 2090 3945 est
2121 3889 2188 3945 et
2219 3882 2382 3967 quid
2417 3930 2433 3954 ‚
2486 3880 2750 3946 differre
2778 3902 2813 3943 a

587 3980 877 4066 quicque,
923 4000 1047 4065 pro
1080 4001 1214 4064 quo
1245 3980 1441 4064 pauci
1472 3978 1709 4042 eodem
1741 4002 1943 4044 sensu
1975 3979 2267 4044 dixerint
2293 3983 2619 4068 quicquid.
2666 3981 2810 4044 huic

586 4079 713 4166 ipsi
745 4076 932 4162 quod
962 4076 1113 4141 dico
1145 4078 1437 4165 quicquid
1475 4078 1683 4141 simile
1714 4080 1910 4141 estin
1951 4079 2098 4162 lege
2129 4078 2295 4141 Iulia
2334 4080 2717 4166 municipali
2746 4079 2810 4141 13

586 4201 940 4265 quemquem
984 4199 1109 4262 pro
1151 4200 1448 4263 quemque
1474 4225 1488 4250 ‚
1551 4176 1731 4255 Quod
1769 4200 2123 4264 quemquem
2174 4177 2293 4241 Ῐιασ
2333 4180 2464 4262 Ie9e
2504 4179 2813 4268 profiter-ei

585 4278 925 4362 oportebit:
969 4275 1147 4339 sed
1131 4298 1199 4338 ln
1244 4275 1473 4339 eadem
1513 4298 1807 4362 quemque
1836 4275 1951 4351 22,
1993 4299 2295 4362 quamque
2334 4276 2497 4338 viam
2536 4276 2657 4340 hac
2694 4278 2811 4361 Ieye

584 4398 878 4460 quemque
921 4376 1080 4437 tueri
1120 4375 1452 4460 oportebit.
1501 4375 1597 4437 sic
1636 4374 1778 4437 iure
1820 4374 2107 4438 consulti
2136 4382 2377 4460 quoquo
2421 4382 2491 4437 et
2531 4398 2809 4460 quaqua,

583 4473 788 4556 siquid
814 4497 854 4534 a
883 4495 1122 4558 quoquo
1149 4496 1360 4536 eorum
1369 4472 1615 4559 sactum
1647 4497 1769 4536 esse
1798 4473 2066 4552 dicetur,
2096 4483 2389 4558 quantum
2416 4495 2657 4559 quoquo
2686 4495 2807 4535 mo-
