3042 5192
646 448 781 517 160
1707 444 1802 514 ΠΙ

643 620 1047 687 Claudianus
1079 629 1149 685 et
1175 619 1591 684 recentiores
1619 619 1771 684 Itali
1787 666 1802 693 ‚
1834 640 1982 682 cum
2004 620 2412 684 Academiam
2432 619 2650 685 vocali
2677 620 2845 685 brevi

641 719 996 808 proferunt
1023 767 1039 794 ‚
1085 726 1223 781 tam
1267 740 1520 782 morem
1562 718 1876 782 Latinum
1917 726 2235 782 secuntur
2281 740 2482 805 quam
2521 727 2847 783 accentum

642 820 970 883 Graecum
1001 866 1014 880 .
1057 839 1264 905 porro
1307 817 1377 881 in
1404 817 1699 881 Lucretii
1743 817 2033 881 carmine
2072 817 2238 881 nihil
2279 826 2384 882 est
2412 816 2603 902 quod
2640 819 2708 881 in
2732 817 2845 882 1100

639 938 885 1004 genere
935 913 1342 1002 reprehendi
1393 914 1615 1000 possit
1642 963 1657 989 ‚
1703 922 1975 1000 praeter
2016 937 2166 979 eum
2210 938 2415 980 unum
2454 937 2725 981 versum
2759 916 2848 979 cui

639 1017 810 1080 haec
839 1014 1153 1079 adscribo
1183 1038 1198 1091 3
1243 1034 1438 1099 quem
1467 1034 1662 1076 nemo
1692 1015 1967 1100 negabit
2004 1014 2314 1079 facillimo
2344 1015 2621 1101 negotio
2651 1013 2737 1078 ad
2762 1037 2847 1078 re-

640 1115 864 1201 gulam
903 1112 1207 1176 revocari
1246 1132 1453 1199 posse
1494 1111 1852 1176 scribendo
1885 1113 2059 1176 Nam
2101 1136 2241 1176 cum
2277 1115 2468 1178 multo
2506 1124 2649 1177 sunt
2683 1136 2848 1176 Em:-

642 1233 914 1277 mmwra
955 1232 1265 1274 mnona
1304 1230 1610 1272 Amnum
1632 1210 1756 1273 [in
1785 1207 2062 1295 Vergilii
2089 1209 2434 1274 Aeneidos
2475 1212 2703 1286 v1‚505
2728 1211 2848 1276 Mc·

645 1311 873 1375 diceus
907 1310 1170 1373 Rhoeteo
1197 1311 1265 1373 in
1292 1310 1467 1373 litore
1489 1309 1782 1388 inam,
1828 1309 1971 1371 sine
1999 1308 2503 1393 praepositione
2530 1309 2850 1374 Romanus

642 1418 712 1474 et
740 1407 1112 1472 Vaticanae
1141 1406 1482 1483 schedae,
1521 1414 1603 1470 ut
1641 1405 1827 1492 apud
1855 1405 2142 1469 Silium·
2124 1428 2195 1470 111
2223 1429 2370 1482 vm,
2380 1406 2538 1470 621.
2571 1408 2642 1470 in
2670 1431 2734 1483 x
2756 1408 2848 1471 179

643 1528 906 1580 omnes,
947 1513 1269 1591 quantum
1300 1504 1479 1580 scin,
1510 1504 1643 1569 Hos
1671 1528 1903 1590 parere
1927 1506 2133 1569 iubent
2156 1505 2433 1590 Alpheae
2463 1507 2608 1570 sive
2636 1506 2850 1592 Alphea

643 1607 720 1669 ab
750 1606 983 1689 oriyine
1012 1604 1246 1683 Pisae,
1289 1603 1481 1669 nimis
1521 1601 1909 1667 incondite.
1954 1604 2118 1667 satis
2158 1611 2264 1667 est
2290 1604 2572 1690 Alpheae
2610 1606 2848 1689 oriyine,

643 1712 720 1768 ut
746 1704 910 1766 Aen.
932 1723 970 1774 1,
985 1700 1109 1766 286
1127 1701 1398 1786 pulchra
1435 1702 1738 1765 Troianus
1765 1703 2002 1787 origine
2031 1703 2289 1766 Cae-sar.
2316 1703 2387 1767 in
2416 1702 2677 1767 Lucani
2702 1703 2845 1766 libro

641 1801 821 1877 1,197
853 1799 1226 1886 Phryqiique
1243 1811 1499 1885 penates
1536 1799 1747 1864 Gentis
1777 1800 2023 1879 Iuleae,
2051 1812 2110 1864 et
2133 1802 2301 1885 rapti
2325 1812 2561 1865 secreta
2598 1802 2848 1881 Quidni:

642 1898 848 1963 nihilo
892 1896 1187 1961 deterius
1232 1897 1357 1962 erit
1393 1900 1561 1983 rapti
1588 1909 1683 1962 et.
1722 1897 1791 1961 in
1824 1850 2023 1961 Statii
2050 1897 2465 1963 Achilleidos
2503 1922 2549 1973 1,
2564 1900 2649 1964 84
2670 1900 2847 1978 Quem

643 2010 707 2063 tu
750 1999 880 2062 illic
919 2007 1132 2061 παίωνι
1162 1996 1344 2081 Siyeo
1386 1998 1453 2059 in
1483 1998 1741 2082 pulvere
1763 2022 1785 2060 :
1826 2005 2060 2081 potest
2102 1997 2304 2061 scribi
2344 1999 2410 2060 in
2440 1997 2626 2083 δέρω
2648 2048 2664 2061 .
2704 1998 2846 2061 haec

643 2095 1044 2184 paucissima
1080 2093 1306 2158 adhuc
1342 2095 1602 2170 inveni,
1631 2115 1805 2179 quae
1834 2094 2103 2180 regulae
2142 2116 2350 2183 supra
2378 2097 2725 2182 expositae
2750 2094 2846 2159 ad-

642 2201 1073 2260 versarentur
1106 2242 1120 2256 .
1162 2206 1269 2258 est
1296 2202 1518 2257 tamen
1545 2214 1749 2256 unum
1778 2193 2175 2257 vocabulum
2184 2194 2283 2285 fio
2305 2242 2324 2273 ,
2357 2191 2545 2279 quod
2572 2202 2846 2280 tempore

645 2292 940 2378 quodam
978 2314 1019 2356 a
1058 2299 1435 2356 ceterorum
1475 2290 1622 2376 lege
1673 2291 1963 2355 solutum
2006 2290 2214 2355 fuisse
2252 2312 2393 2355 non
2435 2300 2573 2356 tam
2614 2295 2845 2357 ratione

645 2413 845 2477 quam
892 2389 1344 2475 exemplorum
1400 2410 1676 2453 numero
1727 2389 1948 2453 victus
2000 2388 2368 2453 concedam
2399 2439 2413 2453 .
2478 2392 2548 2455 in
2597 2391 2843 2478 Amphi·

641 2498 882 2552 truone
912 2486 1132 2550 Plauti
1174 2487 1422 2562 111‚1‚6‚
1451 2487 1819 2573 Amphitruo
1845 2488 1942 2576 fio
1970 2498 2030 2552 et
2065 2491 2337 2553 vestiann
2373 2489 2605 2555 inmuta
2640 2494 2845 2567 mettin,

645 2587 783 2650 scio
822 2585 1010 2650 libris
1050 2584 1202 2647 olim
1241 2585 1586 2669 impressis
1630 2585 1869 2650 abesse
1910 2586 2215 2672 copulam
2243 2635 2258 2662 ‚
2303 2608 2476 2673 quae
2516 2610 2688 2674 quos
2713 2610 2845 2652 auc-

644 2691 828 2748 tores
857 2683 1108 2748 habeat
1136 2682 1543 2747 Ritschelius
1574 2683 1799 2747 dicere
1840 2685 2092 2770 poterit
2115 2733 2129 2748 .
2172 2686 2242 2748 in
2272 2684 2683 2753 Truculento
2710 2687 2845 2761 1532,

645 2782 721 2845 51
736 2783 835 2872 fio
863 2783 1198 2867 inpudens,-
1229 2803 1631 2868 quamquam
1660 2784 1786 2847 toti
1814 2782 2146 2847 versiculo
2178 2805 2304 2848 1100
2333 2806 2577 2850 sensus
2607 2793 2847 2851 constat

643 2902 771 2945 nec
799 2881 1056 2944 numeri
1085 2928 1098 2942 .
1148 2879 1273 2944 sed
1300 2880 1597 2945 Lucilius
1629 2902 1900 2967 quoque
1929 2880 2106 2945 idem
2137 2884 2537 2949 vocabulum
2568 2893 2717 2950 ante
2741 2906 2844 2949 vo-

646 2981 855 3045 calem
895 2979 1123 3064 posuit
1164 2978 1298 3043 hoc
1339 3000 1573 3053 versu,
1618 2980 1732 3065 qui
1770 2979 2014 3065 legitur
2054 2979 2238 3065 apud
2275 2980 2569 3047 Nonium
2607 2982 2844 3070 p.38‚9.

652 3080 912 3160 Quicum
938 3079 1269 3163 versipellis
1277 3077 1375 3166 fio
1403 3089 1462 3142 et
1486 3078 1731 3164 quicum
1760 3091 2034 3143 conmuto
2065 3082 2274 3143 omnia
2281 3128 2300 3159 ‚
2327 3080 2622 3167 itemque
2654 3081 2843 3146 Hora·

643 3179 777 3242 tius
801 3176 1232 3265 epistularum
1262 3199 1305 3251 1,
1327 3177 1377 3249 l,
1403 3175 1479 3239 16
1496 3176 1688 3241 Nunc
1712 3177 1893 3261 aqna-s·
1902 3180 2001 3267 fio
2028 3189 2086 3243 et
2109 3202 2347 3243 mersor
2369 3181 2645 3244 civilibus
2664 3180 2842 3243 (ιπάἰε.

645 3284 997 3361 praeterea
1034 3275 1459 3339 memorabile
1515 3282 1621 3339 est
1663 3274 1984 3340 Senecam
2035 3278 2108 3340 in
2153 3299 2232 3342 ea
2282 3278 2567 3342 trimetri
2616 3276 2845 3343 iambici

645 3380 838 3459 parte
857 3420 872 3445 ‚
905 3393 988 3435 ex
1019 3394 1154 3457 qua
1180 3381 1373 3460 parte
1404 3374 1701 3459 tragicus
1729 3372 1837 3450 fit,
1878 3375 2190 3440 consulto
2219 3374 2349 3440 hac
2380 3376 2655 3441 elisione
2681 3396 2842 3440 usum

647 3493 797 3535 esse
815 3519 830 3545 ‚
860 3482 1017 3535 sorte
1039 3470 1317 3536 Phoebea
1346 3474 1575 3536 excitus
1586 3521 1605 3552 ‚
1634 3473 1786 3537 turis·
1815 3475 1910 3536 eoi
1937 3485 2177 3555 eattrue,
2204 3476 2404 3560 spolia
2430 3475 2686 3540 Phrixei
2711 3475 2845 3538 arie·

645 3571 722 3634 tis
744 3618 762 3648 ,
810 3569 1129 3655 Strophius
1175 3570 1336 3636 Elea
1375 3571 1617 3634 inclitus
1630 3620 1648 3650 ,
1677 3572 1811 3635 tabe
1838 3573 2079 3639 Nessea
2118 3573 2339 3638 illium
2352 3623 2373 3654 ,
2407 3573 2577 3638 Oed„
2596 3576 2710 3639 287
2743 3569 2846 3636 305

642 3665 824 3729 Med.
839 3666 956 3730 471
1016 3667 1387 3752 Agamem
1436 3667 1773 3733 Herc.716
1803 3718 1816 3732 .
1880 3692 2100 3755 neque
2152 3673 2415 3757 negabo
2462 3672 2695 3737 eodem
2728 3670 2843 3735 fere

642 3774 947 3853 tempore
975 3765 1357 3830 Phaedrum
1398 3767 1753 3852 scripsisse
1792 3769 1864 3832 in
1892 3790 2095 3833 versu
2133 3771 2417 3835 ’iambico
2458 3784 2640 3836 natm
2664 3772 2725 3834 in
2754 3768 2843 3831 (ἵει

641 3867 876 3945 insula,
911 3888 996 3939 ιν,
1010 3864 1108 3937 21,
1120 3865 1162 3929 8
1180 3913 1193 3926 .
1225 3866 1640 3949 grammatici
1667 3886 1832 3930 vero
1871 3867 2167 3953 regulam
2193 3868 2586 3954 ignorantes
2617 3876 2767 3954 quot
2786 3865 2841 3926 in

643 3962 778 4026 hoc
806 3983 1050 4048 genere
1088 3964 1252 4027 vitia
1279 3972 1584 4027 veterum
1612 3970 1963 4049 poetarum
1990 3966 2178 4031 libris
2221 3967 2571 4033 intulerint
2613 3983 2845 4031 enume-

643 4082 794 4125 rare
834 4061 997 4125 nihil
1036 4083 1209 4149 opus
1253 4070 1399 4126 est.
1444 4062 1786 4127 Bentleius
1829 4064 1897 4128 in
1938 4064 2196 4129 Andria
2233 4064 2537 4131 Terentii
2574 4059 2845 4152 peccavit

643 4159 1002 4224 scribendo
1047 4184 1115 4235 11,
1131 4161 1188 4236 6,
1203 4160 1244 4225 8
1289 4161 1554 4246 Propter
1590 4161 1851 4247 hospitem?
1891 4161 2140 4227 huiusce
2182 4164 2705 4228 consuetudinem·
2682 4209 2700 4243 ‚
2739 4155 2845 4242 qui

642 4281 688 4322 1
689 4279 880 4322 ersus
910 4266 1182 4323 servato
1213 4260 1470 4346 vulgari
1493 4260 1975 4326 vocabulorum
2004 4261 2239 4326 ordine
2267 4262 2366 4327 ita
2387 4260 2698 4327 dicendus
2724 4263 2843 4320 est.

644 4358 905 4443 Propter
941 4357 1190 4423 huiusce
1228 4359 1492 4445 hospitai
1521 4362 2008 4425 conszoetudinem
2025 4409 2045 4442 ‚
2085 4369 2163 4426 ut
2191 4362 2259 4425 in
2288 4360 2615 4425 Eunucho
2642 4382 2694 4429 v,
2707 4354 2845 4429 5,10

652 4456 971 4543 Quidquid
992 4457 1172 4522 huius
1194 4458 1499 4545 factumst
1537 4466 1607 4524 et
1645 4460 1715 4524 in
1753 4460 1997 4526 Heaut.
2030 4483 2128 4537 111,
2140 4460 2197 4535 2,
2208 4460 2291 4526 40
2323 4461 2550 4550 Siquid
2581 4459 2739 4524 huius
2760 4453 2843 4517 εἰ·
