3042 5192
1320 443 1414 512 ΠΙ
1621 507 1628 514 .
2345 448 2478 518 103

228 618 701 706 quaerendum
729 617 1039 682 videatur
1069 623 1139 680 et
1164 617 1233 679 in
1263 616 1620 682 discrimen
1649 617 1980 704 agendum
1997 669 2012 694 ‚

222 743 453 799 utrum
484 733 764 799 tandem
792 732 1048 796 animae
1078 740 1405 796 venentur
1435 734 1688 797 semina
1718 754 2024 820 quaeque

225 850 755 913 vermiculorum
781 848 1105 935 ipsaeque
1136 847 1260 911 sibi
1287 845 1698 913 fabricentur
1724 850 1840 914 ubi
1868 849 2003 915 sint
2019 898 2034 925 ‚

226 985 313 1028 an
343 964 550 1049 quasi
581 961 979 1050 corporibus
1006 961 1325 1049 perfectis
1354 963 1774 1027 insinuentur
1791 1013 1805 1026 .

86 1095 171 1142 730
222 1087 293 1142 at
320 1100 555 1164 neque
585 1100 706 1142 cur
732 1076 983 1141 faciant
1008 1077 1198 1164 ipsae
1230 1097 1526 1162 quareve
1553 1078 1865 1143 laborent

224 1192 458 1257 dicere
489 1190 915 1281 suppeditat.
936 1211 1159 1276 neque
1189 1192 1361 1255 enim
1380 1241 1396 1268 ,
1419 1193 1563 1256 sine
1592 1214 1881 1279 corpore
1910 1215 2058 1258 cum
2088 1203 2245 1259 sunt
2262 1244 2277 1268 ‚

223 1307 561 1372 sollicitae
589 1307 880 1372 volitant
903 1306 1155 1371 morbis
1184 1306 1476 1392 alguque
1503 1306 1847 1392 fameque:

221 1443 481 1510 corpus
512 1421 687 1484 enim
711 1420 923 1507 magis
951 1420 1059 1485 his
1084 1421 1264 1486 vitiis
1294 1420 1516 1486 adfine
1543 1422 1811 1487 laborat
1826 1471 1843 1498 ‚

226 1546 297 1602 et
324 1536 509 1601 mala
535 1536 745 1601 multa
773 1535 1030 1599 animus
1060 1536 1438 1622 contagibu’
1464 1536 1764 1624 fungitur
1795 1535 1966 1601 eius.

84 1669 170 1714 735
220 1651 348 1716 sed
382 1661 609 1716 tamen
635 1650 742 1715 his
774 1656 921 1715 esto
955 1651 1257 1735 quamvis
1285 1650 1508 1716 facere
1536 1652 1697 1718 utile
1727 1673 1975 1739 corpus
1994 1701 2009 1726 ‚

227 1788 383 1831 cum
412 1766 734 1831 subeant:
755 1771 830 1830 at
857 1787 992 1851 qua
1018 1766 1288 1853 possint
1313 1767 1426 1830 via
1451 1766 1637 1830 nulla
1663 1765 1967 1832 videtur.

228 1882 403 1946 haut
425 1880 630 1966 igitur
654 1879 912 1944 faciunt
938 1881 1193 1945 animae
1223 1880 1350 1945 sibi
1378 1902 1669 1969 corpora
1699 1889 1767 1947 et
1795 1889 1984 1947 artus
2004 1932 2018 1945 .

228 2018 359 2060 nec
386 2005 612 2060 tamen
643 2003 750 2060 est
777 2002 853 2060 ut
878 1996 1009 2059 iam
1036 1996 1357 2083 perfectis
1384 1995 1806 2060 insinuentur

228 2111 666 2198 corporibus:
687 2129 911 2194 neque
941 2110 1115 2173 enim
1142 2115 1469 2196 poterunt
1496 2111 1835 2198 suptiliter
1864 2130 2012 2175 esse

86 2243 174 2288 740
227 2247 529 2290 conexae
548 2274 564 2301 ,
584 2245 805 2310 neque
836 2245 1205 2289 consensus
1235 2225 1548 2311 contagia
1573 2224 1769 2289 fient.

308 2340 624 2426 Denique
654 2360 771 2404 cur
801 2340 974 2404 acris
1001 2339 1322 2405 violentia
1347 2340 1545 2404 triste
1572 2339 1837 2404 leonum

226 2455 574 2520 seminium
604 2454 907 2540 sequitur
924 2503 940 2532 ‚
962 2454 1201 2542 volpes
1233 2453 1430 2520 dolus
1448 2504 1464 2532 ‚
1489 2464 1559 2520 et
1584 2455 1745 2541 fuga
1773 2476 2011 2520 cervos
2030 2505 2045 2530 ‚

88 2587 173 2634 :44
226 2579 294 2636 et
319 2571 453 2634 iam
485 2578 713 2634 cetera
739 2568 826 2633 de
854 2590 1099 2655 genere
1126 2570 1261 2634 hoc
1290 2591 1408 2634 cur
1438 2571 1660 2634 omnia
1685 2570 1997 2635 membris

230 2707 314 2749 ex
341 2686 617 2749 ineunte
646 2705 814 2749 aevo
843 2691 1292 2770 generascunt
1316 2685 1720 2771 ingenioque
1741 2734 1757 2762 ‚

229 2802 287 2864 si
314 2821 455 2864 non
472 2849 488 2873 ‚
510 2808 697 2865 certa
724 2821 850 2864 suo
882 2799 1039 2885 quia
1067 2800 1315 2863 semine
1344 2800 1753 2885 seminioque

226 2916 330 2980 vis
360 2914 562 2979 animi
588 2916 841 3001 pariter
870 2915 1112 2980 crescit
1139 2935 1289 2978 cum
1319 2935 1606 3001 corpore
1636 2921 1785 2978 toto
1803 2914 1837 2977 P

227 3029 414 3116 quod
443 3030 502 3094 si
528 3029 896 3094 inmortalis
924 3026 1105 3093 foret
1132 3037 1201 3093 et
1226 3039 1486 3094 mutare
1515 3028 1768 3093 soleret

228 3166 523 3232 corpora
540 3193 555 3219 ‚
578 3142 926 3231 permixtis
957 3144 1326 3209 animantes
1354 3144 1653 3209 moribus
1685 3150 1945 3218 essent,

88 3275 174 3322 750
229 3260 551 3346 effugeret
579 3259 762 3322 canis
791 3256 1115 3345 Hyrcano
1149 3257 1235 3323 de
1264 3259 1512 3324 semine
1544 3280 1747 3347 saepe

227 3375 559 3461 cornigeri
585 3374 923 3438 incursum
955 3373 1135 3438 cervi
1153 3421 1170 3450 ‚
1190 3380 1645 3459 tremeretque
1673 3396 1797 3462 per
1826 3395 2024 3438 auras

225 3490 395 3554 aeris
425 3489 747 3576 accipiter
772 3487 1037 3573 fugiens
1064 3489 1376 3552 veniente
1408 3489 1715 3554 columba
1731 3538 1747 3565 ‚
2057 3479 2063 3484 ’

227 3602 616 3692 desiperent
640 3602 945 3668 homines
964 3652 980 3680 ‚
1002 3610 1323 3691 saperent
1349 3601 1496 3667 fera
1523 3604 1745 3669 saecla
1771 3602 2092 3668 ferarum.

221 3717 387 3782 illud
417 3719 592 3782 enim
619 3716 792 3782 falsa
818 3716 1034 3782 fertur
1060 3718 1325 3783 ratione
1345 3767 1361 3795 ‚
1385 3718 1574 3803 quod
1603 3721 1788 3786 aiunt

89 3846 172 3892 ³55
222 3832 641 3898 inmortalem
670 3832 953 3897 animam
980 3840 1238 3898 mutato
1268 3853 1558 3921 corpore
1584 3834 1797 3899 flecti:

224 3947 406 4032 quod
434 3954 736 4012 mutatur
766 3947 938 4012 enim
967 3947 1357 4013 dissolvitur
1374 3996 1390 4024 ‚
1409 3948 1639 4013 interit
1667 3969 1826 4035 ergo
1847 3999 1861 4013 .

225 4063 622 4128 traiciuntur
654 4063 825 4127 enim
853 4071 1085 4150 partes
1115 4071 1320 4149 atque
1351 4061 1589 4127 ordine
1615 4064 1935 4150 migrant3

233 4342 327 4389 732
361 4337 594 4409 alguque
639 4340 662 4410 ΙΙ
713 4345 812 4393 734
839 4349 1070 4413 contage
1103 4341 1125 4412 ΙΙ
1164 4348 1265 4395 736
1289 4359 1391 4410 que
1427 4342 1449 4411 ΙΙ
1487 4345 1587 4394 738
1626 4347 1684 4394 ut
1707 4342 1916 4411 quicum
1953 4340 1975 4409 ΙΙ
2013 4346 2111 4395 740
2137 4357 2401 4395 consensu
2438 4340 2457 4406 ΙΙ

234 4424 327 4472 743
361 4422 412 4475 A
449 4422 700 4492 patribus
739 4422 893 4478 datur
931 4432 985 4477 et
1020 4442 1051 4478 a
1084 4426 1290 4497 patrius
1326 4442 1494 4494 pavor
1531 4425 1713 4478 incitat
1747 4433 1920 4480 artus.
