3042 5192
1278 490 1378 559 VI
2302 493 2441 559 367

210 668 336 731 668
356 716 370 740 ,
400 667 638 752 Perque
666 688 837 728 mare
868 689 941 728 ac
970 676 1165 728 terras
1193 666 1451 749 rapidus
1467 688 1838 749 percurrere
1868 666 2039 729 turbo
2055 713 2073 744 ,
2106 674 2172 729 et
2201 687 2236 728 6
2262 666 2444 729 Cice-

208 788 379 830 ronc
424 766 489 827 in
531 787 609 827 111
642 764 1088 827 accusationis
1125 763 1241 828 100
1272 812 1287 838 ‚
1324 786 1469 825 nam
1489 786 1610 847 per
1637 786 1840 827 omnes
1869 765 2129 828 civitates
2158 788 2315 851 qnae
2343 767 2444 829 de-

210 888 421 928 cumas
458 863 678 927 habent
704 864 1022 948 percurrit
1060 863 1255 925 oratio
1291 884 1430 924 mea
1461 911 1472 924 .
1517 862 1614 924 sic
1645 862 1714 924 in
1744 862 1964 925 Aetna
1992 862 2075 926 98
2103 874 2280 949 utque
2310 865 2444 926 ani-

208 964 433 1025 manti-s*
462 963 579 1024 Per
601 973 721 1025 tota
750 972 1020 1024 errantes
1028 971 1411 1045 percurrunt
1438 982 1701 1044 corpora
1728 984 1945 1024 venae.
1978 961 2073 1024 sic
2095 959 2446 1025 Vitruvius

209 1061 277 1123 in
305 1082 449 1133 vm,
469 1060 526 1133 3,
545 1059 584 1121 2
612 1083 734 1144 per
776 1060 1021 1143 lonqum
1059 1058 1326 1142 ¹spati-can
1367 1069 1569 1121 terrae
1591 1070 2015 1143 percurrentes
2029 1106 2047 1137 ,
2078 1059 2116 1121 7
2147 1060 2314 1145 quod
2332 1083 2448 1144 per

209 1170 410 1221 terrae
432 1158 671 1220 dulcem
696 1177 907 1218 sucwm
923 1156 1241 1239 percurrit
1257 1204 1270 1217 .
1300 1156 1457 1218 item
1480 1155 1562 1220 26
1579 1203 1593 1216 .
1627 1157 1867 1240 quibus
1897 1158 2101 1220 simile
2134 1165 2239 1221 est
2262 1156 2445 1242 quod

211 1254 518 1318 Handius
543 1255 612 1316 in
630 1252 690 1316 T
693 1252 988 1316 ursellini
1011 1261 1193 1315 tomo
1213 1275 1282 1315 1v
1306 1277 1367 1339 p.
1382 1252 1506 1316 432
1530 1254 1811 1339 protulit
1835 1275 1919 1317 ex
1943 1253 2248 1320 Caesaris
2269 1255 2445 1320 bello

211 1353 472 1415 Gallico
491 1375 582 1426 lv,
596 1351 677 1415 33
693 1401 709 1426 ,
719 1352 930 1437 primo
942 1373 1064 1435 per
1084 1373 1288 1413 onmes
1292 1362 1506 1436 partes
1514 1353 1932 1438 perequitant.
1957 1353 2114 1417 item
2139 1375 2219 1417 eo
2242 1352 2445 1417 modo

211 1451 464 1514 Cacsar
491 1450 562 1512 in
593 1470 822 1513 comm.
842 1470 958 1521 vn,
979 1447 1060 1510 66
1089 1449 1197 1534 qui
1228 1472 1351 1512 non
1379 1449 1467 1512 bis
1486 1473 1606 1534 per
1635 1472 1854 1534 aymen
1881 1450 2134 1515 hostium
2159 1454 2446 1538 perequi-

209 1560 435 1612 tassent
463 1597 476 1610 .
522 1556 660 1610 non
703 1546 892 1611 aliter
920 1545 1234 1609 Lucanus
1262 1547 1513 1622 vn,341
1560 1557 1861 1633 totumque
1893 1571 2016 1634 per
2043 1572 2259 1634 aymen
2289 1549 2446 1614 Sub-

208 1648 347 1711 limi
361 1657 681 1731 pervectus
719 1667 872 1730 equo
895 1693 914 1723 ‚
958 1644 1190 1707 Cicero
1224 1642 1308 1706 de
1340 1653 1610 1708 oratore
1641 1667 1684 1717 1,
1703 1644 1824 1708 222
1843 1658 2146 1732 perayrat
2161 1671 2282 1732 per
2309 1650 2445 1711 ani-

207 1769 340 1809 mos
368 1744 681 1807 hominum
698 1791 716 1822 ‚
739 1741 1090 1806 Vitruvius
1120 1765 1189 1817 11,
1208 1742 1247 1804 6
1266 1745 1511 1827 penitus
1540 1745 1699 1828 iynis
1726 1742 2093 1832 etflammae
2119 1767 2311 1829 vapor
2327 1768 2449 1829 per

208 1843 544 1907 imercenia
559 1863 941 1926 permanans
956 1889 975 1919 ,
1004 1841 1073 1902 in
1103 1863 1173 1914 11,
1190 1840 1247 1912 8,
1271 1840 1348 1903 12
1377 1842 1581 1926 opinio
1598 1863 1720 1925 per
1749 1841 1953 1905 orbem
1980 1852 2287 1905 terrarum
2297 1865 2446 1927 per-

206 1952 437 2026 vaqata
456 1989 469 2001 .
502 1959 625 2001 nec
653 1937 950 2001 mirabile
982 1945 1086 2001 est
1099 1960 1500 2023 perrumpere
1529 1936 1766 2016 addita
1791 1938 1937 2002 viae
1969 1938 2448 2024 significatione

209 2037 398 2125 apud
429 2037 657 2101 Silium
685 2036 985 2099 Italicum
1024 2037 1094 2099 in
1132 2058 1252 2111 ΧΠ,
1270 2036 1394 2100 698
1420 2083 1436 2110 ‚
1478 2038 1737 2099 etiamne
1775 2037 2029 2122 parabit
2052 2038 2318 2101 Nostrae
2343 2040 2449 2103 ille

209 2140 421 2202 domos
447 2185 462 2212 ‚
500 2147 737 2200 nostras
752 2159 1163 2221 perrumpere
1190 2136 1256 2197 in
1285 2133 1505 2198 arces?
1536 2142 1605 2198 et
1630 2135 1700 2197 in
1726 2158 1867 2209 xnr,
1886 2134 2006 2198 522
2038 2134 2452 2221 Perrampunt

212 2237 360 2300 Itali
397 2258 522 2321 qua
564 2235 775 2297 caedes
804 2235 1019 2318 prima
1053 2234 1299 2297 reclusit
1325 2234 1805 2319 Illonstravitque
1831 2235 1995 2296 viam
2027 2281 2040 2295 .
2089 2232 2214 2296 sed
2231 2256 2448 2319 perve-

208 2336 348 2397 nire
390 2332 698 2397 absolute
726 2379 740 2405 ‚
785 2338 863 2394 ut
904 2338 1086 2394 esset
1112 2331 1343 2394 venire
1376 2352 1509 2415 quo
1553 2331 1790 2414 aliquis
1819 2331 2230 2415 perrexisset
2256 2378 2272 2405 ‚
2313 2331 2446 2394 Lu-

211 2432 464 2497 cretius
493 2432 659 2494 satis
687 2429 1056 2494 insolenter
1081 2428 1250 2494 dixit
1275 2430 1342 2492 in
1364 2428 1498 2492 hoc
1529 2429 1698 2493 libro
1729 2429 1852 2493 383
1881 2431 2010 2504 ita,
2045 2428 2215 2493 Unde
2241 2432 2450 2494 volans

206 2533 374 2617 ι’φιὶε
393 2529 738 2614 pervenerit
762 2576 781 2607 ‚
825 2525 897 2590 id
928 2537 1033 2591 est
1061 2527 1194 2591 huc
1226 2529 1608 2613 pervenerit
1636 2576 1652 2602 ‚
1697 2534 1765 2590 et
1793 2527 2088 2591 similiter
2116 2527 2186 2590 in
2218 2550 2306 2604 w,
2323 2528 2446 2592 285

210 2628 338 2692 554
369 2652 385 2705 ς
425 2648 551 2689 1166
594 2635 813 2690 tamen
857 2626 1086 2690 solus:
1129 2648 1284 2690 nam
1323 2627 1392 2689 in
1421 2625 1698 2711 Vergilii
1744 2626 1979 2711 ecloga
2006 2627 2102 2702 ix}
2115 2624 2154 2688 2
2183 2626 2449 2712 ingrata

209 2735 374 2792 sunt
405 2746 575 2810 quae
603 2724 906 2788 homines
937 2723 1123 2788 docti
1152 2725 1756 2798 comminiscuntur,
1786 2731 1864 2788 ut
1896 2723 2055 2787 mihi
2084 2723 2447 2788 tenendum

206 2824 523 2890 videatur
554 2821 741 2908 quod
767 2821 918 2887 libri
943 2830 1209 2886 veteres
1240 2823 1568 2909 praebent
1585 2869 1600 2897 ‚
1639 2822 1694 2886 Ο
1723 2822 1999 2908 Lycida,
2027 2823 2149 2885 vivi
2163 2821 2447 2907 perreni-

206 2947 349 2986 mus
380 2970 399 3001 ,
441 2922 677 2985 advena
717 2922 906 2983 nostri
945 2919 1161 3005 (Quod
1196 2943 1532 3006 numquam
1572 2922 1749 2984 veriti
1785 2919 2028 3004 summ)
2057 2931 2126 2983 ut
2137 2943 2450 3005 possessor

208 3021 398 3106 agelli
418 3019 671 3083 Diceret
701 3012 868 3083 ‘haec
895 3042 1034 3082 mea
1060 3019 1244 3081 sunt'.
1264 3019 1605 3102 perducere
1633 3039 1794 3081 vero
1817 3066 1832 3092 ‚
1862 3018 1928 3080 in
1962 3038 2096 3102 quo
2133 3018 2308 3081 inest
2337 3039 2445 3081 ac-

206 3120 312 3184 tio
330 3167 346 3193 ‚
379 3116 612 3181 dubito
644 3138 730 3180 an
759 3139 896 3179 non
926 3116 1146 3202 possit
1170 3117 1267 3179 ita
1296 3114 1427 3178 dici
1451 3164 1465 3178 .
1512 3123 1694 3179 certe
1723 3115 2078 3178 Lucretius
2105 3115 2174 3177 in
2204 3137 2264 3188 v,
2289 3115 2446 3179 1027

205 3216 285 3281 id
314 3238 521 3280 ausus
548 3237 686 3279 11011
718 3222 854 3290 est,
896 3214 1020 3279 sed
1049 3214 1320 3302 scripsit
1347 3236 1485 3277 non
1515 3214 1657 3277 sine
1689 3212 2264 3277 demonstratione
2294 3212 2445 3277 finis

210 3316 356 3380 IVec
374 3316 663 3400 potuisset
689 3313 913 3378 adhuc
929 3314 1274 3399 perducere
1300 3314 1505 3378 saecla
1523 3334 1837 3398 prqoaqo.
1878 3330 2100 3395 neque
2131 3310 2448 3377 credibile

208 3412 488 3477 videtur
516 3420 632 3476 aut
661 3434 700 3476 a
723 3411 983 3475 Catullo
1016 3432 1163 3474 6886
1193 3411 1363 3474 haec
1399 3412 1536 3486 109,
1554 3411 1592 3474 3
1610 3460 1625 3485 ,
1659 3410 1736 3473 Ut
1760 3411 1941 3473 liceat
1963 3408 2133 3472 nobis
2160 3420 2281 3473 tota
2297 3433 2447 3495 per-

202 3514 435 3576 ducere
471 3513 593 3574 cita
622 3512 955 3573 Aeternum
995 3509 1107 3572 hoc
1146 3505 1392 3573 sanctae
1403 3510 1632 3597 foedus
1670 3509 1976 3572 amicitiae
2005 3556 2023 3587 ‚
2066 3516 2184 3572 aut
2213 3530 2253 3571 a
2280 3508 2447 3572 Pro-

199 3609 432 3697 pertio
465 3632 508 3684 1,
527 3609 583 3682 3,
601 3608 682 3671 39
720 3607 775 3672 O
803 3601 1038 3672 atinam
1066 3609 1213 3672 tales
1231 3609 1572 3694 perducet-9,
1602 3607 1904 3691 improbe,
1933 3617 2135 3670 noctes
2152 3656 2166 3670 .

379 3706 520 3771 329.
562 3728 757 3769 msa
788 3754 802 3769 .
846 3706 1020 3771 Alibi
1050 3704 1248 3769 iidem
1280 3707 1426 3771 libri
1454 3726 1690 3768 nussA
1713 3753 1727 3766 .
1760 3702 1883 3767 scd
1911 3704 2081 3767 haec
2111 3726 2280 3769 sono
2310 3727 2448 3768 non

199 3805 531 3870 differunt
556 3805 626 3867 in
656 3804 858 3889 longa
885 3804 1103 3867 vocali
1136 3852 1150 3866 .
1194 3805 1416 3868 dimisa
1447 3801 1817 3888 quadratus
1857 3803 1925 3866 in
1955 3826 2051 3877 111,
2071 3803 2195 3866 356
2227 3853 2240 3866 .
2285 3804 2353 3866 in
2382 3825 2446 3878 v,

196 3904 332 3968 629
364 3902 698 3987 oblongus
728 3903 1030 3981 demi-sior,
1062 3902 1339 3964 dimi-sior
1369 3900 1741 3986 quadratus
1772 3951 1786 3965 .
1831 3903 1972 3965 sine
2001 3903 2138 3966 ullo
2170 3901 2258 3967 ad
2288 3923 2446 3988 pro-

194 4001 692 4066 nuntiationem
740 3999 1187 4063 emolumento
1238 4007 1504 4063 veteres
1558 4000 1972 4085 scripserunt
2013 4024 2231 4065 caussa
2274 4024 2449 4064 cassu

195 4122 541 4165 comessum
584 4100 759 4162 cessit
798 4100 948 4163 ussit
967 4146 981 4160 .

374 4196 515 4260 335.
547 4196 871 4260 Dmunn
910 4219 1120 4273 quon
1159 4218 1473 4261 omnmo
1509 4235 1579 4243 —
1617 4218 1979 4260 osonum.
2011 4194 2161 4258 Itali
2192 4215 2445 4257 neon-

193 4318 361 4362 stm
396 4343 409 4356 .
457 4292 581 4358 sed
619 4293 785 4358 illud
814 4296 979 4382 quod
1014 4294 1193 4358 unde
1225 4294 1521 4380 pendeat
1550 4294 1712 4358 nihil
1743 4302 1847 4358 est
1878 4343 1891 4356 .
1937 4313 2098 4376 ergo
2130 4293 2445 4357 faciemus

190 4396 434 4459 Anni-2
468 4394 634 4480 quod
660 4419 682 4455 .·
722 4393 853 4457 hoc
885 4394 1055 4457 enim
1086 4393 1261 4457 solet
1286 4393 1382 4456 ita
1408 4400 1717 4477 repetere
1745 4390 2129 4454 Lucretius,
2161 4388 2316 4453 vide
2347 4412 2444 4465 111,

188 4494 329 4559 828
358 4492 484 4558 829
518 4492 679 4557 1036
716 4492 871 4557 1037
904 4517 993 4569 iv,
1015 4490 1169 4556 1121
1208 4490 1366 4556 1122
1395 4490 1620 4565 v1‚611
1655 4489 1810 4553 613.
