3042 5192
416 949 511 995 335

420 1524 519 1570 340

424 2098 520 2145 345

430 2668 529 2715 350

434 3244 531 3288 :355

442 3813 541 3860 360

570 414 709 483 168
1584 441 1602 453 ·
1645 409 1716 476 V

570 608 775 675 quare
807 586 1002 651 etiam
1035 584 1363 672 quaedam
1390 606 1570 650 nunc
1599 592 1781 650 artes
1809 584 2243 671 expoliuntur
2261 636 2277 664 ‚

564 724 743 767 nunc
773 703 968 767 etiam
999 708 1400 788 augescunt:
1425 722 1607 764 nunc
1636 698 1873 765 addita
1900 701 2180 787 navigiis
2211 711 2369 768 sunt

565 818 776 882 multa
792 867 807 894 ‚
829 816 1032 882 modo
1065 816 1360 902 organici
1387 815 1660 880 melicos
1689 836 2014 903 peperere
2043 838 2326 884 sonores
2344 869 2360 894 ‚

569 931 859 1019 denique
887 940 1131 997 natura
1156 932 1327 996 haec
1354 953 1578 996 rerum
1604 931 1913 1015 ratioque
1940 940 2281 1019 repertast

569 1070 785 1135 nuper
802 1098 818 1126 ,
843 1057 912 1113 et
936 1047 1115 1111 hanc
1144 1047 1394 1134 primus
1425 1067 1575 1109 cum
1601 1044 1832 1131 primis
1861 1045 2007 1132 ipse
2034 1055 2345 1132 repertus

566 1185 746 1227 nunc
776 1184 901 1250 ego
933 1184 1078 1227 sum
1104 1162 1175 1225 in
1202 1161 1457 1248 patrias
1488 1155 1605 1247 qui
1630 1160 1884 1247 possim
1910 1168 2176 1225 vertere
2204 1184 2411 1228 voces
2432 1215 2445 1228 .

575 1277 762 1363 quod
791 1279 849 1342 si
875 1277 1053 1342 forte
1082 1275 1288 1341 fuisse
1319 1285 1476 1340 ante
1503 1275 1638 1340 hac
1667 1274 1904 1340 eadem
1934 1276 2154 1340 omnia
2184 1277 2405 1343 credis
2425 1328 2440 1353 ‚

576 1392 701 1457 sed
727 1392 1005 1479 periisse
1034 1391 1372 1456 hominum
1400 1391 1690 1455 torrenti
1722 1390 1945 1455 saecla
1971 1411 2227 1478 vapore
2245 1441 2260 1468 ‚

577 1514 694 1572 aut
722 1505 1044 1571 cecidisse
1071 1506 1256 1570 urbis
1286 1526 1529 1591 magno
1559 1506 1907 1570 vexamine
1935 1505 2201 1582 mundi,

576 1629 694 1687 aut
723 1643 808 1686 ex
834 1621 1154 1687 imbribus
1184 1618 1485 1685 adsiduis
1514 1620 1735 1686 exisse
1763 1641 2048 1708 rapaces

573 1758 697 1823 per
724 1721 943 1801 terras
972 1757 1200 1800 amnes
1229 1743 1434 1821 atque
1464 1735 1723 1823 oppida
1751 1735 2183 1823 cooperuisse
2202 1786 2217 1810 ‚

574 1859 766 1916 tanto
798 1853 1045 1938 quique
1074 1851 1283 1938 magis
1312 1851 1533 1914 victus
1561 1849 1815 1915 fateare
1843 1857 2192 1915 necessest

582 1966 854 2030 exitium
884 1987 1154 2052 quoque
1182 1974 1512 2030 terrarum
1545 1965 1845 2051 caelique
1873 1964 2205 2029 futurum:

576 2102 730 2145 nam
758 2103 907 2145 cum
935 2102 1046 2144 res
1075 2080 1282 2144 tantis
1308 2081 1561 2144 morbis
1590 2081 1934 2165 tantisque
1963 2080 2228 2166 periclis

578 2201 1070 2283 temptarentur
1088 2243 1104 2267 ‚
1125 2194 1216 2258 ibi
1246 2195 1305 2257 si
1333 2195 1592 2258 tristior
1619 2193 2037 2258 incubuisset

582 2332 785 2374 causa
802 2360 818 2386 ,
841 2308 1084 2373 darent
1110 2309 1245 2372 late
1276 2306 1538 2371 cladem
1565 2301 1975 2393 magnasque
2005 2309 2264 2373 ruinas.

580 2446 706 2487 nec
736 2426 996 2488 ratione
1026 2423 1154 2488 alia
1180 2421 1499 2487 mortales
1533 2442 1683 2486 esse
1710 2420 2014 2486 videmur
2033 2472 2049 2498 ‚

580 2539 754 2602 inter
781 2559 909 2602 nos
937 2538 1064 2602 nisi
1094 2536 1280 2623 quod
1307 2537 1556 2602 morbis
1587 2537 2031 2622 aegrescimus
2059 2537 2237 2602 idem

585 2661 787 2737 atque
816 2652 907 2716 illi
938 2674 1110 2738 quos
1140 2675 1180 2717 a
1205 2654 1346 2717 vita
1371 2660 1616 2717 natura
1642 2652 1929 2717 removit
1946 2701 1959 2715 .

668 2766 1028 2831 Praeterea
1057 2789 1228 2852 quae
1259 2787 1545 2852 cumque
1573 2774 1844 2831 manent
1873 2775 2148 2832 aeterna
2173 2776 2529 2831 necessust

588 2890 737 2958 aut,
762 2882 917 2967 quia
946 2888 1103 2946 sunt
1133 2881 1349 2946 solido
1381 2903 1531 2945 cum
1561 2902 1844 2968 corpore
1862 2931 1878 2959 ,
1899 2903 2221 2968 respuere
2247 2883 2421 2947 ictus

586 3019 713 3061 nec
740 3007 1095 3084 penetrare
1123 2999 1263 3083 pati
1294 2996 1420 3061 sibi
1450 2997 1806 3081 quicquam
1838 2995 2024 3082 quod
2054 3004 2260 3082 queat
2289 3003 2471 3061 artas

588 3111 953 3177 dissociare
980 3113 1162 3177 intus
1190 3112 1403 3199 partis
1422 3160 1438 3188 ,
1458 3119 1538 3175 ut
1564 3111 1867 3175 materiai

590 3249 879 3315 corpora
907 3237 1063 3293 sunt
1080 3278 1096 3302 ‚
1121 3249 1403 3313 quorum
1432 3233 1741 3291 naturam
1770 3225 2186 3290 ostendimus
2216 3235 2370 3291 ante
2388 3276 2403 3298 ,

590 3349 708 3406 a'ut
735 3342 890 3406 ideo
922 3341 1164 3407 durare
1193 3348 1477 3406 aetatem
1507 3362 1712 3428 posse
1739 3362 1863 3429 per
1894 3362 2155 3405 omnem
2174 3391 2190 3417 ,

591 3456 936 3543 plagarum
968 3458 1124 3543 quia
1152 3464 1310 3521 sunt
1339 3457 1643 3543 expertia
1661 3505 1676 3532 ‚
1708 3457 1883 3521 sicut
1909 3457 2104 3520 inane
2137 3464 2245 3520 est
2267 3505 2283 3532 ‚

596 3569 783 3655 quod
811 3579 1036 3636 manet
1061 3572 1383 3635 intactum
1412 3591 1633 3656 neque
1664 3571 1749 3653 ab
1779 3571 1916 3634 ictu
1943 3570 2243 3657 fungitur
2271 3570 2513 3644 hilum,

596 3691 713 3748 aut
741 3685 937 3748 etiam
967 3686 1122 3771 quia
1150 3686 1331 3750 nulla
1358 3685 1489 3749 loci
1516 3685 1595 3749 fit
1623 3686 1818 3772 copia
1848 3685 2095 3749 circum
2112 3734 2128 3762 ,

599 3819 733 3882 quo
764 3800 954 3885 quasi
983 3821 1091 3864 res
1120 3802 1385 3887 possint
1415 3799 1764 3864 discedere
1796 3799 2209 3885 dissoluique
2231 3849 2245 3874 ‚

599 3913 774 3976 sicut
803 3934 1202 3978 summarum
1231 3937 1486 3979 summa
1517 3922 1622 3979 est
1649 3922 1926 3979 aeterna
1943 3964 1958 3989 ‚
1979 3935 2201 3998 neque
2233 3923 2424 3978 extra

601 4028 716 4111 qui
743 4027 933 4092 locus
964 4036 1071 4092 est
1100 4051 1235 4114 quo
1267 4028 1627 4106 dissiliant,
1651 4051 1869 4113 neque
1901 4050 2190 4115 corpora
2219 4036 2377 4093 sunt
2406 4049 2579 4113 quac

601 4142 866 4228 possint
894 4141 1187 4206 incidere
1221 4151 1287 4208 et
1314 4143 1539 4209 valida
1570 4141 1937 4208 dissolvere
1968 4143 2198 4229 plaga.

896 4325 1007 4332 --——-

611 4390 708 4437 339
745 4386 953 4458 perisso
989 4384 1009 4454 ΙΙ
1050 4393 1146 4439 342
1186 4394 1236 4440 at
1277 4387 1296 4456 11
1337 4395 1433 4440 359
1472 4390 1540 4442 sit
