3042 5192
1367 435 1427 505 II
2279 485 2283 489 <
2419 442 2502 513 71

124 629 209 675 935
260 633 394 675 non
424 611 574 675 fieri
606 617 879 697 partum
908 610 1035 675 nisi
1065 610 1347 675 concilio
1378 618 1534 676 ante
1565 621 1802 677 coacto
1822 661 1836 687 ‚

259 748 383 791 nec
414 727 783 812 quicquam
813 726 1212 791 commutari
1242 726 1384 791 sine
1414 727 1767 793 conciliatu
1786 778 1799 791 .

264 842 596 928 principio
628 848 979 927 nequeunt
1004 840 1202 905 ullius
1233 841 1539 926 corporis
1570 863 1718 906 esse

264 978 504 1021 sensus
535 964 694 1021 ante
723 956 939 1042 ipsam
968 955 1259 1041 genitam
1285 963 1593 1021 naturam
1621 958 1969 1023 animantis
1988 1007 2003 1033 ‚

264 1072 332 1135 ni
359 1072 601 1135 mirum
618 1119 635 1147 ‚
660 1071 817 1157 quia
840 1070 1152 1135 materies
1182 1069 1461 1136 disiecta
1488 1079 1759 1137 tenetur

121 1204 214 1251 94⁰
263 1192 414 1252 aere
433 1235 450 1261 ‚
470 1184 855 1249 fluminibus
874 1233 890 1260 ‚
912 1185 1112 1251 terris
1129 1234 1145 1261 ,
1168 1185 1538 1271 aethraque
1568 1188 1810 1252 creatis
1829 1216 1868 1263 ,-

262 1323 387 1366 nec
417 1322 786 1387 congressa
811 1298 1016 1365 modo
1046 1300 1264 1366 vitalis
1295 1302 1771 1367 convenientes

265 1415 553 1480 contulit
576 1415 753 1479 inter
782 1435 855 1479 se
881 1422 1109 1481 motus
1127 1464 1142 1492 ‚
1167 1414 1409 1502 quibus
1440 1417 1887 1483 omnituentes

266 1530 532 1595 accensi
560 1551 799 1594 sensus
827 1528 1232 1595 animantum
1260 1540 1781 1597 concuterentur
1799 1582 1814 1595 .

346 1645 710 1709 Praeterea
740 1644 1043 1729 quamvis
1073 1645 1475 1710 animantem
1505 1646 1825 1733 grandior
1851 1648 2027 1713 ictus
2047 1697 2062 1726 ,

124 1776 219 1822 945
271 1781 464 1846 quam
492 1760 751 1846 patitur
777 1766 1051 1837 natura,
1074 1768 1353 1846 repente
1381 1760 1639 1848 adfligit
1668 1770 1736 1827 et
1764 1764 1977 1827 omnis

273 1875 577 1961 corporis
607 1882 811 1959 atque
841 1875 1037 1939 animi
1063 1876 1287 1962 pergit
1316 1875 1728 1941 confundere
1757 1900 1994 1943 sensus
2013 1928 2026 1941 .

271 1990 731 2055 dissoluuntur
761 1989 933 2053 enim
960 1990 1305 2075 positurae
1332 1990 1812 2077 principiorum
1829 2042 1845 2068 ,

269 2114 333 2169 et
357 2106 633 2191 penitus
658 2111 883 2169 motus
912 2104 1148 2171 vitales
1173 2104 1610 2191 inpediuntur
1628 2155 1643 2182 ‚

272 2219 487 2285 donec
515 2220 829 2285 materies
846 2269 864 2296 ‚
888 2220 1100 2285 omnis
1131 2241 1462 2287 concussa
1490 2243 1614 2306 per
1644 2232 1830 2287 artus
1849 2271 1864 2299 ‚

126 2353 213 2399 950
261 2335 480 2401 vitalis
511 2337 767 2400 animae
796 2333 1018 2400 nodos
1046 2357 1088 2400 a
1115 2357 1401 2422 corpore
1431 2335 1637 2401 solvit

267 2450 774 2537 dispersamque
802 2449 988 2515 foras
1016 2472 1139 2537 per
1169 2450 1394 2517 caulas
1426 2451 1618 2515 eiecit
1646 2452 1892 2517 omnis:

263 2588 414 2630 nam
444 2564 612 2651 quid
640 2574 993 2652 praeterea
1018 2565 1240 2630 facere
1268 2566 1472 2630 ictum
1500 2588 1705 2653 posse
1735 2587 1999 2633 reamur

268 2681 562 2745 oblatum
580 2729 597 2757 ‚
618 2680 748 2744 nisi
777 2678 1113 2745 discutere
1142 2702 1222 2745 ac
1254 2680 1628 2745 dissolvere
1659 2683 2015 2767 quaeque?

268 2796 343 2859 fit
369 2816 641 2881 quoque
669 2795 769 2859 uti
797 2794 1058 2860 soleant
1083 2796 1302 2860 minus
1334 2796 1562 2860 oblato
1593 2797 1836 2861 acriter
1864 2798 2000 2862 ictu

128 2927 215 2973 955
264 2910 503 2995 reliqui
529 2917 756 2975 motus
785 2909 1004 2974 vitalis
1032 2911 1303 2974 vincere
1332 2933 1537 2996 saepe
1556 2960 1571 2986 ‚

264 3026 531 3089 vincere
549 3074 566 3101 ‚
589 3033 659 3089 et
684 3024 974 3110 ingentis
1003 3024 1239 3110 plagae
1269 3022 1509 3089 sedare
1541 3026 1863 3090 tumultus
1881 3076 1897 3101 ‚

266 3141 467 3225 inque
494 3161 656 3204 suos
684 3137 1006 3225 quicquid
1034 3160 1269 3203 rursus
1297 3160 1618 3205 revocare
1647 3147 1908 3204 meatus
1927 3189 1943 3215 ‚

270 3263 337 3319 et
364 3255 555 3340 quasi
580 3255 712 3318 iam
739 3254 857 3319 leti
888 3252 1338 3319 dominantem
1365 3254 1436 3318 in
1467 3277 1755 3342 corpore
1781 3263 2036 3319 motum

271 3368 605 3435 discutere
624 3418 641 3445 ‚
663 3391 741 3434 ac
770 3390 984 3455 paene
1013 3370 1296 3434 amissos
1327 3369 1695 3434 accendere
1724 3393 1996 3436 sensus:

130 3500 217 3546 960
264 3507 413 3549 nam
446 3505 656 3570 quare
686 3484 915 3570 potius
942 3484 1059 3549 leti
1084 3485 1215 3549 iam
1242 3484 1462 3549 limine
1491 3486 1577 3551 ab
1607 3486 1755 3573 ipso

264 3599 352 3664 ad
377 3600 587 3664 vitam
617 3600 837 3686 possit
863 3599 1169 3665 conlecta
1194 3609 1417 3665 mente
1446 3602 1694 3666 reverti
1711 3650 1727 3677 ‚

264 3736 463 3799 quam
495 3736 631 3800 quo
663 3712 1017 3781 decursum
1044 3738 1262 3802 prope
1289 3716 1419 3780 iam
1448 3717 1576 3781 siet
1603 3718 1698 3780 ire
1729 3725 1798 3782 et
1825 3715 2057 3781 abire?

261 3839 627 3916 propterea
644 3879 659 3907 ‚
684 3831 1000 3917 quoniam
1030 3829 1227 3896 dolor
1259 3839 1366 3896 est
1383 3880 1399 3907 ,
1425 3832 1541 3896 ubi
1566 3832 1864 3897 materiai

262 3966 553 4032 corpora
580 3945 650 4008 vi
680 3944 969 4032 quadam
997 3967 1122 4032 per
1148 3947 1410 4012 viscera
1434 3947 1590 4012 viva
1617 3970 1740 4035 per
1769 3954 1955 4012 artus

270 4256 369 4302 938
405 4249 571 4303 lesam
610 4249 630 4318 ΙΙ
670 4256 770 4303 940
809 4262 1055 4322 terraque
1091 4251 1111 4321 ΙΙ
1152 4259 1249 4305 942
1291 4271 1449 4306 omne
1485 4261 1726 4307 tuentes.
1767 4253 1787 4323 ΙΙ
1825 4258 1921 4304 943
1961 4254 2277 4306 aninmntem
2316 4271 2497 4322 quam·

270 4351 368 4403 que
400 4342 647 4389 tuentur.
705 4331 725 4402 ΙΙ
781 4340 875 4389 951
917 4337 1092 4390 cavias
1148 4337 1169 4406 ΙΙ
1223 4344 1319 4391 953
1359 4355 1389 4389 a
1440 4337 1460 4407 ΙΙ
1508 4343 1606 4389 954
1646 4336 1822 4391 oblata
1858 4337 2057 4405 agriter
2096 4338 2116 4407 ΙΙ
2152 4341 2242 4389 961
2288 4337 2495 4407 possint

273 4418 509 4471 coniecta
548 4418 568 4488 ΙΙ
606 4424 704 4470 963
748 4418 1030 4472 Praeterea
