3042 5192
552 444 598 511 8
1488 459 1838 508 nncnnsm

550 616 857 691 librari0,
888 614 1020 678 nisi
1063 612 1323 698 species
1374 612 1579 688 fallit,
1611 612 1983 685 Germano,
2017 608 2292 674 schedis
2345 631 2630 675 numero
2675 611 2790 686 69,

552 713 813 801 paginis
830 711 1160 798 bipertitis
1176 711 1272 774 ita
1286 711 1401 775 ut
1384 731 1452 774 m
1474 710 1751 796 singulis
1769 708 2106 774 laterculis
2123 709 2261 773 sint
2278 729 2518 774 versus
2535 731 2800 774 mm.-

554 812 754 876 huius
812 829 1386 875 coam-:cronns
1439 808 1714 873 fuerunt
1769 806 2197 893 complures,
2246 828 2479 872 omnes
2539 807 2792 872 saeculi

558 908 773 995 quinti
800 907 1071 984 decimi3
1100 927 1382 992 quorum
1410 914 1634 971 tamen
1659 905 1879 970 nullus
1901 905 2032 969 alio
2067 906 2431 992 exemplari
2451 928 2624 971 usus
2647 928 2794 971 esse

555 1007 824 1072 videtur
839 1054 855 1082 ‚
888 1005 1016 1070 nisi
1058 1001 1246 1090 quod
1288 1025 1463 1067 unus
1507 1005 1751 1068 ceteris
1803 987 2138 1067 recentior
2181 1011 2345 1090 post
2379 1005 2532 1069 libri
2579 1004 2795 1090 quinti

556 1126 826 1170 versum
850 1103 971 1168 927
994 1103 1165 1167 haec
1186 1099 1548 1188 adscripsit
1564 1150 1580 1178 ,
1597 1095 1883 1166 ‘Desunt
1908 1123 2150 1167 versus
2179 1101 2261 1166 62
2281 1151 2295 1166 .
2317 1101 2467 1167 Nisi
2493 1102 2764 1168 traiecti
2780 1151 2794 1165 .

559 1201 700 1267 Sed
726 1203 939 1267 habes
967 1200 1128 1265 folio
1157 1199 1527 1286 penultimo
1546 1202 1582 1278 ’ς
1613 1201 1728 1286 qui
1754 1222 1840 1265 ne
1867 1201 2108 1266 falsum
2148 1199 2421 1286 quidem
2443 1221 2798 1265 numerum

559 1301 754 1386 (sunt
783 1300 954 1364 enim
980 1318 1219 1363 versus
1252 1298 1385 1382 ιιι)
1416 1295 1641 1362 dicere
1669 1299 1895 1385 potuit
1931 1300 2074 1363 sine
2104 1298 2234 1363 alio
2263 1298 2469 1363 libro,
2495 1305 2796 1363 ceterum

557 1398 740 1464 hunc
783 1395 1069 1463 eundem
1109 1396 1348 1460 librum
1396 1396 1833 1482 quadratum,
1876 1404 2033 1461 ante
2077 1417 2277 1481 quam
2308 1395 2650 1462 Gerhardi
2690 1397 2794 1461 Io-

559 1497 801 1562 hannis
832 1494 1062 1560 Vossii
1100 1493 1334 1570 fieret,
1381 1515 1418 1558 e
1461 1496 1791 1560 coenobio
1833 1495 2067 1560 Sancti
2105 1494 2396 1570 Bertini,
2442 1494 2638 1579 quod
2695 1502 2797 1560 est

559 1616 774 1680 prope
804 1592 1128 1680 oppidum
1156 1592 1389 1658 Sancti
1414 1593 1817 1670 Audomari‚
1839 1594 2175 1659 Lutetiam
2200 1592 2477 1658 missum
2505 1591 2792 1658 Hadria-

558 1713 688 1755 nus
717 1691 1074 1756 'lurnebus
1103 1712 1320 1777 usque
1350 1690 1442 1755 ad
1466 1693 1710 1757 librum
1740 1700 2005 1758 sextum
2033 1691 2235 1767 satis,
2255 1698 2335 1755 ut
2358 1689 2670 1768 videtur,
2698 1690 2791 1756 di-

560 1789 842 1874 ligenter
871 1790 1171 1855 excussit
1212 1797 1282 1854 et
1310 1795 1635 1877 excerpta
1672 1811 1797 1856 sua
1823 1789 2153 1878 Dionysio
2182 1788 2510 1853 Lambino
2538 1787 2794 1853 utenda

562 1887 928 1952 concessit.
951 1887 1223 1952 alterius
1251 1886 1506 1954 codicis
1537 1912 1620 1954 sc
1636 1910 1891 1954 usmis
1933 1896 2090 1953 octo
2119 1887 2425 1952 Hauniae
2460 1888 2533 1952 in
2560 1887 2792 1952 biblio·

561 1983 763 2049 theca
800 1985 985 2071 regia
1020 1985 1472 2051 adservantur
1501 2036 1517 2062 ‚
1565 1985 1798 2052 decem
1826 1986 2283 2052 Vindobonae
2328 1986 2398 2049 in
2429 1984 2763 2051 Caesarea
2778 2035 2792 2049 .

561 2081 983 2148 Haunienses
1013 2084 1167 2149 olim
1185 2132 1201 2160 ,
1224 2105 1374 2148 cum
1399 2083 1742 2171 Gottorpii
1771 2093 2000 2150 essent
2016 2135 2032 2161 ‚
2054 2083 2509 2170 Marquardus
2533 2083 2793 2148 Gudius

565 2182 864 2246 excussit
880 2230 896 2258 ,
932 2183 1118 2248 cuius
1159 2203 1359 2247 manu
1385 2182 1584 2247 factis
1626 2184 1964 2271 excerptis
1981 2232 1997 2259 ‚
2035 2204 2208 2269 quae
2234 2182 2394 2247 mihi
2424 2204 2462 2246 e
2492 2182 2794 2247 Guelfer-

561 2280 819 2366 bytana
855 2280 1264 2346 bibliotheca
1295 2280 1577 2346 Carolus
1607 2281 2159 2346 Schiinemannus
2202 2280 2595 2345 amicissime
2639 2302 2796 2344 con-

567 2385 900 2452 cesserat,
937 2379 1037 2442 uti
1078 2379 1296 2454 nolui,
1331 2387 1695 2465 postquam
1722 2377 2076 2444 Madvicus
2117 2399 2222 2443 me
2251 2378 2486 2444 docuit
2512 2399 2588 2443 se
2616 2379 2804 2464 ipsas

565 2473 854 2538 schedas
875 2473 1178 2539 Hauniae
1198 2525 1213 2553 ,
1237 2498 1387 2540 cum
1418 2475 1534 2540 diu
1563 2477 1919 2542 latuissent
1935 2526 1951 2554 ,
1971 2478 2351 2565 repperisse
2370 2526 2384 2540 .
2407 2476 2614 2562 paulo
2643 2487 2806 2564 post

564 2570 1195 2637 R.I.F.Henrichsen
1214 2621 1231 2649 ,
1255 2595 1428 2659 quae
1450 2569 1558 2640 ‘de
1586 2576 1960 2661 fragmento
1985 2573 2449 2661 Gottorpiensi
2474 2573 2805 2640 Lucretii'

564 2676 878 2734 accurate
907 2670 1160 2758 scripta
1188 2670 1500 2737 Othiniae
1519 2721 1536 2750 ,
1573 2672 1762 2759 quod
1789 2672 2064 2737 Fioniae
2091 2671 2414 2758 oppidum
2444 2680 2553 2738 est
2569 2722 2586 2750 ,
2622 2694 2806 2740 anno

568 2767 729 2832 1846
760 2765 1003 2843 edidit,
1024 2768 1185 2833 mihi
1211 2769 1685 2836 humanissime
1710 2772 1891 2835 misit
1908 2820 1922 2834 .
1945 2769 2578 2835 Vindobonensium
2606 2772 2808 2837 sche-

566 2864 801 2930 darum
843 2865 958 2930 vix
999 2888 1286 2952 usquam
1327 2870 1398 2933 in
1441 2868 1550 2933 his
1595 2870 2086 2933 commentariis
2130 2869 2534 2933 mentionem
2577 2869 2810 2935 facere

562 2963 746 3028 volui
765 3012 780 3040 ,
820 2966 1122 3050 quamvis
1165 2987 1390 3031 earum
1431 2975 1755 3055 excerpta
1788 2966 2108 3031 haberem
2138 2968 2224 3032 ab
2251 2966 2550 3032 Henrico
2581 2968 2811 3035 Keilio

562 3062 745 3127 facta
763 3111 779 3140 ,
801 3063 924 3127 sed
952 3063 1337 3130 rudiuscule
1367 3072 1471 3142 et,
1490 3074 1570 3130 ut
1596 3066 1743 3153 ipse
1783 3064 2054 3129 dicebat
2072 3113 2088 3141 ,
2110 3085 2261 3129 cum
2286 3064 2355 3129 in
2386 3073 2535 3130 arte
2564 3088 2811 3152 parum

565 3162 969 3227 exercitatus
1017 3170 1232 3228 esset.
1269 3184 1493 3248 neque
1544 3163 1781 3228 harum
1825 3161 2227 3228 schedarum
2277 3164 2417 3227 sive
2458 3163 2814 3231 Haunien-

565 3260 732 3323 sium
775 3261 916 3324 sive
943 3258 1573 3326 Vindobonensium
1615 3262 1750 3326 ulla
1786 3262 2064 3349 propria
2103 3262 2472 3327 auctoritas
2499 3271 2648 3339 est,
2683 3265 2813 3329 nisi

565 3376 715 3419 cum
744 3355 1106 3441 aliquando
1137 3379 1283 3422 cum
1316 3360 1613 3445 oblongo
1643 3361 2106 3425 consentiunt.
2135 3359 2459 3448 pleraque
2489 3361 2674 3426 enim
2700 3362 2813 3427 vel

564 3453 828 3516 minima
868 3475 1018 3516 cum
1062 3455 1395 3539 quadrato
1432 3458 1530 3522 ita
1568 3458 1825 3523 habent
1866 3458 2271 3535 communia,
2290 3467 2369 3524 ut
2397 3458 2813 3544 quadratum

564 3550 767 3613 nimia
800 3549 971 3626 fide,
1014 3551 1418 3619 schedarum
1457 3563 1682 3621 autem
1720 3557 2066 3632 librarios,
2114 3579 2287 3642 quos
2325 3557 2557 3643 plures
2597 3558 2818 3625 fuisse

563 3655 887 3713 testatum
921 3647 1280 3728 habemus,
1309 3675 1566 3720 summa
1591 3655 2014 3742 neglegentia
2040 3675 2363 3742 peccasse
2391 3663 2656 3721 certum
2689 3658 2816 3723 sit.

563 3754 722 3812 octo
761 3746 1260 3814 Hauniensibus
1314 3754 1700 3817 continetur
1747 3754 1918 3818 liber
1955 3753 2251 3819 Lucretii
2291 3754 2548 3841 primus
2593 3763 2670 3820 et
2709 3777 2819 3821 se-

561 3844 765 3910 cundi
823 3865 1064 3910 versus
1114 3848 1287 3924 456,
1339 3851 1603 3915 omissis
1654 3859 1878 3916 tamen
1924 3852 2030 3916 bis
2092 3853 2583 3937 quinquagenis
2632 3854 2820 3918 binis

560 3948 655 4030 (1,
677 3943 889 4007 734-
907 3943 1031 4008 785
1062 3968 1150 4022 ιι,
1171 3946 1385 4011 253-
1406 3948 1603 4033 304),
1649 3958 1729 4014 ut
1773 3972 1980 4036 supra
2026 3948 2209 4025 dixi,
2258 3957 2329 4015 et
2365 3959 2646 4036 praeter
2692 3974 2822 4016 eos

558 4042 775 4107 tribus
828 4050 896 4109 et
946 4043 1183 4130 vigInti
1238 4046 1328 4131 (1,
1356 4045 1474 4110 123
1514 4047 1642 4112 890
1682 4047 1802 4114 891
1855 4047 2015 4112 1023
2062 3997 2314 4112 1068-
2341 4049 2499 4112 1075
2549 4050 2722 4115 1094
2741 4087 2816 4099 --

563 4140 718 4205 1101
754 4163 805 4205 ιι
824 4191 840 4218 ,
862 4142 1265 4227 310-312)·
1251 4192 1267 4207 .
1295 4144 1526 4209 insunt
1542 4194 1558 4221 ‚
1580 4146 2024 4232 capitulorum
2056 4146 2264 4211 titulis
2287 4149 2824 4222 connumeratis,

557 4260 796 4305 versus
841 4242 1205 4328 conscripti
1223 4290 1240 4316 ,
1276 4243 1403 4306 nisi
1442 4242 1643 4309 fallor
1661 4293 1676 4320 ,
1727 4244 1887 4309 1489
1907 4295 1921 4308 .
1971 4243 2059 4308 de
2106 4244 2215 4308 his
2250 4243 2825 4311 Heinrichsenius

559 4338 730 4404 haec
761 4339 926 4405 dicit
944 4389 958 4415 ‚
980 4333 1246 4404 ‘Codex
1278 4339 1776 4429 Gottorpiensis
1808 4350 1915 4408 est
1941 4343 2486 4408 membranaceus
2515 4344 2662 4409 folii
2697 4346 2824 4409 mi-

563 4439 747 4503 noris
774 4481 945 4493 -——
975 4437 1148 4502 binis
1177 4438 1499 4505 columnis
1527 4442 1621 4507 ita
1652 4449 1967 4509 exaratus
1984 4491 2001 4518 ,
2031 4450 2110 4506 ut
2139 4441 2437 4526 singulae
2465 4442 2612 4508 fere
2639 4463 2828 4528 qua-
