3042 5192
1257 456 1352 524 ΙΙΙ
2278 461 2412 529 143

184 633 408 719 ipsum
439 629 791 693 ‘Antonius
832 628 1029 692 Marii
1071 626 1345 692 exhibet
1371 678 1385 692 .
1430 628 1584 692 olim
1629 629 1933 715 impressi
1986 640 2055 697 et
2090 632 2417 699 Marullus

182 738 373 794 recte
401 728 464 792 E
495 727 751 792 tmelm's
779 728 959 790 tantis
976 775 989 789 .

353 827 413 889 7.
457 825 570 889 Cr
589 847 686 889 cu
705 846 815 889 11s
850 874 863 888 .
907 824 1018 887 Sic
1049 824 1414 910 oblongus:
1448 825 1822 911 quadratus
1860 830 2078 894 ciniis.
2106 831 2175 893 in
2206 854 2275 907 11,
2288 832 2410 896 505

183 934 476 1010 uterque
499 946 724 1011 cycnea
742 971 756 986 .
782 923 1117 1008 oblongus
1144 923 1215 986 in
1243 945 1313 997 11,
1327 923 1454 988 824
1482 947 1570 1000 lv,
1589 924 1701 989 181
1725 925 1848 990 910
1870 949 2091 1013 cyqnos
2113 938 2181 992 et
2202 933 2380 1017 cyyni
2394 979 2411 1010 ,

182 1024 295 1088 ubi
327 1021 708 1107 quadratus
738 1046 772 1086 o
798 1021 1088 1085 litteram
1120 1020 1394 1086 exhibet
1412 1071 1427 1085 .
1456 1022 1812 1087 Lueretius
1840 1032 2062 1088 utrum
2086 1026 2411 1091 Graecam

182 1143 268 1185 an
297 1121 615 1185 Latinam
643 1120 971 1184 rationem
998 1120 1395 1205 praetulerit
1419 1122 1647 1186 neseio
1676 1145 1691 1185 ε
1735 1129 1916 1186 certe
1946 1124 2270 1210 syllabam
2296 1148 2410 1189 ne—

183 1242 317 1306 que
343 1218 461 1283 hie
488 1240 710 1304 neque
732 1217 1070 1303 Vergilius
1104 1218 1429 1304 corripuit
1447 1268 1461 1281 .
1494 1240 1576 1283 ea
1603 1227 1920 1306 correpta
1938 1221 2313 1287 Martialem
2341 1224 2410 1288 in

183 1341 272 1393 ιι,
292 1317 418 1382 103
443 1340 633 1404 cyyno
655 1316 1006 1401 scripsisse
1032 1336 1172 1379 non
1193 1315 1463 1381 videtur
1487 1317 1804 1382 credibile
1822 1367 1837 1382 .
1860 1341 2021 1383 mox
2041 1319 2182 1395 hedi
2201 1321 2413 1407 prima

178 1438 385 1481 manu
416 1416 750 1500 oblongus
781 1463 795 1491 ,
835 1414 1018 1478 haedi
1044 1413 1220 1478 idem
1250 1437 1292 1478 a
1320 1422 1702 1481 correctore
1735 1424 1803 1480 et
1834 1416 2204 1502 quadratus
2224 1467 2240 1495 ,
2267 1418 2412 1483 No-

179 1518 335 1581 nius
364 1540 432 1603 p.
449 1516 647 1592 306,9
679 1527 738 1580 et
759 1563 777 1595 ‚
807 1514 951 1591 420,
968 1514 1050 1579 32
1079 1517 1216 1579 aevi
1241 1564 1255 1578 .
1299 1515 1370 1578 in
1399 1537 1469 1590 11,
1485 1515 1605 1578 367
1634 1515 2059 1579 membranae
2086 1516 2270 1581 haedi
2287 1566 2301 1580 .
2340 1519 2409 1581 in

181 1613 520 1679 Varronis
575 1612 664 1677 de
713 1613 941 1699 lingua
981 1612 1224 1677 Latina
1278 1636 1323 1677 v
1353 1635 1417 1698 p.
1434 1613 1516 1677 99
1558 1612 1907 1677 Medieeus
1955 1613 2174 1679 codex
2218 1616 2408 1702 (nam

180 1712 588 1800 Spengelius
627 1734 764 1775 non
795 1713 1017 1777 omnia
1043 1719 1230 1776 reete
1257 1711 1555 1796 rettulit)
1584 1713 1750 1775 irem
1777 1713 1945 1798 quod
1964 1714 2376 1802 savinifircw
2393 1764 2408 1777 .

177 1813 350 1899 quod
383 1812 516 1874 illio
536 1810 748 1898 foedus
785 1811 853 1873 in
888 1812 1040 1875 latio
1075 1834 1225 1875 rure
1260 1810 1407 1897 [qui
1433 1811 1500 1873 in
1528 1811 1676 1874 urbe
1706 1809 1968 1896 deleta]
1993 1810 2181 1876 hedua
2209 1815 2317 1899 qui
2342 1816 2410 1876 in

176 1910 332 1974 urbe
359 1921 430 1973 ut
453 1911 522 1971 in
545 1909 750 1972 multis
778 1930 860 1971 w
890 1909 1097 1973 addito
1125 1909 1315 1973 aedas
1344 1956 1357 1970 .
1400 1928 1604 1972 versu
1632 1909 1939 1994 proximo
1970 1910 2230 1997 eison-tis
2256 1911 2407 1976 libri

179 2016 248 2072 et
275 2006 545 2071 Nonius
573 2005 774 2093 p.306
792 2054 808 2081 ‚
835 2004 1013 2070 idem
1039 2027 1103 2090 p.
1119 2004 1243 2069 420
1271 2028 1380 2069 ac.

350 2105 409 2168 9.
454 2103 573 2167 Tu
603 2153 619 2179 ‚
662 2126 925 2168 PATER
953 2152 969 2179 ,
1008 2125 1096 2167 Es
1125 2125 1399 2167 annun
1428 2124 1842 2167 mvm‘r‘ron
1870 2151 1884 2166 .
1931 2103 2281 2189 Oblongus
2313 2131 2406 2180 ee,

178 2202 563 2290 quadratus
592 2227 658 2283 e,
685 2201 885 2266 huius
917 2207 1261 2266 corrector
1287 2204 1324 2265 ό
1342 2249 1357 2263 .

357 2301 453 2365 11.
498 2321 759 2364 ommi
801 2321 1112 2364 Lunum·
1145 2348 1159 2362 .
1198 2299 1410 2362 Recte
1453 2298 1782 2361 Avantius
1825 2319 2129 2361 Lumin-
2162 2347 2178 2375 ‚
2221 2301 2407 2385 quod

175 2401 338 2464 lima
376 2399 564 2463 nulla
593 2406 699 2463 est
725 2399 796 2463 in
825 2419 944 2463 ore
972 2398 1195 2485 apium
1222 2396 1635 2484 pascentium
1665 2445 1680 2472 ,
1718 2396 1980 2481 qualem
2009 2396 2243 2461 tribuit
2271 2401 2407 2463 affari

173 2497 411 2563 subtili
440 2495 793 2561 Vitruvius
822 2545 839 2572 ‚
884 2518 1034 2561 eum
1063 2494 1225 2559 dicit
1251 2496 1322 2559 in
1348 2518 1411 2571 v,
1424 2495 1482 2570 9,
1498 2496 1537 2558 5
1567 2495 1733 2580 quod
1757 2518 1833 2558 ea·
1858 2495 2152 2559 viridibus
2177 2497 2409 2562 subtilis

172 2609 229 2662 et
254 2606 622 2662 extamus·
649 2606 1022 2680 aerpropier
1040 2595 1362 2659 motionem
1391 2594 1665 2679 corporis
1690 2592 1949 2682 mfiuens
1955 2595 2251 2679 perlimat
2272 2619 2406 2681 spe-

174 2697 371 2775 eiem,
392 2693 530 2758 hoe
560 2699 666 2756 est
693 2692 990 2756 oculum.
1014 2691 1300 2756 Horatio
1330 2690 1561 2756 ludere
1589 2691 1806 2766 licuit,
1829 2692 1980 2756 Non
2005 2692 2138 2756 istic
2165 2694 2406 2780 obliquo

171 2794 357 2858 oculo
374 2815 518 2857 mea
539 2792 851 2855 cmmoda
873 2791 1194 2877 qui-squam
1214 2791 1441 2872 Limat,
1463 2791 1654 2875 quasi
1677 2790 1980 2854 limioculi
2000 2811 2041 2854 a
2061 2793 2212 2856 lima
2227 2791 2405 2856 diee-

171 2899 468 2966 rentur3
509 2910 707 2975 quem
737 2886 1100 2952 admodum
1130 2898 1199 2953 et
1225 2888 1507 2952 Plautus
1533 2887 1756 2964 ludit,
1799 2909 1947 2952 oum
1976 2890 2181 2953 doleam
2209 2891 2412 2955 dolari

173 2987 396 3062 dicit,
440 2994 509 3050 et
547 2987 766 3050 nostri
804 2984 1109 3051 homines
1147 2987 1389 3074 partim
1426 2986 1766 3061 iocantur,
1805 2987 2045 3072 partim
2069 2986 2407 3063 falluntur,

170 3109 330 3151 eum
348 3085 624 3171 yertdoen
647 3082 993 3148 deducunt
1021 3106 1062 3148 a
1087 3085 1282 3149 when
1295 3132 1315 3165 ‚
1339 3106 1625 3169 quorum
1654 3084 1866 3149 altero
1891 3084 2186 3149 studium
2207 3087 2408 3171 signi-

165 3185 423 3249 ficatur
440 3231 457 3259 ‚
501 3183 715 3247 altero
748 3182 938 3267 quies
971 3231 984 3245 .
1029 3181 1212 3268 apud
1238 3181 1622 3247 Phaedrum
1649 3183 1718 3245 in
1748 3205 1848 3258 111,
1866 3183 1959 3259 10,
1973 3183 2055 3247 49
2082 3183 2244 3247 ferri
2270 3206 2408 3248 non

171 3282 392 3349 debet
417 3283 473 3345 si
497 3282 883 3345 mendacium
907 3280 1201 3345 Subtilius
1227 3282 1523 3363 limas-set,
1557 3281 1681 3347 sed
1706 3301 1845 3345 non
1866 3288 2003 3345 tam
2032 3303 2181 3345 eum
2200 3282 2407 3346 Bent-

165 3381 303 3446 leio
331 3381 598 3443 rimatus
620 3378 1046 3444 scribendum
1076 3386 1181 3442 est
1211 3400 1409 3464 quam
1435 3381 1744 3460 amasset,
1776 3401 1910 3464 quo
1939 3386 2210 3466 praeter
2237 3382 2405 3444 anti-

165 3481 458 3566 quiores
497 3479 676 3543 cirea
711 3476 891 3542 idem
909 3484 1182 3591 ‘tempus
1215 3477 1464 3542 Iliados
1503 3480 1877 3565 interpres.
1890 3501 2055 3544 usus
2102 3488 2208 3544 est
2245 3480 2405 3555 456,

173 3578 474 3664 Undique
500 3577 856 3641 rimabant
831 3577 1076 3641 mimico
1106 3599 1368 3662 corpora
1377 3577 1596 3664 ferro.

350 3675 449 3739 15.
509 3673 920 3739 Namusam
977 3697 1247 3739 assum
1303 3697 1600 3738 Divum
1657 3696 1926 3738 ΜΕΝΤΕ
1986 3695 2401 3739 coorti-Am.

158 3772 570 3853 Quadratus
601 3785 876 3838 coartam
908 3823 923 3837 .
966 3773 1194 3860 inepte
1224 3772 1585 3838 Lambinus
1616 3772 1703 3836 de
1733 3772 2123 3837 coniectura
2151 3773 2401 3837 Donati

156 3871 489 3937 Iannoeti
516 3871 885 3936 Florentini
918 3872 1089 3936 haud
1114 3873 1323 3935 divina
1350 3897 1372 3935 .·
1408 3872 1701 3958 ineptius
1729 3870 2189 3936 Wakefieldus
2226 3882 2404 3935 natu-

153 3995 304 4035 ram
353 3969 840 4055 interpretatur
882 3970 1208 4034 rationem
1249 3976 1531 4033 naturae
1573 3991 1792 4033 rerum
1828 4018 1842 4031 .
1891 3977 2074 4033 reete
2117 3969 2405 4034 Orellius

151 4070 330 4133 ratio
365 4079 474 4131 tua
501 4071 697 4154 coepit
720 4068 1048 4155 vomJ'eravi
1066 4068 1386 4132 Naturam
1413 4091 1623 4132 rev-mn
1635 4116 1655 4149 ‚
1678 4069 1887 4132 divina
1904 4080 2099 4133 mente
2112 4116 2130 4148 ‚
2154 4068 2407 4132 seilicet

149 4176 278 4231 tua
314 4215 334 4243 ,
382 4188 709 4231 COOBTA
739 4217 753 4230 .
793 4167 964 4230 haee
1008 4173 1112 4231 est
1139 4166 1253 4230 illa
1279 4164 1410 4250 ispa
1442 4169 1627 4244 comta
1651 4166 2053 4250 Ἐπικοΐρογ,
2096 4165 2267 4230 haee
2293 4166 2405 4229 illa

147 4263 294 4351 ἱερὰ
353 4263 608 4340 κεφαλὴ
659 4265 695 4327 ἡ
743 4265 967 4351 πρώτη
1010 4263 1128 4329 niu
1175 4265 1401 4341 cosplau
1447 4264 1786 4350 ἑΞεγΡοῨω
1813 4311 1837 4337 Α,
1883 4264 2069 4328 euius
2111 4285 2404 4326 summae

147 4363 360 4449 apud
407 4361 721 4427 familiam
779 4363 1016 4428 laudes
1045 4412 1058 4426 .
1108 4385 1268 4427 mox
1316 4374 1502 4428 totum
1544 4364 1716 4427 video
1746 4386 1869 4448 per
1908 4365 2093 4427 inane
2130 4363 2268 4446 qeri
2307 4385 2406 4425 res

149 4461 368 4547 quasi
401 4482 486 4526 ex
517 4462 690 4527 libro
719 4463 934 4548 primo
964 4461 1225 4528 Nonius
1255 4463 1518 4550 profert
1547 4486 1610 4547 p.
1626 4462 1822 4537 446‚5
1843 4509 1856 4523 .
