3042 5192
1313 470 1375 539 11

200 648 452 735 pabula
481 667 637 711 cum
665 645 955 732 praebet
969 692 986 721 ‚
1011 643 1254 731 quibus
1284 665 1517 709 omnes
1549 665 1838 732 corpora
1864 656 2153 733 pascunt

205 772 273 828 et
301 761 576 827 dulcem
609 760 869 826 ducunt
895 761 1099 826 vitam
1128 759 1521 846 prolemque
1550 770 1967 848 propagant3

203 899 333 963 qua
364 886 657 965 propter
690 877 931 942 merito
960 882 1330 941 maternum
1359 896 1605 959 nomen
1633 875 1885 963 adepta
1913 884 2019 942 est
2035 927 2052 941 .

203 991 386 1057 cedit
412 993 578 1058 item
604 1000 827 1067 retro,
850 991 939 1056 de
966 998 1149 1057 terra
1177 988 1366 1076 quod
1390 988 1521 1054 fuit
1548 997 1707 1055 ante
1724 1039 1742 1067 ,

40 1124 149 1172 1000
200 1109 267 1172 in
293 1082 571 1185 terras:
586 1116 656 1172 et
686 1106 873 1194 quod
900 1107 1240 1171 missumst
1269 1126 1355 1169 ex
1383 1104 1680 1169 aetheris
1711 1107 1848 1171 oris
1866 1155 1882 1181 ‚

205 1221 276 1286 id
300 1244 580 1289 rursum
610 1223 778 1287 caeli
804 1221 1109 1286 rellatum
1137 1219 1387 1306 templa
1413 1226 1770 1306 receptant
1786 1271 1801 1284 .

200 1360 323 1403 nec
354 1339 459 1404 sic
486 1337 825 1403 interemit
848 1357 1032 1401 mors
1060 1356 1171 1400 res
1190 1383 1206 1412 ‚
1226 1342 1305 1400 ut
1331 1335 1633 1399 materiai

205 1474 505 1540 corpora
533 1452 845 1517 conficiat
861 1500 878 1528 ‚
900 1449 1025 1517 sed
1055 1458 1321 1515 coetum
1350 1450 1662 1537 dissupat
1691 1451 1874 1523 ollis:

200 1567 359 1633 inde
392 1568 542 1632 aliis
571 1566 753 1633 aliud
781 1566 1239 1653 coniungitur,
1264 1573 1333 1631 et
1358 1565 1437 1631 fit
1463 1575 1541 1631 ut
1570 1588 1801 1631 omnes

44 1701 151 1747 1005
205 1705 316 1749 res
343 1685 445 1749 ita
473 1690 878 1747 convertant
903 1681 1157 1747 formas
1182 1688 1579 1768 mutentque
1610 1682 1874 1747 colores

210 1807 279 1863 et
305 1799 580 1885 capiant
609 1820 851 1893 sensus
882 1806 951 1862 et
977 1805 1232 1883 puncto
1262 1804 1571 1883 tempore
1599 1794 1925 1873 reddant,

208 1922 287 1978 ut
312 1934 565 1978 noscas
593 1912 849 1978 referre
878 1911 1113 1977 eadem
1141 1910 1509 1998 primordia
1537 1933 1760 1977 rerum

210 2050 361 2093 cum
392 2027 641 2114 quibus
671 2035 741 2092 et
770 2028 949 2114 quali
978 2028 1283 2114 positura
1311 2028 1782 2093 contineantur

208 2151 279 2208 et
306 2166 482 2231 quos
512 2144 691 2208 inter
720 2164 795 2208 se
826 2141 992 2209 dent
1016 2150 1242 2209 motus
1271 2143 1735 2229 accipiantque
1753 2192 1769 2218 ‚

40 2274 151 2321 1010
204 2279 374 2323 neve
403 2266 609 2345 putes
638 2266 914 2324 aeterna
940 2280 1151 2345 penes
1178 2256 1476 2323 residere
1506 2265 1782 2344 potesse

208 2395 505 2461 corpora
532 2375 745 2461 prima
761 2422 778 2449 ‚
803 2371 991 2458 quod
1018 2373 1088 2436 in
1116 2373 1375 2438 cunctis
1405 2372 1667 2437 fluitare
1693 2372 1997 2438 videmus

214 2491 421 2555 rebus
452 2499 521 2554 et
548 2489 723 2553 inter
752 2488 911 2553 dum
938 2489 1125 2553 nasci
1154 2488 1513 2574 subitoque
1541 2489 1760 2573 perire
1780 2538 1793 2552 .

295 2604 519 2689 [Quin
549 2604 746 2667 etiam
774 2602 981 2668 refert
1008 2603 1260 2668 nostris
1287 2604 1357 2667 in
1383 2603 1693 2667 versibus
1719 2605 1884 2690 ipsis

214 2740 367 2783 cum
396 2719 638 2804 quibus
671 2727 741 2783 et
768 2718 949 2805 quali
977 2718 1112 2783 sint
1138 2716 1378 2782 ordine
1409 2739 1717 2804 quaeque
1744 2719 1966 2784 locata
1983 2770 1997 2783 .

40 2848 149 2894 1017
207 2833 269 2897 si
292 2855 432 2897 non
460 2832 681 2898 omnia
710 2841 902 2910 sunt,
924 2840 996 2897 at
1022 2833 1231 2898 multo
1260 2833 1550 2897 maxima
1575 2854 1737 2919 pars
1769 2841 1896 2898 est·

208 2947 602 3011 consimilis:
625 2968 857 3012 verum
887 2948 1192 3034 positura
1221 2946 1665 3034 discrepitant
1693 2969 1836 3012 res.

210 3062 308 3125 sic
334 3062 500 3148 ipsis
527 3062 597 3125 in
623 3063 828 3127 rebus
854 3064 1013 3128 item
1040 3064 1170 3126 iam
1198 3063 1502 3127 materiai

40 3191 147 3239 1021
208 3198 576 3242 concursus
603 3186 827 3243 motus
858 3177 1029 3243 ordo
1060 3179 1366 3265 positura
1389 3178 1642 3264 figurae

213 3313 361 3355 cum
386 3300 853 3379 permutantur
870 3343 886 3369 ,
906 3294 1150 3359 mutari
1174 3315 1286 3358 res
1317 3314 1589 3379 quoque
1621 3290 1874 3359 debent
1891 3343 1904 3357 .

290 3407 488 3472 Nunc
515 3408 804 3472 animum
832 3409 1030 3474 nobis
1059 3408 1309 3474 adhibe
1338 3429 1571 3471 veram
1601 3406 1690 3471 ad
1716 3409 2044 3472 rationem
2064 3459 2077 3472 .

210 3544 361 3587 nam
388 3523 512 3589 tibi
541 3532 887 3589 vementer
913 3545 1095 3589 nova
1121 3545 1233 3588 res
1258 3523 1531 3587 molitur
1561 3521 1651 3586 ad
1680 3523 1862 3587 auris

40 3651 153 3698 102⁵
206 3638 512 3705 accidere
544 3648 615 3704 et
642 3660 821 3704 nova
849 3661 925 3704 se
954 3639 1211 3725 species
1244 3637 1605 3704 ostendere
1632 3660 1854 3702 rerum
1874 3688 1888 3701 .

210 3751 335 3816 sed
359 3775 583 3840 neque
613 3762 751 3819 tam
779 3754 992 3820 facilis
1019 3775 1130 3819 res
1157 3753 1295 3818 ulla
1324 3761 1461 3830 est,
1487 3754 1648 3840 quin
1676 3774 1756 3817 ea
1782 3753 2065 3839 primum

212 3865 495 3934 difficilis
520 3868 736 3956 magis
766 3868 857 3934 ad
887 3868 1296 3935 credendum
1327 3876 1596 3933 constet
1612 3918 1629 3946 ‚
1651 3869 1944 3953 itemque

2359 474 2448 541 73

217 4130 316 4178 ⁹98
350 4125 602 4198 adempta
654 4129 677 4200 ΙΙ
737 4134 866 4184 1000
900 4130 1097 4185 missus
1152 4129 1175 4203 ΙΙ
1232 4135 1360 4183 1002
1398 4135 1458 4182 ut
1488 4144 1579 4182 res
1642 4129 1663 4199 ΙΙ
1717 4134 1846 4182 1004
1882 4128 2158 4200 coniungit
2193 4135 2248 4182 et
2283 4129 2445 4183 efficit

218 4226 426 4264 omnes.
477 4207 501 4281 ΙΙ
551 4218 685 4265 1007
725 4230 905 4268 earum
949 4212 970 4284 ΙΙ
1021 4221 1149 4268 1011
1188 4213 1406 4269 summis
1462 4212 1483 4283 ΙΙ
1536 4218 1664 4266 1015
1701 4236 1769 4258 ==
1804 4218 2000 4278 1‚820.
2066 4211 2086 4282 ΙΙ
2154 4219 2281 4266 1016
2317 4213 2441 4286 Sig-

216 4293 428 4346 nificant
463 4293 649 4348 eadem
686 4295 870 4368 fruges
906 4298 1126 4352 arbusta
1158 4298 1466 4352 animantis.
1513 4296 1536 4368 ΙΙ
1577 4303 1704 4349 1017
1743 4297 1853 4350 sint
1907 4294 1928 4365 ΙΙ
1976 4313 2075 4367 par
2112 4296 2134 4368 ΙΙ
2181 4303 2314 4350 1020
2353 4296 2441 4350 In-

217 4376 435 4430 temus
468 4378 584 4433 vias
621 4396 859 4434 conexus
881 4381 1125 4452 pondera
1145 4381 1392 4454 plagales,
1431 4382 1452 4453 ΙΙ
1495 4386 1622 4435 1023
1661 4381 2004 4436 adhibueram
2041 4379 2063 4451 ΙΙ
2118 4387 2245 4435 1024
2285 4383 2442 4435 vehe-

220 4468 415 4515 mentes
453 4462 477 4533 fl
518 4469 650 4517 1025
690 4464 971 4520 Accedere
