3042 5192
632 449 725 517 64
1727 440 1758 506 Ι

613 624 791 710 facto
819 621 1063 704 repperi
1087 666 1105 696 ,
1149 637 1297 679 meo
1338 614 1520 678 facto
1553 614 1856 701 repperi3
1890 614 2047 678 item
2078 614 2146 677 in
2176 613 2591 679 Truculento
2621 638 2689 690 11,
2701 616 2831 690 332

634 718 1032 805 Poetfactum
1048 717 1318 801 plector,
1349 712 1665 776 videlieet
1683 734 1901 777 meum
1919 762 1935 788 ,
1963 733 2102 776 non
2125 712 2443 777 alienum.
2474 714 2544 776 in
2571 733 2838 797 persona

631 813 930 880 secunda
960 812 1119 876 Hem
1147 814 1293 875 istoc
1323 835 1414 874 me
1424 811 1603 898 facto
1630 811 1738 874 tibi
1765 813 2029 876 devinxti
2065 812 2133 874 in
2161 811 2471 875 Asinaria
2498 810 2757 885 v,1,21.
2781 811 2840 872 in

632 932 925 1002 persona
953 910 1152 974 tertia
1180 958 1195 983 ,
1242 910 1308 971 in
1351 907 1584 971 eadem
1624 908 1852 974 fabula
1879 933 1941 984 v,
1954 909 2105 985 2,12
2150 910 2372 973 Verum
2411 908 2712 995 hocfado
2735 932 2844 971 sese

629 1011 879 1075 ostendit
898 1057 916 1088 ‚
949 1029 1027 1070 eo
1061 1006 1248 1092 quod
1274 1005 1434 1079 feeit
1462 1031 1477 1082 3
1520 1007 1586 1069 in
1618 1006 1918 1093 Captivis
1948 1006 2177 1083 11‚2,53
2211 1007 2469 1071 Aioenini
2497 1027 2679 1092 quom
2705 1006 2846 1068 dicto

631 1111 780 1173 haut
806 1106 1101 1183 audebat,
1127 1105 1305 1192 facto
1333 1128 1496 1168 nunc
1526 1106 1730 1169 laedat
1755 1107 1928 1169 licet.
1976 1103 2150 1168 idem
2190 1105 2586 1190 plerumque
2632 1103 2844 1167 obser·

631 1215 830 1270 vatur
851 1205 919 1267 in
940 1202 1530 1288 impersonalibus,
1552 1210 1629 1266 ut
1655 1203 1723 1265 in
1740 1202 2192 1266 Bacchidibus
2221 1226 2309 1273 ιν,
2321 1202 2379 1278 9,
2393 1201 2476 1265 93
2495 1202 2844 1265 Persae-m

630 1316 716 1369 est
736 1303 957 1390 facere
1001 1303 1172 1365 cuius
1198 1324 1293 1364 me
1336 1323 1498 1364 nuuc
1517 1301 1683 1387 sacti
1698 1302 1928 1386 pudet,
1970 1302 2037 1364 in
2069 1300 2458 1364 Trinummo
2492 1322 2535 1374 1,
2549 1299 2610 1374 2,
2622 1299 2703 1362 90
2733 1299 2843 1363 De·

632 1405 772 1467 disti
800 1397 1164 1508 amentum?
1186 1398 1477 1484 sactum.-
1504 1422 1696 1484 neque
1707 1399 1874 1485 sacti
1889 1401 2092 1484 Ρὶρει,
2121 1400 2190 1462 in
2218 1398 2604 1461 Mercatore
2632 1418 2694 1470 v,
2710 1395 2764 1470 4,
2775 1395 2842 1459 24

634 1501 849 1565 Itidem
868 1509 936 1560 ut
955 1480 1184 1581 tempu-s·
1206 1498 1388 1575 anni,
1419 1507 1674 1560 aetatem
1704 1497 1895 1559 aliam
1923 1497 2353 1607 aliudfaemm
2382 1496 2665 1559 condecet
2691 1493 2842 1578 (libri

632 1597 975 1679 convenit);
1019 1615 1157 1656 non
1201 1600 1421 1657 tamen
1463 1614 1769 1680 semper.
1802 1593 2219 1659 Terentius
2202 1615 2270 1673 m
2299 1592 2576 1679 Hecyra
2606 1614 2693 1666 w,
2703 1591 2757 1666 4,
2769 1591 2835 1654 24

629 1715 856 1779 nequeo
896 1693 1079 1771 eatis,
1131 1691 1331 1769 Quam
1370 1691 1485 1754 Ιιοο
1523 1692 1677 1755 mihi
1725 1693 1959 1755 videtur
1983 1691 2234 1779 sacuam
2264 1715 2504 1776 prave,
2546 1690 2838 1776 proloqui.

633 1791 780 1855 Non
806 1788 912 1851 tibi
938 1788 1347 1874 illudsacmm
1372 1791 1573 1852 mimw
1588 1790 1794 1874 placet
1827 1813 2012 1876 qua-m
2036 1790 2216 1868 mihi,
2243 1789 2491 1869 Lache5
2476 1787 2838 1851 ·Lueretius

632 1889 700 1952 in
731 1908 828 1961 111,
840 1885 963 1949 850
1007 1887 1087 1950 N
1080 1909 1187 1966 ec,
1230 1888 1284 1949 ei
1321 1889 1636 1950 materiem
1675 1898 1942 1951 nostram
1983 1889 2284 1973 colleyerit
2316 1898 2520 1964 aeta-3,
2564 1885 2840 1948 Per-mat

632 1987 959 2073 quicquam
1014 1995 1213 2048 tamen
1250 1985 1338 2047 ad
1384 2008 1492 2048 noe
1543 1985 1657 2049 hoc
1694 2009 1930 2072 quoque
1948 1985 2237 2072 factmn.
2289 1985 2600 2069 ambigua
2651 1980 2836 2046 videri

633 2089 921 2169 possunt
964 2103 1136 2166 quae
1173 2083 1242 2145 in
1289 2103 1620 2166 suspensa
1669 2083 2001 2147 sententia
2056 2091 2259 2158 sunt,
2317 2091 2396 2145 ut
2449 2082 2519 2144 in
2561 2078 2834 2144 Poenulo

636 2204 677 2256 ι,
699 2181 749 2256 1,
762 2180 844 2243 69
883 2180 941 2244 T
932 2180 1018 2243 aba
1045 2180 1418 2244 auscultabo.
1442 2181 1693 2267 faciam
1719 2192 1785 2244 ut
1807 2182 1985 2268 sacto
2020 2182 2336 2268 yaudeae:
2366 2178 2535 2244 sed
2519 2200 2589 2241 m
2617 2178 2833 2241 talibus

635 2298 965 2364 suspensa
993 2278 1139 2342 sola
1167 2277 1544 2364 spectanda
1572 2287 1762 2355 sunt,
1791 2280 2046 2367 utfaeto
2069 2280 2369 2364 qaudeae,
2410 2277 2546 2341 hoe
2577 2285 2678 2340 est
2703 2284 2834 2342 tuo;

635 2385 705 2440 et
730 2376 799 2439 in
810 2361 1201 2439 {Mercatore
1230 2399 1299 2451 11,
1314 2376 1372 2451 2,
1388 2377 1462 2439 51
1496 2387 1563 2441 at
1587 2401 1662 2441 ne
1692 2378 2045 2442 deteriorem
2072 2389 2272 2441 tamen
2289 2375 2427 2441 Hoc
2436 2376 2618 2463 facto
2646 2375 2835 2450 ducas,

635 2472 1037 2536 deteriorem
1075 2473 1210 2536 hoc
1237 2473 1418 2538 facto
1464 2497 1625 2551 suo3
1645 2479 1715 2538 in
1743 2475 1953 2538 Milite
1998 2497 2087 2549 w,
2102 2475 2161 2550 8,
2176 2474 2255 2537 64
2285 2476 2442 2538 Ante
2484 2474 2597 2538 hoc
2618 2473 2836 2560 fadum

632 2572 790 2634 hunc
816 2593 952 2633 sum
979 2571 1307 2634 arbitramus·
1331 2596 1567 2657 semper
1591 2596 1821 2637 servom
1836 2595 2188 2658 pes-sumum
2208 2622 2226 2652 ,
2268 2572 2449 2636 hunc
2478 2579 2634 2635 ante
2664 2591 2838 2656 quam

631 2668 765 2731 hoe
804 2667 1061 2731 facinus
1098 2668 1401 2746 faeeret3
1443 2671 1517 2733 in.
1544 2670 1916 2735 Cistellaria
1956 2672 2070 2747 1‚3,
2094 2672 2168 2735 16
2205 2672 2507 2751 Quoniam
2534 2694 2702 2734 reum
2728 2670 2841 2733 eim

615 2765 783 2853 facti
806 2767 993 2828 nescit
1018 2767 1125 2851 qui
1149 2768 1261 2830 siet
1281 2816 1295 2830 .
1338 2767 1406 2830 in
1434 2767 1677 2832 horum
1716 2778 2062 2857 postremo
2102 2777 2339 2834 auctor
2378 2768 2540 2833 faeti
2568 2769 2840 2832 incertus

635 2870 773 2939 est,
799 2863 872 2926 in
903 2861 1199 2949 Captivis
1230 2865 1375 2942 11‚2‚
1394 2866 1511 2930 102
1540 2868 1893 2943 reticetur,
1932 2868 2132 2946 Quam
2161 2869 2456 2931 citieeume
2475 2877 2669 2952 potest
2686 2913 2706 2946 ,
2732 2876 2840 2929 tam

631 2962 745 3024 hoe
790 2961 997 3026 cedere
1038 2963 1126 3025 ad
1145 2962 1393 3049 factum
1430 2967 1561 3029 volo
1600 3015 1614 3028 .
1670 2966 2079 3030 conveniunt
2118 2987 2265 3030 eum
2302 2965 2411 3030 his
2455 2964 2840 3029 Horatiana.

635 3057 1066 3144 epistularum
1097 3082 1165 3136 11,
1180 3059 1238 3135 2,
1250 3059 1332 3123 32
1370 3062 1589 3126 Clarus
1616 3064 1689 3126 ob
1715 3064 2073 3151 idfaetum,
2106 3086 2296 3128 suum
2314 3113 2330 3139 ‚
2358 3065 2518 3128 item
2549 3060 2838 3150 epistula·

631 3178 778 3220 rum
832 3179 877 3232 1,
893 3155 950 3232 2,
960 3156 1043 3221 40
1092 3158 1440 3222 Dimidium
1474 3159 1643 3246 faeti
1693 3164 1802 3248 qui
1853 3165 2045 3249 coepit
2092 3162 2305 3241 habet,
2358 3171 2428 3225 et
2483 3178 2838 3225 sermonum

631 3276 675 3326 1,
689 3254 745 3328 6,
759 3253 843 3316 84
858 3255 1189 3337 pudicum,
1221 3255 1344 3334 Qui
1359 3259 1605 3342 primu-3
1631 3261 1866 3324 virtuti-5
1892 3261 2106 3342 Ιιοηοε,
2136 3262 2393 3325 servavit
2418 3261 2496 3324 ab
2523 3261 2686 3323 omni
2715 3258 2840 3322 Non

629 3349 1014 3436 solumfacto
1042 3374 1250 3414 verum
1281 3356 1605 3439 opprobrio
1634 3379 1870 3468 quoque
1896 3362 2101 3444 turpi,
2131 3358 2448 3445 pudicum
2476 3379 2584 3421 me
2614 3378 2655 3421 a
2682 3356 2840 3421 facto

631 3445 810 3507 omni
841 3466 974 3529 quo
1004 3446 1376 3532 impudicus
1404 3451 1674 3517 fierem.
1715 3455 1784 3518 in
1815 3456 2161 3520 cultiorem
2202 3464 2424 3520 autem
2459 3456 2700 3541 poesin
2726 3473 2840 3517 non
2967 3433 2968 3510 f

632 3540 1006 3606 admittitur
1033 3544 1377 3633 hocfaeto,
1419 3551 1530 3615 cali
1539 3552 1758 3639 faceo,
1789 3576 1907 3639 quo
1918 3554 2134 3641 facto,
2175 3555 2514 3619 rarissima
2543 3562 2704 3617 sunt
2712 3552 2839 3640 sac-

630 3651 755 3704 twm
784 3639 895 3703 hoc
914 3644 1128 3727 ,quod
1149 3667 1449 3710 memoras
1459 3647 1708 3735 saetwm
1735 3651 1899 3714 Aen.
1917 3674 2003 3728 nr,
2023 3652 2187 3728 109,
2216 3656 2368 3716 tami
2376 3652 2545 3739 facti
2571 3652 2733 3715 Aen.
2747 3670 2842 3720 vu,

630 3737 790 3814 232,
816 3762 911 3802 me
938 3740 1105 3804 nullo
1126 3741 1353 3828 facto,
1397 3746 1651 3811 scilieet
1679 3769 1874 3823 meo,
1904 3748 2087 3834 apud
2118 3748 2544 3834 Propertium
2575 3772 2662 3820 lv,
2679 3749 2733 3824 6,
2743 3747 2838 3811 21.

629 3857 713 3898 ne
746 3835 1026 3901 Ovidius
1070 3838 1385 3923 quidem,
1428 3844 1541 3928 qui
1581 3845 1648 3907 in
1686 3844 1820 3908 hoe
1862 3847 2190 3910 vocabulo
2233 3848 2473 3911 nimius
2505 3855 2656 3922 est,
2687 3846 2840 3932 sado

628 3934 734 3995 illo
775 3933 996 3997 dixit
978 3956 1047 3998 m
1087 3945 1348 4002 metam.
1378 3962 1467 4017 vl,
1478 3942 1642 4018 411,
1679 3945 2026 4028 impos-imm
2068 3956 2153 4009 eet
2189 3968 2311 4009 non
2356 3945 2749 4030 cmnparenals
2783 3962 2838 4001 m

630 4053 805 4092 usum
850 4031 1057 4095 Partis
1096 4035 1245 4099 ebur
1264 4037 1603 4126 ,factoque
1647 4041 1868 4126 Pelops
1888 4042 2026 4129 fuit
2061 4044 2290 4128 ἐπιρρεῖ·
2329 4043 2478 4120 illo,
2535 4040 2662 4104 sed
2683 4040 2839 4127 sacto

630 4128 841 4192 ebore.
884 4128 993 4192 hic
1038 4140 1259 4197 tamen
1287 4134 1496 4201 habet
1526 4137 1855 4222 quaedam
1886 4160 1927 4201 a
1953 4139 2292 4225 plerisque
2324 4148 2591 4224 spreta,
2619 4147 2692 4201 ut
2720 4137 2837 4215 Quo

627 4229 827 4290 merui
841 4251 1133 4318 poenam
1135 4231 1344 4308 facto?
1372 4244 1630 4300 metam.
1647 4260 1745 4313 111,
1757 4237 1914 4313 654;
1948 4238 2082 4317 Quo
2105 4250 2211 4302 tua
2231 4261 2352 4301 non
2364 4232 2839 4348 pomumqffendi

618 4336 869 4407 pectora
880 4326 1060 4413 facco
1085 4376 1103 4406 ,
1135 4329 1419 4395 bore-itan
1446 4333 1558 4397 hoc
1586 4335 1708 4398 alio
1736 4335 1936 4400 iudice
1977 4337 2206 4399 crimen
2245 4339 2367 4399 erit
2383 4384 2401 4415 ,
2439 4335 2510 4398 in
2552 4329 2838 4398 remediis

628 4421 750 4483 427
770 4447 784 4498 ς
797 4423 974 4510 facto
991 4427 1139 4508 pius
1167 4439 1224 4490 et
1246 4430 1569 4496 sceleratus
1597 4434 1832 4514 eodem,
1861 4442 2122 4497 metam.
2141 4433 2289 4508 111,5
2322 4433 2551 4506 1x,408
2579 4458 2594 4508 ς
2623 4449 2838 4515 unoque
