3042 5192
591 459 616 525 l
637 458 678 525 4
1486 473 1904 521 ΕΜΕΝυΛτῐο

583 629 823 715 sophia
863 626 1260 716 explicanda
1305 647 1466 691 sane
1519 625 1804 712 diligens
1837 675 1852 701 ‚
1905 619 2030 689 sed
2071 624 2333 710 linguae
2375 624 2659 691 Latinae
2701 626 2817 690 im-

583 726 1023 815 peritissimus
1043 775 1057 788 .
1092 726 1272 789 editio
1306 724 1716 789 Londinemis
1756 744 1933 787 anno
1967 722 2128 786 1712
2165 721 2350 788 facta
2377 723 2536 788 mihi
2567 723 2660 787 ad
2689 724 2818 789 hoc

582 847 786 889 unum
828 823 1008 888 utilis
1048 822 1208 898 fuit,
1229 831 1307 886 ut
1343 820 1602 906 aliquot
1641 821 2179 885 emendationum
2221 829 2535 886 auctores
2565 823 2819 907 primos

585 942 1059 1008 cognoscerem
1089 972 1103 985 .
1153 942 1373 1006 neque
1431 920 1766 1006 Sigeberti
1825 920 2242 1006 Havercampi
2298 918 2435 984 duo
2479 920 2818 984 volumina

584 1020 898 1106 Lugduni
925 1019 1336 1084 Batavorum
1374 1039 1552 1082 anno
1587 1017 1745 1081 1725
1777 1016 1958 1082 edita
1995 1017 2130 1081 ulla
2165 1015 2364 1081 laude
2393 1015 2601 1103 digna
2632 1028 2819 1083 sunt:

584 1140 737 1183 nam
764 1138 988 1203 neque
1018 1118 1166 1203 ipse
1208 1124 1326 1180 aut
1354 1114 1776 1181 emendando
1807 1123 1927 1179 aut
1952 1114 2463 1201 interpretando
2492 1137 2819 1181 memora-

584 1217 715 1281 bile
758 1217 1113 1302 quicquam
1160 1214 1378 1279 effecit
1405 1262 1421 1290 ‚
1460 1234 1682 1298 neque
1726 1234 1806 1277 ea
1837 1234 2008 1299 quae
2037 1213 2299 1301 priores
2329 1222 2614 1299 egerant
2639 1224 2820 1279 recte

585 1324 655 1380 et
693 1337 841 1380 cum
882 1335 1045 1378 cura
1084 1310 1416 1400 disposita
1456 1311 1791 1388 exhibuit,
1819 1332 2041 1397 neque
2080 1312 2150 1374 in
2178 1310 2609 1376 Leidensium
2641 1312 2820 1377 codi-

584 1434 735 1477 cum
776 1410 1177 1476 auctoritate
1220 1408 1647 1475 testificanda
1687 1409 1827 1474 ulla
1851 1408 1986 1474 fide
2015 1416 2134 1473 aut
2162 1409 2459 1473 sollertia
2487 1432 2658 1475 usus
2691 1419 2819 1475 est.

585 1510 710 1575 sed
738 1510 1274 1593 Havercampum
1315 1508 1585 1593 quidem
1626 1507 1803 1572 omni
1847 1515 2152 1595 tempore
2196 1528 2428 1572 omnes
2473 1517 2819 1594 contemp-

583 1612 852 1672 serunt:
876 1605 1177 1670 Gilberto
1224 1604 1589 1695 Wakefieldo
1616 1605 1798 1670 unde
1826 1605 2240 1693 praeclaram
2272 1605 2612 1691 quandam
2644 1605 2822 1695 apud

588 1705 962 1768 Germanos
987 1703 1541 1767 existimationem
1563 1706 1929 1769 accessisse
1955 1703 2171 1769 dicam
2193 1703 2428 1768 dubito
2448 1753 2465 1780 ‚
2487 1705 2618 1769 nisi
2649 1704 2821 1769 forte

585 1799 958 1866 modestiae
989 1803 1214 1890 specie
1236 1801 1619 1866 hominibus
1641 1802 1969 1867 modestis
1994 1811 2062 1867 et
2089 1804 2174 1868 ab
2205 1804 2383 1867 omni
2408 1801 2642 1867 iudicii
2671 1803 2821 1867 sub-

584 1900 825 1965 tilitate
865 1900 1386 1965 abhorrentibus
1426 1901 1815 1966 mirabiliter
1841 1902 2241 1988 imposuisse
2272 1899 2658 1965 censendus
2691 1910 2820 1965 est.

587 1999 759 2062 enim
807 2019 972 2063 vero
1022 1998 1157 2062 ista
1204 1996 1535 2062 modestia
1583 2020 1723 2063 non
1765 1999 1892 2063 fuit
1934 1999 2219 2064 hominis
2265 1999 2591 2086 sapientis
2614 2047 2632 2075 ,
2671 1998 2822 2072 sed,

587 2095 775 2182 quod
803 2094 1189 2162 incredibile
1218 2096 1530 2162 videatur
1548 2146 1563 2173 ‚
1591 2118 1807 2183 prope
1842 2098 2108 2174 furiosi,
2142 2098 2255 2184 qui
2286 2118 2436 2161 cum
2465 2118 2506 2159 a
2533 2096 2820 2161 Marullo

586 2205 655 2260 et
682 2195 1005 2259 Lambino
1045 2194 1255 2258 multa
1294 2195 1438 2259 sine
1480 2215 1688 2260 causa
1727 2204 1964 2260 contra
2003 2203 2307 2260 veterum
2346 2195 2822 2282 exemplarium

585 2293 786 2358 fidem
825 2295 1092 2359 invecta
1129 2301 1315 2357 recte
1353 2294 1793 2359 intellexisset
1809 2342 1824 2370 ‚
1861 2294 2031 2357 haec
2072 2294 2347 2359 eiecisse
2375 2315 2512 2357 non
2544 2301 2820 2357 conten·

586 2400 734 2468 tus,
765 2392 1111 2456 verissima
1153 2412 1459 2477 quaeque
1501 2400 1570 2457 et
1606 2392 1976 2456 certissima
2014 2392 2197 2456 nullo
2239 2393 2368 2456 nisi
2404 2393 2687 2456 iniuriae
2729 2391 2822 2455 ul·

588 2486 943 2553 ciscendae
982 2488 1263 2553 consilio
1305 2510 1453 2552 cum
1493 2489 1595 2553 ira
1639 2496 1707 2553 et
1745 2492 2063 2555 conviciis
2090 2489 2496 2556 foedissimis
2527 2490 2821 2576 exagita-

586 2587 792 2664 veritg
829 2608 966 2672 quo
1008 2586 1086 2650 fit
1123 2593 1202 2650 ut
1228 2587 1413 2652 Aiaci
1443 2585 1871 2652 Varroniano
1914 2589 2276 2654 simillimus
2322 2589 2444 2653 sit:
2493 2591 2669 2653 Aia-v
2702 2599 2823 2652 mm

589 2684 974 2772 creditsmo
1004 2709 1068 2749 ee
1098 2685 1352 2749 caedere
1391 2684 1644 2765 Ulixen,
1688 2686 1840 2749 me
1866 2686 2081 2752 baculo
2106 2689 2322 2752 silvam
2350 2689 2552 2752 caedit
2564 2709 2821 2773 porcos*-

587 2807 704 2870 que
732 2784 1032 2847 trucidat.
1057 2783 1284 2869 itaque
1314 2782 1382 2846 in
1421 2783 1636 2847 vastis
1666 2781 2069 2849 Wakefieldi
2098 2786 2626 2857 commentariis,
2652 2805 2824 2869 quos

586 2883 733 2968 ipse
772 2880 1306 2967 splendidissime
1349 2879 1563 2945 edidit
1603 2880 1893 2946 Londini
1938 2884 2129 2947 annis
2173 2883 2332 2948 1796
2378 2894 2447 2948 et
2474 2883 2592 2959 97,
2632 2882 2823 2946 Glas-

586 3002 875 3067 guenses
917 2981 1121 3069 paulo
1164 2980 1619 3045 commodiore
1663 2980 1880 3045 forma
1933 2982 2349 3068 repetierunt
2399 3003 2579 3047 anno
2632 2980 2824 3052 1813,

587 3079 840 3143 nullum
868 3101 1084 3167 prope
1114 3079 1409 3144 studium
1432 3080 1927 3144 animadvertas
1948 3080 2248 3144 Lucretii
2276 3081 2608 3144 rationum
2641 3087 2822 3142 recte

587 3176 1239 3290 intellegendarum,
1304 3179 1553 3243 nullam
1601 3178 1864 3264 linguae
1914 3178 2193 3242 Latinae
2244 3178 2590 3242 scientiam
2632 3227 2648 3254 ‚
2705 3176 2826 3242 sed

586 3284 860 3362 praeter
913 3276 1214 3341 convicia
1264 3276 1554 3361 aliquam
1605 3297 1770 3340 sane
1813 3275 2288 3363 elegantiarum
2330 3276 2746 3390 poeticarum
2789 3297 2826 3337 e

589 3373 878 3437 lectione
906 3373 1114 3436 multa
1155 3373 1278 3436 sed
1305 3395 1542 3460 parum
1572 3375 1857 3440 subacta
1898 3376 2502 3451 consectationem,
2528 3384 2600 3439 et
2625 3376 2826 3488 insig-

589 3471 701 3534 nia
737 3491 958 3554 neque
1001 3491 1081 3534 ea
1117 3471 1308 3537 nimis
1348 3494 1504 3537 rara
1543 3475 1777 3537 summi
1817 3472 2066 3585 ingenii
2095 3473 2475 3559 egregiique
2502 3473 2826 3537 acuminis

590 3568 903 3653 vestigia,
939 3589 976 3632 e
1017 3570 1258 3654 quibus
1301 3580 1629 3658 appareat
1668 3593 1852 3648 eum,
1872 3572 2001 3634 nisi
2029 3573 2274 3636 mentis
2305 3592 2496 3635 error
2525 3572 2826 3636 obstitis-

591 3675 697 3731 set
723 3715 738 3742 ,
779 3667 1083 3751 potuisse
1127 3690 1202 3731 re
1246 3690 1409 3734 vera
1450 3677 1709 3733 tantum
1754 3670 1824 3733 in
1868 3669 2002 3733 hoc
2046 3676 2355 3757 poemate
2402 3667 2827 3733 emendando

591 3763 854 3827 efficere
885 3773 1205 3849 quantum
1233 3766 1456 3831 multis
1485 3768 1672 3831 visus
1703 3768 1792 3831 sit
1822 3767 2124 3832 effecisse
2145 3817 2158 3831 .
2182 3768 2382 3832 huius
2426 3777 2498 3832 et
2539 3768 2828 3832 imitato-

590 3883 701 3926 res
733 3869 802 3925 et
828 3862 898 3925 in
926 3864 1090 3927 artis
1139 3862 1478 3949 studiique
1519 3873 1911 3950 contemptu
1952 3867 2250 3931 aemulos
2270 3915 2285 3941 ‚
2305 3865 2674 3930 Henricum
2701 3865 2827 3929 Ca-

591 3960 804 4023 rolum
834 3961 1286 4026 Abrahamum
1318 3962 1744 4028 Eichstadimn
1775 3971 1844 4027 et
1871 3964 2222 4029 Albertum
2253 3963 2678 4049 Forbiyemm,
2706 3985 2832 4027 cur

592 4061 1210 4126 commemorandos
1241 4061 1481 4126 ducam
1510 4062 1698 4126 multi
1727 4071 1914 4126 recte
1944 4084 2106 4126 sane
2135 4062 2555 4127 mirabuntur
2575 4111 2592 4138 ‚
2615 4083 2656 4124 a
2682 4061 2830 4146 qui-

591 4158 717 4222 bus
746 4180 831 4222 ne
861 4167 1121 4223 tantum
1153 4160 1421 4246 quidem
1451 4169 1775 4246 quantum
1802 4161 1889 4225 ab
1920 4159 2389 4248 Havercampo
2432 4180 2675 4246 capere
2700 4180 2832 4244 po-

590 4257 861 4322 tuerim:
904 4279 1057 4321 nam
1096 4257 1528 4324 Eichstadius
1557 4280 1761 4323 unum
1790 4259 1937 4323 libri
1970 4260 2181 4343 quinti
2217 4279 2485 4322 versum
2516 4254 2832 4321 emenda-

584 4356 683 4418 vit
705 4355 876 4439 (584)
896 4403 912 4430 ,
935 4354 1261 4440 Forbiger
1282 4357 1445 4420 nihil
1468 4379 1750 4443 usquam
1772 4356 2200 4422 laudabiliter
2222 4357 2432 4443 gessit
2449 4407 2464 4420 .
2496 4354 2619 4421 sed
2637 4354 2802 4419 mihi
2821 4403 2838 4422 ,

588 4473 736 4516 cum
760 4454 1172 4538 antiquiores
1209 4476 1434 4520 eorum
1468 4455 1742 4532 similes,
1767 4456 2110 4520 Danielem
2128 4454 2444 4532 Pareum,
2465 4453 2840 4519 Iohannem
