3042 5192
1236 459 1363 528 1111

69 656 136 701 175
182 637 288 722 qui
313 633 571 722 possit,
592 653 817 719 neque
845 652 993 696 eam
1022 633 1349 697 rationem
1377 631 1668 697 reddere
1698 633 1892 700 dictis
1911 684 1928 710 ‚

71 768 138 815 179
178 752 241 814 in
269 770 470 835 quem
497 768 808 833 quaeque
835 747 1061 810 locum
1088 746 1358 811 diverso
1385 747 1673 812 momine
1700 749 2013 835 tendat.]

73 883 138 929 176
255 864 455 941 Nunc
484 883 611 948 age
630 910 647 938 ‚
670 882 867 948 quam
896 861 1097 926 celeri
1124 869 1311 951 motu
1340 862 1690 927 simulacra
1717 862 2053 940 ferantur,

182 988 245 1043 et
272 998 447 1064 quae
474 977 811 1042 mobilitas
840 976 989 1040 ollis
1014 977 1439 1041 tranantibus
1469 998 1666 1041 auras

184 1092 447 1158 reddita
476 1092 566 1156 sit
583 1141 600 1168 ‚
623 1092 828 1177 longo
859 1090 1079 1177 spatio
1106 1098 1184 1154 ut
1210 1085 1435 1155 br‘evis
1460 1090 1637 1155 hora
1659 1099 1922 1157 teratur
1937 1140 1953 1168 ‚

70 1226 140 1270 180
184 1205 544 1272 suavidicis
572 1206 797 1292 potius
827 1225 1028 1290 quam
1053 1205 1276 1269 multis
1303 1205 1614 1269 versibus
1643 1205 1872 1283 edam3

180 1344 429 1410 parvus
458 1327 540 1385 ut
569 1328 675 1384 est
703 1320 897 1407 cycni
922 1319 1157 1385 melior
1185 1340 1391 1384 canor
1409 1368 1425 1396 ‚
1446 1319 1557 1384 ille
1585 1339 1822 1405 gruum
1853 1342 2049 1406 quam

185 1436 434 1500 clamor
460 1434 532 1497 in
561 1432 874 1498 aetheriis
905 1433 1256 1522 dispersus
1284 1435 1577 1500 nubibus
1606 1435 1816 1499 austri
1833 1484 1848 1499 .

182 1549 508 1637 principio
536 1569 864 1635 persaepe
892 1548 1058 1614 levis
1086 1570 1199 1614 res
1226 1557 1433 1635 atque
1459 1549 1729 1614 minutis

178 1662 585 1750 corporibus
611 1661 828 1729 factas
856 1664 1091 1729 celeris
1116 1665 1275 1730 licet
1304 1685 1454 1728 esse
1480 1662 1711 1731 videre
1730 1714 1744 1727 .

70 1795 140 1840 185
189 1780 254 1842 in
284 1800 422 1864 quo
452 1778 585 1842 iam
612 1797 860 1863 genere
888 1786 993 1843 est
1022 1779 1184 1843 solis
1214 1778 1333 1843 lux
1363 1785 1431 1843 et
1456 1800 1672 1865 vapor
1702 1779 1845 1843 eius

190 1902 552 1980 propterea
582 1892 737 1977 quia
765 1900 923 1957 sunt
953 1914 989 1956 e
1016 1894 1247 1980 primis
1275 1893 1457 1958 facta
1482 1893 1754 1957 minutis
1771 1941 1788 1969 ‚
1859 1898 1870 1910 '

192 2027 359 2092 quae
391 2007 583 2092 quasi
612 2005 949 2071 cuduntur
976 2029 1234 2095 perque
1263 2009 1435 2073 aeris
1462 1989 1884 2072 intervallum

191 2142 326 2185 non
356 2119 672 2186 dubitant
699 2120 984 2185 transire
1015 2124 1325 2207 sequenti
1354 2123 1618 2186 concita
1645 2122 1878 2208 plagat

193 2234 663 2324 suppeditatur
693 2235 865 2298 enim
892 2235 1243 2301 confestim
1269 2235 1512 2301 lumine
1539 2237 1765 2300 lumen
1784 2283 1800 2312 ‚

76 2365 149 2412 1⁹0
199 2359 263 2414 et
291 2350 487 2435 quasi
515 2348 779 2437 protelo
810 2349 1184 2416 stimulatur
1208 2350 1465 2437 fulgere
1492 2349 1716 2436 fulgur
1734 2399 1749 2412 .

199 2485 329 2550 qua
354 2471 641 2552 propter
672 2465 1022 2530 simulacra
1047 2465 1197 2552 pari
1221 2465 1480 2530 ratione
1507 2458 1786 2528 necesse
1817 2473 1922 2530 est

196 2579 686 2643 inmemorabile
712 2599 839 2664 per
866 2581 1153 2666 spatium
1178 2588 1639 2645 transcurrere
1666 2601 1871 2665 posse

198 2693 520 2780 temporis
546 2693 619 2757 in
642 2701 899 2781 puncto
915 2741 933 2770 ,
954 2695 1235 2780 primum
1266 2691 1453 2779 quod
1479 2693 1761 2781 parvola
1788 2716 1991 2760 eausa

201 2815 303 2871 est
328 2808 573 2893 procul
598 2830 639 2872 a
666 2815 860 2894 tergo
894 2829 1066 2894 quae
1095 2807 1429 2894 provehat
1456 2815 1662 2893 atque
1690 2809 2025 2896 propellat
2041 2859 2057 2882 ,

78 2936 155 2982 1⁹6
202 2919 443 2985 deinde
476 2921 660 3008 quod
687 2944 904 3008 usque
933 2921 1107 2988 adeo
1137 2930 1411 2989 textura
1438 2921 1749 3008 praedita
1773 2943 1929 2987 rara

198 3036 554 3101 mittuntur
571 3084 587 3112 ‚
606 3035 802 3101 facile
828 3045 907 3102 ut
935 3039 1207 3123 quasvis
1233 3041 1593 3124 penetrare
1623 3043 1873 3121 queant
1898 3058 2009 3101 res

204 3159 272 3214 et
300 3150 493 3236 quasi
517 3172 911 3238 permanare
936 3173 1062 3240 per
1088 3153 1260 3217 aeris
1288 3151 1708 3217 intervallum
1726 3186 1746 3214 .·

201 3272 553 3351 praeterea
579 3266 637 3330 si
667 3288 837 3353 quae
864 3267 1130 3352 penitus
1160 3266 1561 3356 corpuscula
1588 3287 1812 3330 rerum

78 3395 163 3440 200
213 3400 295 3442 ex
323 3380 599 3466 altoque
626 3379 811 3445 foras
839 3381 1191 3446 mittuntur
1210 3430 1226 3456 ‚
1248 3380 1410 3445 solis
1437 3381 1536 3444 uti
1564 3379 1681 3444 lux

210 3515 285 3557 ae
312 3516 529 3581 vapor
547 3542 564 3570 ‚
589 3494 760 3559 haec
787 3504 1040 3582 puncto
1073 3502 1436 3560 cernuntur
1465 3494 1660 3580 lapsa
1688 3493 1818 3559 diei

212 3630 328 3694 per
357 3617 579 3673 totum
608 3609 772 3674 caeli
801 3612 1089 3698 spatium
1120 3608 1493 3676 diffundere
1524 3630 1676 3674 sese

211 3743 465 3808 perque
494 3724 726 3788 volare
751 3746 934 3789 mare
963 3746 1044 3789 ae
1072 3733 1291 3791 terras
1321 3728 1702 3809 circumque
1729 3726 1982 3810 rigare.
2065 3773 2074 3779 .

213 3835 373 3920 quid
403 3859 579 3923 quae
610 3847 767 3903 sunt
791 3839 995 3926 igitur
1020 3842 1150 3905 iam
1179 3841 1395 3927 prima
1419 3839 1647 3904 fronte
1674 3839 1962 3926 parata?

80 3965 162 4008 205
216 3970 362 4014 cum
386 3953 718 4018 iaciuntur
748 3962 819 4018 et
848 3955 1158 4019 emissum
1187 3975 1299 4020 res
1325 3954 1510 4018 nulla
1538 3960 1837 4018 moratur
1854 4002 1871 4028 ‚

85 4076 164 4122 1⁹5
214 4065 398 4149 quod
427 4089 632 4154 super
662 4076 768 4132 est
785 4117 802 4145 ,
823 4069 938 4133 ubi
965 4078 1105 4134 tam
1131 4070 1390 4135 volueri
1416 4068 1692 4133 levitate
1717 4067 2021 4133 ferantur
2039 4117 2054 4140 ,

82 4193 167 4238 206
223 4200 442 4263 quone
467 4180 663 4246 vides
694 4183 889 4248 citius
920 4182 1168 4249 debere
1199 4191 1271 4249 et
1295 4183 1560 4270 longius
1587 4184 1684 4247 ire

232 4426 323 4471 175
358 4422 565 4475 ratione
600 4424 623 4491 ΙΙ
667 4430 762 4477 179
796 4426 1012 4479 numine
1033 4426 1233 4480 tendit.
1270 4428 1293 4496 ΙΙ
1332 4433 1428 4480 178
1464 4427 1690 4483 feratur.
1726 4427 1752 4495 ΙΙ
1785 4432 1884 4480 203
1923 4424 2229 4495 caelumque

2270 464 2401 533 121
