3042 5192
72 910 144 954 860

68 1253 142 1298 ³64

68 1367 140 1411 863

67 1483 140 1525 ⁵55

1252 486 1378 555 1111

274 661 495 747 [qud
523 662 686 725 item
712 680 853 724 non
884 665 991 723 est
1017 657 1389 723 mirandum
1406 707 1423 734 ‚
1445 662 1750 745 corporis
1779 664 1926 749 ipsa

192 774 370 863 quod
398 784 650 839 natura
678 774 898 838 cibum
929 774 1192 859 quaerit
1219 775 1543 860 cuiusque
1573 776 1924 842 animantis
1942 827 1956 841 .

190 893 433 978 quippe
466 890 711 954 etenim
741 888 948 953 fluere
978 896 1184 973 atque
1210 886 1528 952 recedere
1558 911 1846 976 corpora
1872 892 2077 959 rebus

188 1006 387 1069 multa
415 1003 643 1069 modis
674 1004 899 1068 multis
930 1002 1132 1067 docui
1149 1051 1166 1077 ‚
1193 1002 1321 1092 sed,
1344 1003 1629 1088 plurima
1657 1004 1909 1071 debent

190 1143 263 1184 ex
292 1119 707 1196 animalibu'3
739 1138 911 1205 quae
941 1117 1099 1202 quia
1126 1126 1285 1181 sunt
1313 1119 1610 1183 exercita
1636 1127 1823 1183 motu
1840 1169 1857 1196 ‚

187 1236 386 1300 multa.
412 1256 544 1321 per
575 1256 655 1298 os
687 1232 1087 1297 exhalantur
1104 1280 1120 1308 ‚
1145 1253 1294 1295 cum
1321 1231 1640 1317 languida
1668 1233 1985 1301 anhelant
2003 1286 2017 1312 ‚

184 1351 518 1434 multaque
546 1370 670 1434 per
700 1346 1017 1412 sudorem
1048 1367 1133 1409 ex
1162 1345 1300 1410 alto
1331 1367 1573 1431 pressa
1599 1346 1905 1415 feruntur
1922 1400 1937 1414 .

182 1465 279 1529 his
304 1466 512 1551 igitur
541 1464 746 1527 rebus
772 1461 1056 1525 rarescit
1083 1481 1330 1546 corpus
1362 1468 1429 1525 et
1458 1462 1674 1525 omnis

188 1580 525 1643 subruitur
552 1586 829 1652 natura3
855 1574 1050 1639 dolor
1080 1595 1279 1660 quam
1311 1577 1744 1661 consequitur
1772 1600 1911 1643 rem
1932 1630 1946 1644 .

186 1703 543 1782 propterea
573 1694 836 1778 capitur
864 1690 1053 1754 cibus
1071 1738 1087 1766 ‚
1108 1698 1188 1753 ut
1215 1688 1549 1755 suffulciat
1576 1699 1765 1756 artus

189 1816 252 1872 et
274 1815 538 1872 recreet
564 1807 745 1871 vires
772 1807 946 1870 inter
976 1804 1178 1869 datus
1195 1852 1212 1880 ‚
1235 1811 1439 1889 atque
1460 1813 1801 1890 patentem

186 1943 301 2007 per
324 1923 624 1986 membra
652 1942 731 1986 ac
760 1941 968 1986 venas
997 1928 1075 1984 ut
1103 1939 1395 1983 amorem
1425 1926 1700 2004 opturet
1728 1919 1972 1987 edendi
1991 1973 2005 1986 .

88 2052 110 2063 ·
184 2059 364 2101 umor
390 2038 551 2100 item
583 2034 870 2099 discedit
895 2036 964 2098 in
991 2035 1211 2098 omnia
1238 2054 1411 2119 quae
1439 2034 1590 2098 loca
1619 2056 1902 2122 cumque

184 2159 467 2236 poscunt
492 2171 825 2214 umorem:
855 2150 1357 2236 glomerataque
1385 2149 1597 2214 multa
1621 2152 1893 2236 vaporis

186 2288 465 2351 corpora
483 2314 498 2342 ,
524 2286 697 2351 quae
727 2264 1081 2330 stomacho
1108 2263 1437 2349 praebent
1462 2264 1772 2329 incendia
1801 2273 2037 2330 nostro
2058 2318 2073 2342 ‚

185 2378 483 2467 dissupat
512 2379 879 2444 adveniens
908 2379 1133 2465 liquor
1162 2399 1243 2441 ac
1270 2378 1627 2463 restinguit
1651 2388 1729 2444 ut
1755 2381 1975 2466 ignem
1994 2430 2010 2457 ‚

182 2516 357 2559 urere
388 2516 479 2558 ne
506 2495 734 2581 possit
762 2495 945 2558 calor
974 2493 1258 2580 amplius
1287 2491 1515 2557 aridus
1547 2502 1733 2558 artus
1753 2545 1767 2559 .

88 2623 136 2667 ‘5
182 2610 269 2672 sic
292 2610 495 2697 igitur
522 2610 648 2674 tibi
675 2609 918 2673 anhela
945 2609 1093 2673 sitis
1125 2607 1211 2671 de
1240 2629 1530 2693 corpore
1557 2616 1794 2673 nostro

184 2722 462 2788 abluitur
478 2773 495 2800 ‚
520 2725 617 2789 sic
649 2724 956 2810 expletur
981 2724 1203 2787 ieiuna
1232 2721 1539 2808 cupido]

256 2837 448 2903 Nunc
480 2840 595 2925 qui
623 2839 743 2903 fiat
769 2839 870 2902 uti
896 2859 1142 2925 passus
1169 2835 1473 2922 proferre
1504 2859 1825 2923 queamus
1844 2889 1860 2914 ‚

183 2973 321 3015 cum
346 2954 660 3018 volumus
678 3003 694 3030 ‚
716 2953 1034 3038 varieque
1065 2951 1295 3016 datum
1323 2952 1412 3016 sit
1437 2954 1736 3019 membra
1762 2976 2033 3022 movere
2053 3006 2068 3030 ‚

179 3076 241 3130 et
268 3089 433 3153 quae
461 3090 574 3133 res
603 3075 865 3132 tantum
891 3067 1025 3132 hoc
1055 3067 1280 3131 oneris
1306 3066 1714 3153 protrudere
1743 3071 1961 3134 nostri

180 3185 468 3269 corporis
495 3184 811 3260 insuerit,
835 3182 1084 3247 dicam:
1107 3189 1183 3246 tu
1209 3183 1483 3269 percipe
1515 3182 1694 3248 dicta
1714 3234 1727 3247 .

178 3293 318 3360 dico
346 3301 563 3363 animo
592 3306 834 3363 nostro
862 3298 1148 3384 primum
1178 3298 1532 3363 simulacra
1557 3298 1824 3363 meandi

183 3412 471 3478 accidere
501 3421 709 3499 atque
739 3413 1024 3478 animum
1052 3413 1321 3499 pulsare
1341 3463 1356 3488 ‚
1378 3422 1455 3478 ut
1484 3413 1770 3479 diximus
1801 3422 1955 3479 ante
1975 3464 1989 3477 .

180 3523 321 3590 inde
348 3529 663 3593 voluntas
689 3528 800 3593 fit:
831 3548 1051 3614 neque
1082 3528 1255 3592 enim
1280 3528 1505 3593 facere
1533 3530 1768 3616 incipit
1793 3529 1994 3593 ullam

175 3660 304 3705 rem
331 3645 685 3730 quisquam
703 3693 719 3720 ‚
744 3664 943 3729 quam
968 3665 1158 3707 mens
1186 3643 1486 3729 providit
1515 3643 1678 3730 quid
1705 3644 1868 3709 velit
1894 3652 2050 3709 ante
2070 3693 2084 3707 .

58 3768 129 3810 κεῖ.
174 3753 239 3818 id
265 3758 449 3842 quod
475 3758 796 3847 providet
814 3807 830 3833 ,
850 3758 1025 3823 illius
1053 3759 1152 3823 rei
1181 3767 1451 3824 constat
1476 3760 1695 3846 imago
1716 3809 1730 3822 .

176 3889 323 3957 ergo
352 3873 609 3937 animus
639 3894 791 3936 cum
821 3894 969 3938 sese
996 3875 1093 3939 ita
1122 3882 1496 3939 commovet
1523 3882 1602 3939 ut
1627 3874 1791 3939 velit
1817 3874 1915 3938 ire

170 3983 354 4070 inque
384 3986 610 4074 gredi,
632 3987 791 4052 ferit
821 3988 1157 4076 extemplo
1190 4009 1362 4074 quae
1391 3990 1459 4053 in
1489 4010 1775 4076 corpore
1805 3996 1954 4053 toto
1974 4037 1991 4064 ‚

172 4119 279 4184 per
305 4104 601 4169 membra
628 4111 837 4190 atque
865 4112 1055 4170 artus
1073 4154 1090 4182 ,
1113 4104 1351 4170 animai
1381 4104 1621 4171 dissita
1645 4106 1750 4170 vis
1783 4111 1919 4169 est:

2287 494 2421 562 143

174 4376 259 4423 862
293 4392 426 4444 quae
458 4386 728 4433 misem.
780 4379 800 4451 ΙΙ
851 4386 950 4434 876
988 4381 1161 4436 ieluna
1207 4384 1230 4452 Η
1279 4389 1376 4437 877
1414 4383 1507 4436 ssat
1548 4384 1569 4453 Η
1604 4399 1851 4453 quemue.
1899 4382 1921 4450 ΙΙ
1967 4388 2068 4435 878
2104 4398 2334 4451 vai-eque
2377 4385 2398 4450 ΙΙ

170 4459 258 4506 879
291 4462 468 4513 oneris
516 4463 537 4531 ΙΙ
587 4468 686 4514 884
726 4481 883 4532 quam
918 4473 1182 4521 omissum.
1235 4467 1256 4535 ΙΙ
1305 4472 1401 4519 885
1439 4474 1688 4520 constare
1723 4467 1744 4535 ΙΙ
1782 4470 1880 4518 886
1917 4464 2039 4535 Ego
