3042 5192
610 446 701 513 26
1701 442 1734 508 1

450 636 549 682 710
603 619 823 682 omnia
850 627 920 682 et
944 617 1013 680 in
1039 638 1261 681 rerum
1290 624 1566 679 naturas
1597 615 1843 677 vertier
1870 614 2119 679 omnis.

606 754 845 818 magno
875 752 1080 817 opere
1110 752 1153 794 a
1178 751 1339 794 vero
1369 729 1570 813 longe
1598 726 1910 792 derrasse
1940 726 2254 792 videntur
2271 779 2286 791 .

605 846 783 910 adde
812 848 1008 910 etiam
1038 847 1154 931 qui
1182 841 1660 929 conduplicant
1687 840 2054 927 primordia
2074 864 2300 905 rerum
2318 892 2334 907 .

605 968 763 1026 aera
787 962 1140 1045 iungentes
1166 960 1303 1046 igni
1322 1008 1339 1035 ,
1361 968 1744 1042 terramque
1772 957 2018 1041 liquori
2033 1006 2050 1029 ‚

607 1084 677 1140 et
705 1076 819 1160 qui
849 1084 1172 1160 quattuor
1200 1096 1285 1138 ex
1312 1074 1513 1138 rebus
1545 1092 1750 1158 posse
1780 1070 2002 1133 omnia
2028 1080 2263 1135 rentur

449 1207 549 1252 715
605 1212 691 1254 ex
716 1191 855 1275 igni
884 1202 1065 1254 terra
1093 1198 1297 1274 atque
1327 1189 1546 1251 anima
1568 1206 2004 1272 procrescere
2034 1194 2103 1249 et
2129 1186 2324 1249 imbri
2341 1235 2355 1248 .

608 1325 889 1389 quorum
916 1304 1407 1389 Acragantinus
1436 1323 1588 1365 cum
1615 1301 1843 1386 primis
1867 1298 2318 1385 Empedocles
2348 1312 2486 1365 est.

604 1418 823 1481 insula
852 1438 1051 1502 quem
1076 1416 1425 1501 triquetris
1455 1424 1779 1479 terrarum
1807 1416 2018 1498 gessit
2044 1415 2114 1476 in
2143 1416 2281 1479 oris
2298 1464 2315 1491 ‚

606 1552 803 1616 quam
832 1529 1099 1593 fluitans
1129 1530 1375 1593 circum
1402 1528 1660 1613 magnis
1689 1527 2103 1593 anfractibus
2133 1550 2389 1615 aequor

606 1645 861 1708 Ionium
887 1643 1140 1728 glaucis
1169 1642 1469 1728 aspargit
1495 1642 1679 1704 virus
1709 1642 1795 1705 ab
1823 1641 2025 1705 undis
2041 1691 2058 1717 ‚

446 1776 549 1822 720
603 1766 1023 1844 angustoque
1050 1755 1227 1819 fretu
1253 1754 1562 1841 rapidum
1587 1776 1771 1819 mare
1802 1754 2040 1819 dividit
2067 1757 2334 1821 undans

608 1873 837 1937 Italiae
860 1878 1188 1935 terrarum
1219 1890 1375 1933 oras
1405 1889 1445 1931 a
1470 1868 1714 1960 finibus
1747 1869 1890 1934 eius
1910 1920 1924 1932 .

606 1987 715 2050 hic
744 1993 851 2049 est
877 1992 1071 2048 vasta
1100 1982 1481 2069 Charybdis
1499 2032 1515 2059 ‚
1539 1990 1608 2045 et
1631 1982 1745 2045 hic
1772 1984 2074 2047 Aetnaea
2103 1987 2438 2051 minantur

605 2120 939 2164 murmura
965 2098 1371 2162 flammarum
1400 2118 1667 2160 rursum
1696 2118 1771 2161 se
1803 2098 2114 2184 colligere
2143 2101 2278 2164 iras
2296 2150 2311 2173 ‚

606 2214 908 2278 faucibus
938 2220 1214 2297 eruptos
1240 2212 1480 2275 iterum
1506 2211 1612 2275 vis
1641 2220 1720 2275 ut
1747 2222 1976 2277 vomat
2001 2215 2173 2299 ignis

445 2346 549 2392 725
606 2329 695 2393 ad
724 2325 1316 2411 caelumqueferat
1342 2325 1626 2390 flammai
1654 2325 1920 2412 fulgura
1947 2349 2208 2392 rursum
2226 2378 2241 2391 .

607 2464 779 2527 quae
809 2463 956 2504 cum
983 2460 1225 2525 magna
1250 2439 1471 2503 modis
1499 2439 1725 2503 multis
1752 2440 2058 2504 miranda
2081 2441 2348 2505 videtur

603 2556 911 2640 gentibus
939 2555 1243 2617 humanis
1271 2554 1457 2638 regio
1488 2552 1902 2638 visendaque
1928 2553 2142 2617 fertur
2160 2604 2176 2630 ‚

604 2670 806 2733 rebus
838 2668 1058 2754 opima
1082 2667 1279 2730 bonis
1297 2714 1314 2742 ‚
1335 2668 1550 2731 multa
1576 2668 1831 2730 munita
1857 2668 2072 2731 virum
2099 2670 2165 2731 vi
2184 2717 2200 2742 ‚

603 2783 695 2846 nil
720 2790 943 2846 tamen
968 2782 1101 2846 hoc
1130 2780 1449 2846 habuisse
1477 2782 1625 2845 viro
1655 2783 2063 2867 praeclarius
2091 2783 2160 2845 in
2191 2804 2264 2845 se

443 2912 546 2959 730
599 2918 725 2959 nec
755 2902 1054 2959 sanctum
1082 2896 1291 2980 magis
1323 2903 1392 2959 et
1417 2897 1656 2959 mirum
1685 2917 2046 2982 carumque
2074 2895 2374 2960 videtur.

604 3011 893 3074 carmina
923 3011 1082 3094 quin
1112 3010 1309 3073 etiam
1338 3009 1547 3074 divini
1574 3011 1872 3095 pectoris
1902 3012 2044 3074 eius

598 3124 1048 3188 vociferantur
1079 3132 1145 3189 et
1174 3134 1523 3209 exponunt
1551 3125 1898 3211 praeclara
1924 3133 2227 3211 reperta,

601 3246 678 3300 ut
702 3238 815 3301 vix
842 3237 1130 3300 humana
1156 3236 1470 3301 videatur
1501 3240 1712 3323 stirpe
1744 3247 2010 3301 creatus
2029 3287 2042 3301 .

683 3349 812 3411 Hic
840 3358 1061 3411 tamen
1093 3358 1160 3412 et
1190 3371 1399 3433 supra
1429 3373 1603 3434 quos
1636 3350 1924 3413 diximus
1951 3351 2301 3418 inferiores

442 3477 545 3521 735
600 3461 901 3545 partibus
934 3461 1195 3544 egregie
1222 3463 1447 3525 multis
1470 3464 1818 3547 multoque
1845 3466 2136 3528 minores
2156 3515 2171 3539 ‚

602 3593 999 3657 quamquam
1029 3574 1236 3637 multa
1262 3575 1437 3638 bene
1467 3597 1547 3639 ae
1577 3575 1892 3642 divinitus
1919 3580 2331 3645 invenientes

606 3706 687 3746 ex
715 3684 922 3771 adyto
952 3694 1087 3748 tam
1125 3708 1325 3770 quam
1355 3689 1583 3754 cordis
1612 3712 1943 3777 responsa
1971 3693 2221 3758 dedere

605 3798 898 3861 sanctius
928 3806 997 3860 et
1022 3800 1232 3863 multo
1265 3810 1451 3866 certa
1479 3805 1743 3869 ratione
1770 3808 1979 3893 magis
2011 3830 2208 3894 quam

602 3908 846 3995 Pythia
877 3932 1047 3994 quae
1076 3913 1329 3998 tripodi
1358 3938 1399 3979 a
1427 3917 1687 3983 Phoebi
1715 3921 2040 4008 lauroque
2070 3924 2378 4009 profatur
2397 3976 2412 3995 ,

442 4035 543 4081 740
600 4023 936 4107 principiis
966 4032 1187 4089 tamen
1214 4027 1282 4090 in
1311 4052 1536 4094 rerum
1563 4033 1783 4099 fecere
1812 4038 2039 4101 ruinas

928 4219 999 4226 *-

610 4297 708 4343 710
744 4295 874 4344 verti
912 4293 1063 4388 ΙΙ·711
1107 4297 1253 4369 longi
1290 4302 1312 4370 ΙΙ
1350 4310 1448 4355 716
1486 4307 1887 4380 Agragantinus
1926 4313 1946 4381 ΙΙ
1985 4320 2084 4368 720
2121 4316 2308 4370 undis.
2349 4318 2370 4386 ΙΙ
2419 4325 2514 4373 721
2559 4321 2787 4377 Haeliae
2824 4326 2844 4391 ΙΙ

608 4379 703 4424 724
744 4381 801 4426 ut
826 4385 1022 4430 onuuat
1060 4380 1079 4446 ΙΙ
1120 4387 1216 4433 725
1256 4384 1497 4441 flammae
1535 4390 1556 4457 ΙΙ
1595 4399 1693 4446 739
1732 4406 2005 4465 prosatur.
