3042 5192
601 480 738 549 406
1662 474 1759 541 VI

604 655 865 741 Glycera
897 701 910 713 .
957 671 1175 735 neque
1220 650 1531 713 ambrosia
1574 648 1767 732 quasi
1797 647 2106 712 Latinum
2145 645 2335 710 brevi
2377 670 2416 708 a
2460 645 2624 708 elisa
2657 645 2834 728 quis·

597 772 796 836 quam
824 751 1052 836 posuit
1071 798 1085 823 ‚
1116 769 1251 812 non
1282 747 1488 832 magis
1520 767 1721 830 quam
1748 747 2004 811 historia
2032 745 2140 809 vel
2166 743 2382 830 sophia
2411 791 2426 805 .
2471 764 2626 805 nam
2661 742 2835 805 Con-

598 848 803 914 radus
835 846 1290 911 Schneiderus
1329 846 1474 929 ipse
1516 845 1642 907 sibi
1685 853 1921 909 auctor
1952 854 2058 909 est
2086 893 2101 919 ‚
2148 864 2298 907 cum
2329 841 2494 905 dicit
2520 842 2592 904 in
2619 861 2834 925 gram·

600 947 839 1011 matica
870 945 1109 1010 Latina
1137 968 1200 1030 p.
1221 943 1303 1008 28
1334 968 1375 1007 a
1404 952 1718 1027 correpta
1747 944 2001 1008 historia
2030 952 2098 1007 et
2123 955 2254 1006 stoa
2287 989 2301 1003 .
2341 940 2598 1004 Instar-ia
2626 939 2733 1002 bis
2769 938 2836 1001 in

601 1044 994 1131 pentametri
1027 1042 1207 1105 exitu
1236 1041 1635 1126 Propertius
1665 1042 2056 1125 (Ausonium
2087 1040 2255 1103 enim
2284 1060 2424 1101 non
2455 1040 2648 1119 curo)
2668 1087 2684 1111 ,
2712 1048 2836 1099 stoa

600 1142 822 1206 nullus
846 1141 1135 1225 scriptor
1156 1138 1435 1203 Latinus
1465 1162 1627 1202 usus
1658 1148 1795 1202 est:
1815 1162 1983 1225 pyra
2001 1187 2018 1218 ‚
2052 1136 2238 1223 quod
2263 1136 2533 1200 tertium
2559 1133 2836 1197 Schnei-

604 1239 808 1303 derus
838 1239 1066 1325 posuit
1099 1287 1113 1312 ‚
1158 1237 1479 1321 corripuit
1511 1238 1911 1323 epitomator
1939 1234 2188 1300 Iliados
2223 1233 2417 1298 1053.
2458 1232 2653 1309 Gela,
2682 1233 2837 1295 item

604 1337 863 1415 Himera
892 1385 910 1416 ‚
957 1336 1295 1422 corripere
1326 1334 1524 1398 Silius
1555 1356 1757 1398 ausus
1799 1342 1905 1398 est
1933 1335 1997 1397 in
2029 1333 2307 1408 x1v‚218
2335 1330 2460 1395 233
2487 1378 2503 1403 ‚
2551 1330 2836 1393 Phaedra

607 1444 675 1499 et
707 1436 957 1500 Electra
988 1434 1247 1497 Seneca
1265 1482 1280 1507 ‚
1310 1432 1483 1496 idem
1518 1432 1812 1496 Oechalia
1838 1433 1908 1495 in
1937 1431 2228 1496 Hercule
2257 1430 2472 1494 altero
2502 1428 2626 1492 422
2645 1477 2662 1499 ‚
2692 1450 2836 1491 cum

607 1543 827 1597 tamen
860 1532 1123 1616 illeqara
1151 1531 1220 1594 in
1247 1529 1511 1594 furente
1542 1530 1665 1594 203
1700 1531 1860 1594 1009
1891 1531 2151 1594 Graeco
2181 1550 2366 1593 more
2398 1526 2675 1603 efferam
2711 1526 2836 1590 La-

607 1632 745 1695 tina
787 1620 1098 1692 mensura
1142 1630 1331 1713 eleyia
1363 1628 1619 1692 Statius
1662 1636 1730 1692 et
1759 1628 2085 1692 Martialis
2116 1677 2130 1690 .
2177 1625 2364 1712 quod
2406 1634 2648 1690 contra
2680 1624 2836 1688 Ovi·

607 1726 756 1791 dius
789 1775 805 1802 ,
850 1749 998 1790 cum
1040 1727 1318 1810 corripit
1346 1727 1479 1790 Dia
1515 1727 1583 1789 in
1625 1735 1772 1790 a¹rte
1801 1749 1844 1802 1,
1864 1725 2018 1802 528,
2053 1726 2223 1789 male
2253 1724 2461 1810 vulgo
2492 1724 2607 1786 Δία
2637 1723 2836 1786 scribi

608 1823 908 1888 ostendit
937 1848 952 1886 ι
997 1823 1307 1908 idemque
1351 1844 1498 1886 eum
1528 1827 1733 1889 Ascra
1763 1822 1924 1887 dicit
1953 1848 1993 1887 a
2026 1824 2218 1887 brevi
2246 1872 2262 1898 ‚
2305 1829 2601 1886 testatur
2631 1822 2835 1884 Grae-

607 1944 755 1987 cum
774 1922 1010 2006 ἈεκΡΗ
1043 1971 1057 1993 ,
1101 1920 1187 1984 de
1230 1943 1365 2007 quo
1412 1920 1581 1984 dixit
1609 1921 1983 1987 Meinekius
2012 1921 2102 1986 ad
2132 1920 2552 2006 Stephanum
2580 1920 2833 2006 Byzan-

608 2020 770 2083 tium
803 2042 869 2105 p.
893 2019 1027 2095 133,
1051 2018 1125 2082 12
1157 2068 1171 2082 .
1216 2040 1437 2103 neque
1469 2018 1754 2083 Ovidius
1799 2020 2090 2084 scribere
2131 2020 2356 2105 potuit
2396 2017 2588 2104 quod
2630 2028 2736 2081 est
2771 2018 2834 2081 in

611 2116 897 2202 epistula
923 2139 1087 2193 xva,
1111 2117 1228 2181 150
1272 2119 1497 2181 reccidit
1522 2117 1756 2181 Aethra
1793 2118 1945 2182 mihi
1968 2167 1986 2197 ,
2029 2128 2097 2182 et
2136 2117 2381 2181 ibidem
2413 2118 2492 2180 55
2523 2118 2661 2181 Da!
2697 2116 2835 2179 mila·

612 2215 791 2279 Leda
834 2216 1035 2280 Iovem
1066 2264 1084 2295 ‚
1134 2223 1201 2279 et
1242 2215 1310 2278 in
1348 2238 1495 2290 vm,
1527 2215 1609 2279 78
1655 2216 1834 2281 Leda
1875 2240 2170 2303 auramque
2210 2218 2410 2281 Iovem
2442 2266 2456 2280 .
2503 2215 2630 2280 sed
2676 2215 2832 2279 llaec

612 2334 812 2397 quam
840 2334 1051 2399 parvo
1082 2320 1243 2400 post
1273 2311 1584 2377 Ovidium
1615 2315 1936 2399 temporis
1963 2314 2313 2379 intervallo
2344 2316 2610 2400 peccari
2641 2335 2831 2402 eoep-

612 2421 753 2474 tum
798 2411 886 2474 sit
927 2409 1339 2478 ostendunt:
1377 2411 1522 2496 ipse
1565 2433 1702 2475 non
1745 2413 2015 2498 scripsit
2056 2434 2353 2477 amorum
2388 2436 2456 2487 11,
2473 2414 2534 2487 4,
2551 2413 2633 2476 42
2665 2414 2834 2477 Leda

596 2509 733 2595 suit
758 2556 775 2587 ,
822 2507 945 2572 sed
978 2508 1164 2594 Lyda
1184 2508 1320 2595 fuit
1355 2511 1540 2593 niqra
1581 2512 2003 2595 conspicienda
2043 2533 2269 2592 coma,·
2310 2532 2530 2596 neque
2572 2512 2641 2575 in
2680 2512 2834 2574 artis

612 2629 653 2677 1,
673 2605 793 2668 744
832 2606 1137 2685 Quantum
1167 2608 1254 2671 ad
1279 2606 1653 2686 Pirithoum,
1683 2608 1973 2673 Phaedra
1991 2609 2403 2696 pudicafaiss
2434 2607 2559 2673 sed
2597 2610 2834 2674 Cressa.

613 2701 795 2786 apud
839 2710 1102 2767 veteres
1143 2704 1212 2766 in
1254 2703 1388 2768 hoc
1430 2727 1676 2791 genere
1715 2727 1956 2792 magna
1983 2705 2110 2771 fuit
2136 2731 2179 2770 a
2207 2707 2466 2771 litterae
2496 2729 2538 2771 a
2569 2707 2836 2770 Graecis

614 2798 986 2887 productae
1018 2801 1398 2866 observatio
1417 2852 1434 2878 ‚
1465 2824 1863 2888 quamquam
1893 2825 2036 2867 eam
2059 2802 2305 2867 elidere
2335 2802 2673 2869 interdum
2699 2805 2835 2868 ausi

615 2905 774 2961 sunt
803 2945 818 2972 ‚
871 2906 948 2961 ut
990 2896 1270 2963 Plautus
1318 2899 1389 2963 in
1430 2900 1921 2987 Amphitruone
1959 2900 2197 2977 v‚1‚25
2249 2903 2384 2967 Tua
2423 2903 2694 2967 Bromia
2732 2928 2835 2967 aa·

616 2996 761 3059 cilla
792 3043 808 3070 ‚
848 2994 1157 3080 idemque
1187 2998 1511 3062 Palaestra
1553 2999 1821 3084 saepius
1862 3001 1931 3063 in
1957 2998 2272 3064 Rudente
2300 3049 2314 3064 .
2359 3000 2485 3064 sed
2509 3002 2583 3065 in
2613 3001 2836 3064 eadem

616 3116 659 3168 1,
676 3093 736 3168 4,
758 3094 832 3157 17
874 3092 1108 3158 addito
1146 3119 1223 3160 ne
1261 3096 1683 3161 scribendum
1725 3106 1891 3183 puto
1925 3093 2274 3184 Ampelisca
2303 3148 2318 3162 .
2362 3099 2498 3162 hem
2539 3102 2681 3186 qni-5
2719 3097 2838 3164 est?

616 3193 723 3277 eqo
742 3240 756 3254 .
802 3192 1199 3258 Palaestram
1227 3191 1258 3257 2
1297 3216 1433 3257 eum
1457 3219 1481 3273 ,-
1518 3202 1597 3258 ut
1623 3195 1693 3257 in
1720 3194 2006 3280 Epidico
2037 3196 2302 3271 1v‚1‚40
2331 3195 2467 3261 Fa'c
2491 3198 2765 3275 videam,
2787 3199 2838 3260 si

615 3290 715 3352 me
752 3291 843 3353 vis
887 3291 1083 3355 vivere
1111 3339 1125 3353 .
1176 3290 1283 3354 elio
1324 3291 1501 3354 istinc
1531 3340 1549 3372 ‚
1597 3292 1906 3357 Canthara
1937 3341 1956 3372 ,
1998 3295 2138 3358 iube
2169 3343 2183 3358 .
2233 3293 2395 3379 quid
2437 3294 2630 3379 quod
2670 3294 2838 3358 idem

618 3389 821 3451 Aetna
846 3410 1018 3452 mons
1057 3386 1147 3451 ad
1187 3388 1483 3474 regulam
1520 3411 1660 3452 non
1705 3392 2052 3455 revocavit
2079 3441 2095 3465 ,
2139 3390 2260 3456 sed
2302 3392 2398 3456 ita
2425 3402 2507 3456 ut
2533 3393 2774 3477 vulgus
2800 3414 2838 3456 a

621 3484 860 3547 Siculis
908 3484 1237 3552 didicerat
1275 3488 1400 3551 sibi
1448 3485 1806 3551 dicendum
1847 3489 2110 3575 putavit
2140 3537 2155 3564 ‚
2213 3490 2279 3553 in
2321 3490 2536 3554 Milite
2585 3492 2840 3569 1v,2,73

619 3603 821 3644 versu
851 3586 1280 3668 anapaestico
1311 3634 1326 3660 ‚
1366 3608 1462 3649 ΡΥ
1494 3635 1508 3648 .
1561 3586 1621 3649 T
1611 3609 1717 3649 um
1746 3588 1980 3670 arye'na’
2005 3609 2177 3651 mons
2207 3635 2222 3650 .
2267 3609 2362 3652 ΡΑ
2392 3636 2408 3651 .
2443 3611 2594 3652 nam
2619 3596 2842 3654 massas

620 3678 826 3757 habet,
856 3683 1057 3744 Aetna
1084 3704 1257 3745 mans
1282 3706 1403 3747 non
1432 3706 1624 3769 aeque
1650 3684 1860 3747 cilia-st.
1899 3705 2116 3769 pauca
2141 3686 2270 3749 iam
2298 3693 2439 3749 tum
2467 3687 2840 3751 mutabant:

624 3777 905 3862 primum
951 3797 1030 3839 ea
1069 3778 1140 3839 in
1185 3780 1426 3862 quibus
1467 3779 1929 3866 diphthongos
1972 3792 2077 3845 est
2108 3832 2124 3857 ‚
2163 3790 2243 3846 ut
2280 3784 2468 3847 Troia
2498 3833 2516 3861 ‚
2561 3794 2638 3849 ut
2667 3781 2840 3871 apud

624 3872 942 3938 Ovidium
974 3922 989 3948 ‚
1020 3873 1361 3941 Valerium
1390 3878 1700 3943 Flaccum
1729 3927 1744 3954 ‚
1787 3878 2168 3943 Iuvenalem
2199 3927 2214 3953 ‚
2257 3882 2523 3945 Astraea
2537 3907 2564 3963 ‚-
2607 3880 2840 3945 deinde

625 3971 1029 4057 appellativa
1069 3974 1397 4058 quaedam
1437 3999 1566 4041 usu
1594 3976 1835 4040 Latino
1868 3976 2020 4040 olim
2050 3978 2210 4041 trita
2239 4026 2254 4052 ‚
2295 3986 2372 4041 ut
2391 4001 2684 4063 purpura
2711 4027 2730 4055 ,
2768 3988 2839 4040 ut

624 4071 934 4135 comoedia
963 4071 1124 4155 luyet
1162 4072 1229 4135 in
1264 4096 1468 4139 versu
1495 4074 1886 4138 hexametro
1914 4074 2165 4145 Plauti,
2205 4075 2360 4139 item
2391 4075 2548 4139 hora
2577 4077 2714 4163 lyra
2737 4076 2836 4159 Ity-

624 4170 743 4233 ἀνα
758 4178 943 4253 petra
972 4192 1131 4233 aura
1162 4219 1176 4245 ‚
1221 4172 1580 4257 ‚symphonia
1607 4171 1870 4236 Horatii
1898 4220 1915 4247 ‚
1959 4171 2140 4260 apud
2173 4172 2486 4237 Ovidium
2517 4174 2832 4259 pharetra,-

614 4290 776 4351 pera
805 4265 988 4353 apud
1010 4266 1383 4333 Martialem
1411 4292 1549 4345 mv,
1566 4270 1642 4333 81
1664 4317 1680 4344 ‚
1713 4291 2111 4355 quamquam
2140 4271 2250 4336 hie
2272 4271 2452 4335 Leda
2482 4291 2744 4356 quoque
2769 4276 2828 4329 et

628 4363 838 4449 Hyyia
866 4365 1128 4449 (11‚60)
1161 4367 1485 4451 corripuit
1517 4417 1531 4429 .
1578 4368 1806 4452 itaque
1845 4370 2192 4434 Cassandra
2220 4368 2458 4433 Latine
2502 4368 2827 4433 dicebatur

624 4469 701 4523 ut
730 4463 1084 4526 Alexander
1113 4473 1181 4528 et
1211 4465 1548 4530 Euandms
1574 4514 1593 4546 ,
1638 4466 2004 4552 eademque
2034 4466 2456 4532 similitudine
2494 4468 2826 4552 Cleopatra,-
