3042 5192
212 1765 418 1888 ἔλιπε
437 1824 564 1889 1108
584 1825 763 1889 mille
789 1847 1003 1890 annos
1026 1827 1096 1890 in
1126 1826 1415 1912 quadam
1445 1829 1634 1914 regni
1656 1828 1958 1893 Francici
1985 1839 2181 1917 parte
2209 1854 2412 1897 unum

210 1932 528 2009 supererat
551 1923 936 1988 Lucretiani
967 1926 1272 1990 carminis
1303 1928 1645 2013 exemplar
1674 1929 2018 2014 antiquum
2036 1980 2050 2006 ‚
2077 1951 2113 1992 e
2143 1952 2279 2016 quo
2305 1953 2412 1995 ce-

210 2029 367 2096 tera,
394 2042 670 2107 quorum
698 2030 860 2107 post
884 2022 1000 2087 illa
1028 2034 1335 2110 tempora
1362 2028 1681 2090 memoria
1705 2025 1866 2103 fuit,
1900 2025 2194 2092 deducta
2223 2038 2413 2104 sunt3

210 2120 323 2182 nisi
356 2119 523 2183 forte
579 2141 729 2183 eum
772 2121 997 2185 librum
1040 2121 1320 2186 Luci-etii
1367 2146 1560 2187 unum
1599 2144 1798 2208 quem
1840 2127 2109 2188 saeculo
2153 2125 2412 2189 decimo

210 2217 545 2283 Bobienses
576 2238 651 2281 se
679 2217 934 2282 habere
966 2219 1383 2305 scripserunt
1420 2221 1490 2282 in
1521 2221 1832 2305 catalogo
1863 2242 1904 2284 a
1930 2222 2305 2286 Muratorio
2347 2223 2416 2285 in

210 2316 707 2401 Antiquitatibus
734 2316 983 2381 Italicis
1014 2315 1230 2393 edito,
1274 2323 1458 2381 tomo
1508 2340 1587 2380 111
1616 2341 1679 2405 p.
1694 2317 1846 2393 820,
1889 2325 1959 2382 et
2012 2319 2232 2404 ipsum
2285 2319 2417 2382 iam

208 2423 343 2478 tunc
380 2414 723 2499 antiquum
760 2413 968 2479 fuisse
1012 2415 1339 2500 suspicari
1356 2415 1696 2479 volumuS.
1723 2423 1905 2480 certe
1933 2416 2132 2481 huius
2159 2417 2411 2481 nullum

209 2534 457 2598 usquam
509 2520 700 2577 extat
749 2513 1101 2599 vestigium
1129 2537 1143 2576 :
1194 2535 1279 2577 ex
1330 2513 1442 2578 illo
1489 2535 1688 2599 quem
1732 2515 1803 2578 in
1843 2536 2053 2602 regno
2084 2515 2411 2580 Francico

208 2609 384 2675 fiiisse
424 2610 728 2675 dicebam
778 2610 966 2675 multi
1019 2611 1235 2676 tribus
1263 2661 1279 2686 ,
1329 2621 1651 2696 quantum
1708 2634 2118 2700 cognoscere
2172 2602 2412 2701 possu-

210 2729 360 2784 mus,
394 2708 712 2795 exemplis
753 2707 1073 2796 descripti
1114 2717 1301 2774 sunt.
1336 2709 1409 2773 id
1456 2711 1797 2798 exemplar
1851 2720 2226 2778 ceterorum
2272 2735 2413 2775 AR-

211 2829 618 2870 cnnrrrou
675 2809 802 2892 (ita
856 2808 1196 2894 appellare
1255 2808 1480 2894 soleo)
1533 2810 1837 2874 constitit
1890 2811 2152 2896 paginis
2211 2832 2382 2875 occu
2401 2857 2417 2884 ‚

211 2924 463 2988 quarum
481 2927 622 2969 non
640 2914 903 2971 tantum
923 2908 1137 2993 prima
1159 2915 1229 2972 et
1246 2907 1477 2971 ultima
1492 2957 1507 2983 ,
1531 2906 1655 2971 sed
1676 2916 2031 2994 praeterea
2053 2908 2416 2972 centesima

208 3005 638 3090 nonagesima,
674 3025 848 3090 quae
888 3013 1033 3070 erat
1073 3013 1234 3093 post
1273 3005 1472 3069 finem
1512 3006 1663 3070 libri
1693 3007 1916 3090 quarti
1937 3055 1952 3081 ,
1994 3006 2418 3090 conscriptae

208 3119 325 3164 non
349 3101 642 3167 fuerunt:
663 3103 820 3167 item
847 3125 983 3167 una
1009 3105 1079 3178 in
1106 3104 1277 3169 libro
1307 3104 1520 3190 primo
1539 3153 1554 3179 ,
1575 3111 1653 3167 ut
1682 3101 1897 3166 dicam
1927 3102 2015 3167 ad
2041 3102 2239 3165 huius
2267 3123 2418 3164 ver-

207 3219 333 3262 sum
358 3200 540 3276 1093,
563 3222 777 3264 vacua
800 3200 927 3265 fuit
954 3201 1216 3266 relicta:
1237 3202 1306 3264 in
1334 3201 1611 3286 reliquis
1638 3200 1913 3264 fuerunt
1937 3221 2177 3265 versus
2196 3200 2417 3285 vigeni

209 3297 359 3372 seni,
388 3298 453 3361 in
493 3297 723 3362 ultima
750 3299 899 3364 libri
932 3300 1253 3384 cuiusque
1296 3300 1682 3386 pauciores.
1727 3320 1933 3385 porro
1974 3299 2116 3362 eius
2161 3295 2418 3361 codicis

208 3395 583 3481 scripturam
610 3397 849 3462 litteris
879 3397 1274 3484 capitalibus
1313 3398 1775 3483 gracilioribus
1790 3447 1804 3473 ,
1837 3418 1978 3461 non
2011 3396 2383 3460 uncialibus
2399 3445 2415 3472 ‚

204 3490 387 3557 fuisse
408 3495 631 3559 multis
651 3494 913 3559 indiciis
938 3495 1256 3580 cognosci
1283 3502 1542 3580 potest:
1563 3495 2049 3559 vocabulorum
2078 3492 2420 3557 distinctio

205 3591 365 3654 nulla
388 3592 536 3669 fuit,
559 3594 1037 3658 sententiarum
1061 3593 1607 3657 constantissima
1625 3594 1695 3657 in
1715 3591 1952 3657 mediis
1968 3592 2309 3656 versibus.
2336 3612 2421 3654 ex

207 3689 426 3771 quibus
464 3692 670 3758 rebus
701 3692 1111 3778 intellegitur
1134 3713 1283 3755 eum
1320 3692 1589 3763 saeculo
1623 3699 1784 3777 post
1820 3690 2159 3754 Christum
2188 3697 2420 3753 natum

205 3797 425 3869 quarto
461 3790 785 3874 quintove
828 3790 1284 3876 conscriptum
1322 3789 1530 3854 fuisse
1545 3837 1560 3864 ‚
1583 3786 1986 3874 Vergilianis
2031 3788 2421 3873 exemplari-

204 3881 317 3948 bus
338 3936 352 3961 ,
385 3908 557 3973 quae
605 3910 689 3952 ex
721 3910 801 3953 eo
842 3909 1087 3974 genere
1127 3893 1521 3974 supersunt,
1557 3886 1980 3950 simillimum.
2035 3886 2171 3950 hoc
2199 3893 2424 3949 tamen

203 3985 633 4050 confitendum
677 3993 783 4050 est
804 4035 820 4062 ‚
856 4006 1077 4071 neque
1120 3983 1458 4050 librarium
1498 4006 1640 4048 rem
1679 4006 1869 4049 suam
1913 3984 2077 4048 satis
2119 3982 2422 4048 studiose

204 4082 425 4166 egisse,
456 4105 679 4170 neque
721 4094 1173 4160 correctores,
1212 4105 1385 4169 quos
1427 4084 1495 4146 in
1537 4083 1706 4147 libro
1752 4081 2151 4169 expoliendo
2198 4103 2426 4145 curam
2509 4115 2518 4120 ·

203 4179 552 4247 collocasse
592 4190 908 4270 apparet,
940 4183 1150 4247 multa
1187 4184 1273 4247 ab
1311 4182 1424 4246 illo
1462 4189 1745 4268 peccata
1787 4180 2208 4246 emendasse:
2243 4187 2424 4244 certe

201 4296 285 4339 ne
306 4300 501 4344 unum
530 4280 800 4366 quidem
830 4303 916 4345 ex
936 4283 1017 4346 iis
1044 4282 1352 4346 versibus
1383 4302 1559 4366 quos
1589 4282 1924 4346 omisisset
1951 4280 2422 4350 restituerunt3

201 4381 272 4436 ut
289 4376 636 4443 videantur
657 4378 818 4443 mihi
840 4378 1141 4444 codicem
1159 4401 1350 4444 suum
1365 4429 1380 4455 ,
1400 4387 1479 4443 ut
1499 4378 1644 4443 fere
1667 4378 1981 4444 dicebant
1997 4428 2011 4454 ‚
2037 4377 2177 4441 sine
2204 4394 2423 4438 exem-

204 4471 405 4556 plario
433 4476 673 4562 legisse
713 4484 781 4542 et
818 4487 895 4543 ut
934 4480 1278 4564 potuerint
1319 4477 1741 4542 emendasse.
1937 4574 1968 4636 l
