3042 5192
1265 437 1366 508 VI
2287 451 2428 520 243

229 613 481 703 proinde
508 615 623 680 ubi
651 634 723 680 se
753 614 1007 679 caelum
1040 613 1228 699 quod
1256 615 1467 681 nobis·
1480 616 1659 682 forte
1689 616 1971 683 alienum

102 747 195 794 1120
228 737 568 795 commovet
594 739 799 816 atque
829 735 944 794 aer
970 729 1273 795 inimicus
1302 752 1575 818 serpere
1605 734 1830 820 coepit
1848 782 1864 810 ,

225 854 291 910 ut
310 845 539 910 nebula
566 866 647 908 ac
674 846 889 909 nubes
916 845 1239 931 paulatim
1265 846 1441 932 repit
1468 854 1541 910 et
1568 868 1763 912 omne

229 980 341 1046 qua
363 958 657 1045 graditur
687 959 1049 1025 conturbat
1078 968 1150 1023 et
1174 960 1521 1025 immutare
1553 968 1823 1027 coactat
1837 1011 1853 1038 ‚

226 1074 288 1138 fit
310 1095 565 1160 quoque
593 1085 670 1140 ut
687 1123 703 1151 ,
723 1076 794 1139 in
818 1081 1125 1140 nostrum
1155 1095 1306 1138 cum
1334 1076 1520 1140 venit
1549 1074 1840 1162 denique
1870 1079 2123 1143 caelum
2144 1129 2158 1154 ‚

226 1197 573 1276 corrumpat
599 1188 977 1275 reddatque
1008 1190 1111 1254 sui
1140 1189 1348 1254 simile
1378 1198 1586 1276 atque
1615 1191 1931 1256 alienum.

105 1318 193 1365 1125
224 1302 366 1368 haec
389 1305 585 1391 igitur
613 1279 839 1369 subito
869 1303 1098 1369 clades
1125 1325 1304 1370 nova
1329 1304 1798 1392 pestilitasque

227 1420 407 1484 autin
432 1441 641 1506 aquas
672 1418 855 1485 cadit
881 1426 999 1484 aut
1023 1417 1253 1505 fruges
1280 1420 1566 1506 persidit
1591 1421 1660 1484 in
1687 1423 1871 1508 ipsas

225 1542 322 1599 aut
344 1535 499 1600 alios
526 1534 868 1600 hominum
896 1543 1137 1622 pastus
1166 1534 1637 1621 pecudumque
1669 1537 1928 1602 cibatus
1948 1588 1963 1613 ‚

224 1651 525 1715 autetiam
553 1671 886 1737 suspensa
910 1658 1140 1716 manet
1163 1651 1268 1716 vis
1297 1657 1451 1716 aere
1476 1652 1549 1715 in
1577 1652 1727 1738 ipso
1746 1702 1763 1729 ‚

226 1773 308 1841 et,
327 1787 461 1837 cum
487 1766 823 1854 spirantes
849 1766 1094 1831 mixtas
1122 1765 1282 1831 hinc
1309 1765 1611 1831 ducimus
1640 1787 1842 1831 auras
1860 1817 1878 1844 ‚

102 1893 191 1940 11³0
221 1878 316 1943 illa
341 1902 593 1966 quoque
620 1882 694 1945 in
724 1903 970 1968 corpus
999 1882 1252 1968 pariter
1281 1882 1558 1948 sorbere
1586 1891 1964 1947 necessest.

225 1995 506 2059 consimili
530 1996 795 2061 ratione
822 1997 1009 2061 venit
1036 1997 1256 2061 bubus
1288 2018 1559 2084 quoque
1589 2018 1792 2083 saepe

220 2109 509 2194 pestilitas
537 2120 606 2177 et
634 2112 768 2175 iam
792 2111 1002 2198 pigris
1029 2111 1412 2178 balantibus
1442 2132 1685 2196 aegror
1701 2162 1715 2176 .

220 2244 325 2287 nec
348 2225 537 2290 refert
562 2235 791 2292 utrum
818 2249 945 2292 nos
972 2228 1042 2291 in
1069 2227 1221 2292 loca
1250 2226 1680 2292 deveniamus

218 2338 381 2404 nobis
406 2338 693 2406 adversa
720 2349 790 2407 et
816 2342 980 2407 caeli
1007 2350 1340 2408 mutemus
1369 2342 1678 2406 amictum
1697 2389 1714 2418 ,

98 2466 187 2512 1135
219 2473 290 2516 an
313 2455 545 2520 caelum
572 2458 774 2522 nobis
800 2457 978 2524 ultro
1008 2466 1254 2524 natura
1281 2464 1586 2522 coortum

219 2565 445 2636 deferat
469 2579 587 2637 aut
616 2572 869 2659 aliquid
900 2594 1036 2659 quo
1064 2595 1202 2639 non
1232 2572 1699 2639 consuevimus
1727 2574 1825 2638 uti
1843 2622 1858 2644 ,

217 2682 375 2768 quod
398 2708 519 2752 nos
547 2686 851 2752 adventu
876 2689 1099 2775 possit
1124 2694 1455 2776 temptare
1482 2688 1736 2753 recenti
1754 2737 1768 2751 .

282 2798 449 2865 Haec
473 2803 651 2868 ratio
683 2801 1024 2889 quondam
1051 2804 1436 2869 morborum
1466 2809 1539 2867 et
1564 2803 1778 2867 morti’
1806 2802 1972 2866 ferai

215 2912 422 2982 finibus
447 2918 515 2981 in
544 2917 870 3006 Cecropis
897 2918 1207 2983 funestos
1232 2916 1537 2983 reddidit
1564 2937 1766 3002 agros

94 3038 181 3087 1110
214 3033 606 3119 vastavitque
631 3034 777 3098 vias
794 3082 811 3110 ,
834 3033 1145 3104 exhausit
1172 3033 1427 3098 civibus
1455 3033 1694 3096 urbem
1711 3079 1725 3092 .

214 3164 342 3208 nam
366 3149 630 3233 penitus
657 3148 933 3212 veniens
960 3148 1255 3236 Aegypti
1279 3147 1501 3211 finibu'
1533 3143 1804 3208 morbus
1823 3192 1838 3217 ‚

208 3262 342 3323 aera
365 3283 752 3348 permensus
778 3263 1055 3328 multum
1084 3281 1491 3347 camposque
1518 3257 1816 3323 natantis
1834 3307 1849 3333 ,

213 3371 478 3442 incubuit
504 3376 782 3443 tandem
807 3377 1062 3464 populo
1091 3374 1459 3441 Pandionis
1489 3374 1707 3438 omnei
1726 3424 1740 3436 .
1865 3417 1872 3424 ·

208 3485 341 3554 inde
367 3492 752 3558 catervatim
778 3492 1015 3556 morbo
1044 3490 1379 3575 mortique
1409 3487 1775 3553 dabantur.

90 3609 177 3660 1115
208 3604 501 3692 principio
532 3614 739 3694 caput
764 3607 1109 3671 incensum
1133 3604 1403 3670 fervore
1430 3603 1760 3689 gerebant

207 3727 265 3780 et
287 3717 558 3808 duplicis
589 3722 822 3787 oculos
850 3721 1103 3787 suffusa
1127 3721 1278 3785 luce
1305 3720 1654 3784 rubentes.

208 3831 515 3902 sudabant
544 3837 743 3902 etiam
770 3835 1002 3902 fauces
1028 3836 1428 3901 intrinsecus
1459 3841 1646 3898 atrae

218 4144 327 4194 1119
359 4144 622 4199 aelenum.
660 4146 681 4218 ΙΙ
722 4152 847 4199 1121
876 4148 964 4200 Ve
1000 4144 1020 4218 ΙΙ
1061 4152 1190 4199 1122
1226 4142 1466 4215 graditus
1501 4143 1790 4196 conturbas
1831 4142 1851 4212 ΙΙ
1894 4147 2023 4193 1124
2057 4139 2351 4211 reddetque
2389 4141 2408 4210 ΙΙ

216 4226 323 4276 1125
359 4228 710 4300 catiliusque.
759 4229 781 4299 ΙΙ
834 4236 961 4284 1132
998 4229 1291 4283 celantibus
1329 4227 1351 4301 ΙΙ
1392 4234 1518 4281 1135
1557 4228 1696 4281 uitro
1735 4225 1756 4298 ss
1794 4232 2155 4297 corumptum.
2201 4221 2222 4292 ΙΙ
2281 4229 2409 4275 1138

210 4309 516 4365 mortiferae.
553 4311 575 4382 ΙΙ
617 4319 743 4367 1139
780 4314 1014 4385 cecropit
1053 4311 1073 4384 ΙΙ
1116 4319 1239 4368 1141
1281 4311 1459 4364 venies
1496 4311 1517 4378 ΙΙ
1557 4318 1734 4364 ortus.
1771 4308 1793 4380 Η
1832 4315 1962 4363 1143
2001 4324 2233 4362 omnem.

1891 4409 2003 4472 16·
