3042 5192
639 453 775 521 160
1714 450 1782 516 V

632 648 785 691 nam
815 626 984 691 bene
1008 626 1120 711 qui
1152 623 1449 689 didicere
1480 623 1648 690 deos
1679 646 1987 690 securum
2017 646 2217 712 agere
2249 649 2520 704 aevom,

635 743 691 806 si
720 750 942 806 tamen
967 740 1225 805 interea
1251 740 1577 805 mirantur
1608 762 1742 824 qua
1767 742 2027 805 ratione

636 876 942 942 quaeque
970 856 1111 941 geri
1139 853 1407 940 possint
1424 903 1440 929 ‚
1462 855 1856 940 praesertim
1883 856 2090 921 rebus
2117 858 2185 921 in
2212 857 2342 922 illis

521 989 585 1034 85
631 992 802 1057 quae
832 991 1077 1056 supera
1108 978 1312 1056 caput
1340 968 1655 1034 aetheriis
1685 978 2049 1035 cernuntur
2076 971 2146 1034 in
2176 972 2314 1036 oris
2334 1021 2349 1046 ‚

634 1108 868 1150 rursus
895 1085 965 1149 in
994 1086 1303 1170 antiquas
1333 1084 1716 1149 referuntur
1741 1085 2098 1171 religiones
2116 1135 2133 1162 ‚

636 1210 703 1266 et
733 1200 1041 1265 dominos
1070 1200 1242 1264 acris
1272 1198 1659 1264 adsciscunt
1675 1248 1691 1276 ,
1716 1200 1938 1264 omnia
1963 1222 2168 1286 posse

635 1338 808 1403 quos
836 1315 1058 1379 miseri
1086 1313 1371 1379 credunt
1389 1363 1404 1390 ‚
1424 1315 1639 1400 ignari
1670 1313 1833 1399 quid
1863 1322 2067 1400 queat
2096 1337 2245 1380 esse
2263 1364 2279 1392 ‚

636 1405 800 1517 quid
829 1437 1119 1515 nequeat
1136 1478 1152 1506 ,
1173 1429 1360 1493 finita
1387 1437 1695 1513 potestas
1727 1427 2017 1515 denique
2048 1431 2288 1516 cuique

521 1564 587 1611 90
632 1567 766 1632 qua
794 1566 945 1609 nam
977 1545 1065 1608 sit
1091 1544 1350 1607 ratione
1381 1550 1587 1629 atque
1618 1545 1750 1609 alte
1779 1546 2103 1610 terminus
2129 1544 2417 1612 haerens
2437 1596 2452 1609 .

723 1657 928 1740 Quod
957 1680 1160 1744 super
1192 1665 1329 1733 est,
1351 1679 1437 1722 ne
1466 1667 1537 1722 te
1565 1659 1633 1722 in
1661 1661 2011 1746 promissis
2039 1659 2237 1746 plura
2262 1682 2625 1730 moremur.

637 1774 964 1861 principio
994 1774 1199 1838 maria
1227 1795 1305 1837 ac
1334 1780 1553 1838 terras
1583 1775 1973 1860 caelumque
2003 1783 2225 1853 tuere3

642 1910 928 1976 quorum
955 1895 1261 1953 naturam
1288 1889 1617 1975 triplicem
1635 1938 1651 1964 ‚
1675 1889 1804 1953 tria
1833 1911 2121 1975 corpora
2137 1939 2153 1968 ‚
2175 1890 2478 1966 Memmi,

640 2005 761 2069 tris
791 2003 1050 2089 species
1080 2012 1215 2068 tam
1245 2002 1579 2068 dissimilis
1599 2054 1614 2080 ‚
1637 2005 1764 2068 tria
1793 2005 1952 2068 talia
1980 2012 2170 2069 texta
2187 2054 2214 2082 λ

526 2138 591 2183 95
635 2141 770 2184 una
798 2117 943 2182 dies
975 2116 1162 2182 dabit
1192 2118 1394 2182 exitio
1414 2166 1431 2193 ‚
1452 2119 1832 2205 multosque
1861 2140 1984 2204 per
2014 2141 2228 2183 annos

642 2239 1023 2299 sustentata
1047 2241 1200 2297 ruet
1227 2232 1436 2296 moles
1468 2240 1537 2297 et
1562 2232 1870 2298 machina
1896 2234 2123 2298 mundi
2141 2279 2155 2296 .

639 2371 764 2413 nec
792 2370 897 2412 me
925 2348 1122 2412 animi
1148 2345 1319 2411 fallit
1348 2369 1549 2433 quam
1576 2370 1685 2413 res
1714 2370 1893 2412 nova
1919 2349 2218 2433 miraque
2245 2349 2450 2413 menti

641 2462 905 2529 accidat
935 2462 1205 2526 exitium
1237 2462 1403 2526 caeli
1429 2471 1785 2549 terraeque
1812 2461 2108 2528 futurum
2124 2512 2140 2538 ‚

644 2587 713 2643 et
742 2599 946 2663 quam
976 2575 1242 2641 difficile
1269 2576 1342 2640 id
1370 2577 1530 2641 mihi
1559 2578 1648 2644 sit
1673 2579 2066 2663 pervincere
2098 2577 2329 2654 dictis3

491 2710 585 2757 100
639 2700 717 2757 ut
742 2692 817 2756 fit
843 2692 958 2755 ubi
984 2692 1316 2757 insolitam
1344 2713 1483 2756 rem
1513 2691 1837 2778 adportes
1866 2693 2137 2757 auribus
2165 2699 2321 2756 ante
2339 2741 2355 2768 ‚

642 2829 768 2872 nec
798 2814 1022 2871 tamen
1050 2806 1225 2871 hanc
1253 2809 1476 2893 possis
1505 2808 1852 2872 oculorum
1880 2806 2172 2872 subdere
2200 2808 2348 2872 visu

646 2943 771 2986 nec
799 2922 1018 2986 iacere
1044 2920 1211 2985 indu
1239 2944 1473 2987 manus
1491 2971 1508 2998 ‚
1531 2923 1641 2987 via
1672 2943 1806 3007 qua
1832 2923 2088 2987 munita
2114 2922 2269 2986 fidei

639 3037 945 3124 proxima
972 3037 1105 3102 fert
1130 3037 1491 3102 humanum
1521 3038 1590 3101 in
1617 3044 1860 3123 pectus
1889 3037 2271 3123 templaque
2299 3037 2539 3102 mentis
2557 3086 2572 3099 .

644 3152 768 3217 sed
797 3162 1017 3218 tamen
1049 3152 1302 3217 effabor
1322 3202 1335 3216 .
1362 3150 1561 3216 dictis
1594 3151 1784 3217 dabit
1809 3153 1960 3238 ipsa
1985 3151 2185 3216 fidem
2210 3173 2324 3216 res
2342 3201 2359 3226 ‚

494 3285 587 3332 105
642 3266 927 3333 forsitan
946 3317 961 3343 ,
986 3275 1055 3333 et
1080 3268 1376 3354 graviter
1404 3275 1736 3331 terrarum
1763 3267 2056 3332 motibus
2086 3267 2253 3331 ortis

644 3382 863 3446 omnia
891 3382 1329 3468 conquassari
1356 3382 1424 3445 in
1449 3403 1664 3467 parvo
1692 3390 1996 3467 tempore
2027 3402 2261 3445 cernes
2282 3429 2296 3444 .

648 3495 834 3581 quod
860 3497 1101 3582 procul
1127 3517 1167 3561 a
1194 3496 1389 3560 nobis
1418 3495 1647 3561 flectat
1673 3495 1947 3560 fortuna
1972 3497 2353 3582 gubernans
2370 3543 2385 3570 ‚

647 3619 716 3675 et
743 3611 914 3675 ratio
943 3611 1169 3696 potius
1203 3632 1399 3696 quam
1428 3632 1540 3676 res
1567 3609 1978 3697 persuadeat
2003 3611 2153 3697 ipsa

646 3725 991 3790 succidere
1020 3725 1377 3790 horrisono
1406 3747 1615 3812 posse
1646 3726 1867 3790 omnia
1893 3725 2072 3791 victa
2098 3725 2368 3812 fragore
2389 3774 2403 3787 .

495 3858 588 3904 110
730 3841 907 3925 [Qua
933 3841 1121 3927 prius
1152 3840 1512 3927 adgrediar
1543 3862 1740 3926 quam
1772 3839 1857 3903 de
1886 3861 1960 3904 re
1988 3837 2273 3904 fundere
2300 3837 2442 3903 fata

645 3956 941 4020 sanctius
973 3964 1040 4020 et
1067 3956 1277 4021 multo
1309 3965 1493 4022 certa
1520 3955 1781 4020 ratione
1809 3955 2019 4040 magis
2050 3975 2249 4039 quam

642 4069 892 4158 Pythia
921 4092 1093 4156 quae
1123 4070 1392 4157 tripode
1423 4094 1463 4137 a
1488 4069 1750 4135 Phoebi
1776 4069 2103 4154 lauroque
2131 4067 2439 4153 profatur
2456 4117 2472 4142 ‚

566 4177 579 4190 “
646 4185 853 4250 multa
880 4186 999 4250 tibi
1031 4184 1380 4270 expediam
1410 4186 1630 4251 doctis
1661 4184 1909 4249 solacia
1940 4183 2172 4260 dictis3

654 4434 716 4481 85
754 4429 985 4483 aetheris
1025 4429 1044 4501 ΙΙ
1088 4436 1181 4482 100
1220 4430 1489 4484 insolitum
