3042 5192
593 434 733 501 210
1661 432 1758 499 vl

590 608 670 670 fit
702 627 969 692 quoque
998 614 1076 669 ut
1100 607 1277 671 inter
1308 605 1464 669 dum
1496 603 1699 669 validi
1728 606 1831 668 vis
1861 605 2068 670 incita
2094 609 2278 672 venti

590 719 981 806 perscindat
1010 722 1252 783 nubem
1280 720 1705 805 perfringens
1725 721 1982 805 -impete
2011 728 2236 786 recto:

592 857 745 899 nam
777 833 940 919 quid
966 835 1187 919 possit
1213 835 1305 898 ibi
1334 833 1534 898 ssatus
1564 835 1914 899 manifesta
1945 834 2150 900 docet
2177 857 2316 910 res»,

442 968 535 1014 140
591 949 700 1013 hic
719 999 735 1024 ‚
756 949 870 1013 ubi
899 949 1111 1012 lenior
1142 957 1248 1013 est
1266 998 1281 1024 ‚
1302 950 1372 1012 in
1402 956 1586 1013 terra
1614 971 1764 1012 cum
1793 956 2018 1012 tamen
2046 950 2182 1014 alta

592 1064 868 1128 arbusta
899 1063 1213 1127 evolvens
1243 1062 1583 1129 radicibus
1610 1063 1838 1127 haurit
1866 1064 1951 1128 ab
1979 1065 2157 1128 imis.

592 1186 751 1242 sunt
782 1178 977 1242 etiam
1004 1176 1248 1241 fluctus
1274 1200 1400 1263 per
1428 1178 1656 1243 nubila
1673 1226 1687 1253 ‚
1714 1178 1828 1263 qui
1861 1178 2054 1263 quasi
2080 1200 2374 1243 murmur

593 1293 758 1358 dant
784 1294 853 1355 in
882 1291 1256 1377 frangendo
1287 1295 1617 1378 graviter3
1642 1290 1829 1377 quod
1855 1294 2014 1356 item
2043 1292 2120 1355 fit
2147 1293 2215 1355 in
2244 1293 2396 1357 altis

591 1406 965 1471 fluminibus
995 1427 1370 1491 magnoque
1399 1409 1564 1471 mari
1581 1456 1596 1483 ,
1621 1428 1770 1475 cum
1796 1406 2129 1491 frangitur
2158 1415 2418 1471 aestus.

322 1503 341 1611 ζ
442 1540 534 1585 145
589 1521 661 1585 id
692 1542 962 1607 quoque
982 1571 996 1596 ,
1033 1522 1145 1585 ubi
1174 1543 1210 1584 e
1238 1523 1398 1586 nubi
1425 1524 1494 1585 in
1523 1523 1768 1585 nubem
1796 1521 1898 1586 vis
1927 1520 2162 1585 incidit
2191 1520 2437 1586 ardens

588 1636 876 1700 fulminis
896 1685 912 1711 ‚
933 1636 1102 1699 haec
1131 1636 1340 1700 multo
1372 1637 1428 1700 si
1455 1635 1632 1701 forte
1661 1657 1891 1700 umore
1920 1637 2178 1721 recepit

590 1752 810 1836 ignem
829 1800 843 1826 ‚
868 1751 1183 1814 continuo
1215 1772 1456 1836 magno
1488 1752 1778 1815 clamore
1808 1749 2138 1826 trucidat3

590 1873 668 1929 ut
697 1864 928 1929 calidis
959 1864 1253 1929 candens
1282 1864 1533 1929 ferrum
1563 1888 1599 1929 e
1628 1865 2021 1930 fornacibus
2051 1866 2217 1950 olim

592 1978 817 2043 stridit
835 2030 848 2056 ,
871 1980 985 2052 ubi
1012 1982 1082 2043 in
1110 1979 1401 2066 gelidum
1430 2001 1724 2067 propere
1755 1978 2191 2044 demersimus
2221 1980 2528 2044 imbrem.

441 2112 532 2158 150
588 2094 837 2159 aridior
865 2117 1072 2180 porro
1105 2095 1161 2158 si
1188 2095 1404 2158 nubes
1434 2095 1678 2180 accipit
1705 2096 1926 2180 ignem
1944 2144 1960 2170 ‚

592 2211 804 2273 uritur
832 2209 1084 2294 ingenti
1115 2209 1340 2272 sonitu
1369 2230 1697 2274 succensa
1724 2218 2042 2295 repente3

589 2325 986 2388 lauricomos
1015 2331 1092 2387 ut
1121 2325 1177 2387 si
1208 2345 1332 2408 per
1359 2325 1607 2388 montis
1634 2323 1895 2388 flamma
1921 2331 2204 2408 vagetur

588 2439 854 2502 turbine
881 2444 1236 2501 ventorum
1266 2439 1665 2502 comburens
1694 2440 1937 2524 impete
1965 2459 2246 2523 magno:

589 2574 714 2615 nec
741 2574 851 2616 res
880 2553 1015 2615 ulla
1042 2553 1249 2638 magis
1282 2575 1479 2637 quam
1505 2553 1767 2618 Phoebi
1796 2553 2128 2639 Delphica
2152 2555 2381 2619 laurus

436 2684 530 2729 155
587 2666 866 2731 terribili
894 2668 1116 2730 sonitu
1144 2666 1405 2732 flamma
1435 2669 1808 2753 crepitante
1839 2677 2173 2733 crematur
2193 2719 2206 2732 .

590 2779 879 2865 denique
910 2803 1112 2867 saepe
1142 2782 1273 2867 geli
1300 2783 1548 2847 multus
1577 2783 1808 2869 fragor
1838 2790 2041 2868 atque
2070 2783 2263 2847 ruina

587 2895 930 2982 grandinis
958 2897 1028 2959 in
1056 2897 1311 2983 magnis
1342 2898 1632 2962 sonitum
1664 2897 1784 2962 dat
1809 2899 2100 2963 nubibus
2128 2898 2291 2962 alte:

584 3019 826 3075 ventus
859 3012 1029 3074 enim
1059 3032 1207 3074 cum
1237 3011 1561 3076 confercit
1578 3062 1593 3088 ,
1615 3012 2012 3100 franguntur
2039 3013 2109 3076 in
2139 3020 2286 3076 arto

586 3127 880 3191 concreti
907 3134 1171 3190 montes
1200 3127 1573 3191 nimborum
1605 3137 1673 3192 et
1700 3127 2027 3214 grandine
2056 3128 2243 3191 mixti
2263 3176 2276 3189 .

434 3257 528 3303 160
665 3240 888 3325 Fulgit
914 3241 1071 3304 item
1091 3290 1106 3316 ‚
1136 3242 1350 3305 nubes
1378 3242 1551 3327 ignis
1583 3264 1733 3306 cum
1762 3242 2015 3306 semina
2041 3243 2248 3307 multa

542 3371 549 3374 ’
586 3376 940 3418 excussere
971 3378 1092 3418 suo
1124 3377 1490 3433 concursu;
1515 3377 1638 3420 ceu
1666 3355 1956 3441 lapidem
1987 3358 2044 3420 si

577 3470 912 3554 percutiat
936 3470 1106 3554 lapis
1136 3478 1251 3534 aut
1279 3469 1732 3535 ferrumznam
1758 3478 1899 3535 tum
1930 3492 2200 3556 quoque
2229 3471 2448 3534 lumen

585 3583 767 3646 exilit
797 3590 865 3647 et
895 3583 1109 3648 claras
1141 3584 1458 3648 scintillas
1489 3584 1772 3672 dissipat
1801 3586 1971 3672 ignis
1991 3636 2004 3648 .

511 3775 515 3780 .
583 3697 708 3762 sed
737 3699 1059 3762 tonitrum
1087 3698 1164 3764 fit
1190 3699 1289 3762 uti
1317 3707 1478 3784 post
1506 3702 1778 3767 auribus
1809 3702 2208 3786 accipiamus
2228 3749 2244 3776 ‚

432 3827 524 3872 165
578 3811 834 3897 fulgere
867 3833 1064 3896 quam
1094 3821 1371 3876 cernant
1399 3815 1576 3878 oculi
1594 3864 1609 3891 ,
1634 3816 1791 3900 quia
1819 3836 2081 3902 semper
2111 3813 2201 3878 ad
2229 3815 2407 3878 auris

580 3925 839 3991 tardius
869 3926 1233 3991 adveniunt
1263 3949 1462 4013 quam
1489 3930 1705 3993 visum
1737 3951 1909 4016 quae
1937 3937 2255 3993 moveant
2282 3949 2390 3992 res
2411 3979 2424 3992 .

592 4235 684 4282 141
725 4227 945 4282 volvens
988 4231 1009 4300 ΙΙ
1063 4238 1158 4283 144
1208 4239 1352 4286 aest.
1403 4235 1424 4302 ΙΙ
1472 4242 1566 4288 145
1606 4234 1697 4288 Fit
1744 4237 1764 4304 ΙΙ
1814 4240 1908 4288 149
1943 4241 2166 4305 propter
2215 4234 2235 4302 ΙΙ
2276 4239 2365 4285 151
2407 4231 2631 4303 ingentis
2665 4231 2683 4298 ss
2718 4241 2797 4278 re·

584 4320 765 4367 cente.
816 4312 836 4381 ΙΙ
886 4318 980 4365 153
1021 4313 1206 4367 Turne
1242 4317 1261 4385 'kl
1303 4322 1399 4368 154
1437 4319 1546 4371 vita
1581 4321 1601 4388 ΙΙ
1643 4326 1736 4370 155
1776 4319 2008 4372 sonitum
2049 4319 2070 4387 Η
2111 4323 2207 4370 158
2244 4329 2444 4378 artum.
2483 4316 2503 4384 ΙΙ
2544 4320 2632 4367 102
2667 4311 2790 4363 Per-

584 4398 755 4451 cuciat
790 4396 810 4466 ΙΙ
852 4402 945 4450 165
985 4396 1196 4467 Fugere
