3042 5192
94 779 169 823 610

93 1351 168 1396 615

87 1922 167 1970 520

81 3071 162 3118 530

78 3645 161 3692 ⁶35

74 4219 161 4268 640

1298 469 1368 536 V

217 644 515 710 accidere
548 665 637 708 ex
663 665 803 707 una
831 643 1116 708 scintilla
1143 643 1450 708 incendia
1477 646 1759 730 passim.

213 759 487 825 forsitan
523 782 560 824 e
589 780 796 824 rosea
824 759 927 824 sol
956 758 1091 823 alte
1119 758 1428 846 lampade
1468 760 1698 825 lucens

210 872 557 961 possideat
584 875 863 938 multum
892 874 1109 938 caecis
1137 874 1516 940 fervoribus
1544 877 1763 962 ignem

215 990 446 1054 circum
480 1010 561 1053 se
580 1038 597 1064 ‚
618 989 804 1053 nullo
836 989 950 1074 qui
980 989 1070 1054 sit
1095 988 1358 1076 fulgore
1386 999 1664 1056 notatus
1682 1040 1697 1067 ‚

214 1102 475 1168 aestifer
508 1111 591 1167 ut
621 1110 882 1168 tantum
909 1103 1249 1170 radiorum
1280 1112 1612 1192 exaugeat
1638 1107 1874 1171 ictum.

287 1218 426 1282 Nee
454 1219 642 1283 ratio
674 1219 835 1283 solis
865 1219 1145 1306 simplex
1170 1221 1410 1285 rellata
1435 1222 1725 1307 patescit
1742 1270 1758 1297 ‚

215 1356 337 1420 quo
364 1342 579 1420 pacto
613 1334 885 1399 aestivis
916 1356 952 1398 e
980 1336 1285 1421 partibus
1316 1336 1740 1422 aegocerotis

212 1449 524 1513 brumalis
553 1448 757 1514 adeat
783 1448 996 1513 flexus
1026 1457 1231 1536 atque
1259 1449 1418 1514 inde
1447 1458 1794 1518 revertens

215 1566 425 1628 cancri
455 1585 537 1628 se
564 1571 646 1628 ut
671 1572 898 1628 vertat
922 1571 1136 1629 metas
1164 1564 1255 1629 ad
1284 1566 1651 1633 solstitialis
1668 1616 1684 1644 ,

214 1677 499 1766 lunaque
527 1679 869 1744 mensibus
894 1678 966 1743 id
995 1680 1282 1766 spatium
1311 1680 1623 1746 videatur
1653 1683 1839 1747 obire
1858 1733 1873 1758 ‚

218 1814 427 1858 annua
456 1794 564 1859 sol
592 1795 661 1858 in
696 1817 832 1880 quo
863 1796 1195 1860 consumit
1221 1805 1531 1881 tempora
1558 1819 1759 1862 cursu
1780 1847 1794 1862 .

213 1929 376 1985 non,
396 1910 672 1996 inquam
691 1959 708 1987 ‚
739 1911 1019 1996 simplex
1046 1909 1153 1974 his
1181 1911 1385 1976 rebus
1414 1910 1686 1977 reddita
1715 1922 1988 1979 causast
2006 1963 2019 1977 .

212 2043 359 2085 nam
385 2024 535 2089 fieri
560 2026 671 2090 vel
700 2047 849 2090 cum
876 2025 1106 2111 primis
1132 2024 1206 2088 id
1230 2048 1437 2112 posse
1465 2026 1734 2093 videtur
1751 2079 1766 2104 ‚

212 2135 575 2205 Democriti
606 2139 795 2226 quod
823 2151 1060 2206 sancta
1084 2142 1210 2206 viri
1240 2144 1576 2207 sententia
1600 2144 1795 2230 ponit
1812 2194 1827 2219 ‚

214 2262 461 2337 quanto
495 2275 806 2341 quaeque
833 2257 1045 2342 magis
1074 2256 1209 2321 sint
1234 2263 1483 2320 terram
1514 2256 1741 2322 sidera
1765 2271 2048 2345 propter
2065 2309 2081 2334 ‚

213 2375 393 2433 tanto
420 2392 632 2455 posse
660 2371 877 2435 minus
906 2393 1055 2435 cum
1085 2371 1249 2436 caeli
1276 2372 1544 2438 turbine
1571 2371 1764 2438 ferri:

114 2497 165 2542 ‘³5
212 2503 608 2549 evanescere
641 2486 813 2549 enim
839 2486 1113 2573 rapidas
1140 2486 1314 2551 illius
1347 2493 1415 2551 et
1444 2488 1618 2552 acris

211 2597 495 2664 imminui
525 2608 761 2686 supter
788 2601 948 2666 viris
968 2650 983 2678 ,
1002 2601 1296 2688 ideoque
1323 2602 1610 2688 relinqui

211 2713 525 2797 paulatim
555 2716 767 2779 solem
795 2737 945 2780 cum
972 2717 1445 2804 posterioribu’
1477 2717 1683 2804 signis
1699 2766 1714 2794 ,

209 2827 479 2895 inferior
506 2830 716 2895 multo
751 2829 937 2916 quod
967 2831 1053 2895 sit
1083 2853 1283 2917 quam
1309 2830 1572 2896 fervida
1601 2832 1793 2919 signa
1810 2882 1824 2897 .

214 2950 280 3007 et
305 2946 514 3031 magis
543 2944 679 3010 hoc
708 2945 964 3010 lunam:
991 2955 1244 3032 quanto
1277 2945 1629 3011 demissior
1660 2948 1799 3012 eius

212 3079 443 3125 cursus
470 3060 666 3125 abest
692 3061 933 3147 procul
961 3083 1002 3125 a
1030 3061 1216 3126 caelo
1247 3061 1582 3147 terrisque
1609 3062 2056 3149 propinquat,

210 3181 398 3240 tanto
427 3197 633 3261 posse
662 3176 879 3242 minus
909 3198 1058 3241 cum
1088 3177 1295 3263 signis
1323 3175 1602 3242 tendere
1633 3199 1933 3242 cursum.

213 3287 591 3355 flaccidiore
621 3293 863 3356 etenim
894 3300 1148 3378 quanto
1179 3292 1307 3356 iam
1336 3293 1604 3357 turbine
1632 3292 1849 3356 fertur

210 3403 480 3470 inferior
512 3428 712 3492 quam
742 3407 879 3482 sol,
902 3415 1094 3472 tanto
1124 3408 1336 3494 magis
1368 3408 1589 3471 omnia
1616 3407 1806 3493 signa

208 3517 380 3584 hanc
409 3520 876 3607 adipiscuntur
906 3522 1153 3587 circum
1173 3573 1188 3601 ‚
1209 3530 1615 3609 praeterque
1642 3520 1982 3586 feruntur.
2061 3559 2068 3564 -

208 3646 567 3722 propterea
592 3637 672 3701 fit
697 3645 775 3702 ut
800 3636 969 3702 haec
998 3637 1089 3702 ad
1117 3639 1377 3725 signum
1407 3636 1730 3724 quodque
1759 3636 2003 3701 reverti

212 3750 509 3815 mobilius
537 3750 849 3817 videatur
865 3802 881 3830 ‚
905 3752 991 3817 ad
1021 3754 1198 3819 hanc
1229 3753 1386 3840 quia
1413 3753 1604 3839 signa
1632 3752 1934 3817 revisunt
1951 3801 1964 3815 .

208 3862 285 3927 fit
312 3887 578 3953 quoque
606 3875 685 3932 ut
714 3889 752 3931 e
779 3868 1011 3933 mundi
1038 3869 1443 3935 transversis
1472 3867 1779 3953 partibus
1808 3873 1924 3931 aer

212 3978 479 4045 alternis
508 3989 699 4046 certo
731 3981 937 4047 fluere
968 3984 1138 4048 alter
1167 3992 1472 4070 tempore
1502 3983 1751 4069 possit,

214 4096 322 4178 qui
350 4105 551 4182 queat
580 4097 855 4163 aestivis
884 4099 1094 4164 solem
1124 4098 1485 4165 detrudere
1515 4097 1720 4183 signis

212 4207 515 4276 brumalis
545 4234 763 4298 usque
794 4212 885 4278 ad
912 4213 1128 4279 flexus
1157 4212 1596 4301 gelidumque
1613 4211 1900 4295 rigorem
1919 4259 1934 4286 ‚

220 4457 315 4507 610
347 4465 398 4509 et
432 4456 451 4529 ΙΙ
488 4462 587 4511 613
628 4458 926 4514 Aestiferiu
966 4460 987 4531 [Ι
1026 4466 1123 4513 614
1164 4466 1307 4514 recta
1346 4457 1364 4530 ΙΙ
1404 4465 1500 4512 617
1542 4457 1792 4512 Canceris
1830 4463 1889 4509 ut
1925 4456 1946 4527 ΙΙ
1983 4461 2079 4508 632
2120 4456 2276 4507 etiam

1955 4554 2031 4617 12

2311 481 2445 548 177
