3042 5192
610 449 745 520 182
1688 446 1754 512 V

601 630 945 689 menstrua
974 620 1132 685 dum
1159 618 1410 706 rigidas
1441 621 1596 684 coni
1623 619 1992 706 perlabitur
2019 620 2326 698 umbras3

451 759 548 805 765
606 749 909 826 tempore
941 735 1177 801 eodem
1207 736 1371 799 aliut
1399 742 1697 821 nequeat
1724 756 2118 800 succurrere
2147 736 2345 802 lunae

605 876 854 941 corpus
881 851 991 918 vel
1021 872 1226 937 supra
1255 852 1418 916 solis
1445 850 1781 936 perlabier
1811 852 2043 916 orbem
2060 900 2076 927 ‚

611 968 797 1058 quod
824 966 1053 1033 radios
1081 966 1256 1031 inter
1284 974 1555 1052 rumpat
1579 966 1938 1051 lumenque
1966 966 2316 1052 profusum
2332 967 2365 1029 Ρ

612 1092 681 1148 et
706 1096 929 1149 tamen
959 1084 1110 1169 ipsa
1139 1103 1262 1146 suo
1292 1083 1351 1146 si
1375 1081 1574 1168 fulgit
1600 1082 1759 1146 luna
1785 1082 2037 1157 nitore,

612 1221 731 1264 cur
758 1206 1053 1285 nequeat
1082 1206 1267 1262 certa
1294 1196 1527 1262 mundi
1552 1197 1989 1283 languescere
2017 1205 2248 1283 parte,

457 1332 555 1378 770
617 1312 776 1378 dum
804 1315 956 1379 loca
983 1313 1337 1378 luminibus
1365 1312 1658 1400 propriis
1687 1312 1951 1377 inimica
1976 1333 2101 1398 per
2132 1311 2319 1376 exit?

459 1446 559 1493 772
701 1428 903 1509 Quod
933 1451 1136 1515 super
1165 1435 1301 1505 est,
1326 1429 1639 1514 quoniam
1668 1428 1889 1514 magni
1916 1450 2042 1514 per
2070 1427 2338 1492 caerula
2363 1425 2594 1491 mundi

624 1565 757 1629 qua
783 1543 925 1607 fieri
954 1541 1275 1629 quicquid
1302 1552 1543 1628 posset
1567 1544 1830 1607 ratione
1857 1543 2110 1609 resolvi
2126 1593 2142 1620 ‚

620 1658 780 1722 solis
806 1659 905 1723 uti
934 1659 1159 1723 varios
1189 1679 1426 1723 cursus
1455 1658 1787 1744 lunaeque
1815 1666 2076 1724 meatus

464 1788 561 1835 775
619 1795 904 1838 noscere
932 1795 1289 1860 possemus
1320 1795 1491 1860 quae
1521 1775 1623 1838 vis
1654 1783 1725 1838 et
1754 1796 1959 1863 causa
1988 1774 2228 1848 cieret,

622 1910 841 1975 quove
870 1888 1073 1953 modo
1103 1896 1386 1975 possent
1416 1889 1661 1953 offecto
1689 1888 1936 1953 lumine
1967 1890 2155 1954 obire

624 2011 692 2072 et
719 2026 940 2090 neque
970 2003 1305 2090 opinantis
1334 2004 1632 2069 tenebris
1662 2003 2004 2069 obducere
2031 2013 2249 2069 terras
2266 2054 2284 2078 ,

620 2140 767 2182 cum
799 2120 990 2205 quasi
1019 2118 1333 2183 conivent
1363 2126 1432 2183 et
1459 2127 1697 2206 aperto
1727 2119 1971 2184 lumine
1998 2140 2264 2184 rursum

484 2309 497 2316 -
622 2235 842 2297 omnia
872 2235 1229 2298 convisunt
1255 2233 1436 2298 clara
1461 2233 1613 2298 loca
1641 2234 1932 2298 candida
1958 2236 2106 2299 luce
2126 2284 2142 2311 ‚

466 2364 564 2412 780
621 2371 799 2413 nunc
828 2348 1035 2414 redeo
1067 2347 1156 2412 ad
1184 2348 1414 2412 mundi
1441 2350 1809 2414 novitatem
1840 2357 1909 2413 et
1935 2350 2160 2414 mollia
2188 2356 2408 2415 terrae

623 2484 788 2527 arva
805 2513 820 2540 ‚
842 2486 1020 2528 novo
1051 2463 1193 2528 fetu
1225 2461 1388 2548 quid
1417 2464 1700 2548 primum
1727 2465 1798 2528 in
1826 2464 2089 2529 luminis
2120 2486 2276 2529 oras

622 2578 861 2642 tollere
892 2586 960 2643 et
986 2579 1258 2643 incertis
1289 2578 1539 2642 crerint
1567 2579 1979 2643 committere
2006 2581 2227 2646 ventis
2246 2630 2260 2644 .

706 2693 1046 2780 Principio
1077 2715 1287 2779 genus
1314 2692 1676 2758 herbarum
1704 2692 2119 2781 viridemque
2148 2696 2430 2760 nitorem

625 2816 809 2873 terra
840 2808 1028 2873 dedit
1057 2810 1301 2873 circum
1333 2809 1521 2874 collis
1554 2831 1964 2895 camposque
1991 2831 2117 2896 per
2147 2812 2359 2874 omnis
2379 2861 2394 2886 ‚

386 3009 401 3019 ο
470 2940 567 2986 785
624 2922 863 2987 florida
890 2922 1223 2989 fulserunt
1249 2922 1568 2987 viridanti
1596 2933 1794 3010 prata
1824 2925 2050 2989 colore
2070 2974 2085 3001 ‚

627 3039 1114 3124 arboribusque
1145 3037 1443 3104 datumst
1468 3040 1671 3104 variis
1703 3037 1945 3103 exinde
1975 3060 2098 3126 per
2119 3061 2327 3104 auras

630 3152 977 3219 crescendi
1003 3174 1315 3239 magnum
1342 3155 1634 3219 inmissis
1662 3163 2001 3219 certamen
2029 3154 2312 3219 habenis
2333 3205 2346 3217 .

626 3277 704 3337 ut
730 3270 958 3357 pluma
986 3277 1190 3355 atque
1220 3270 1336 3355 pili
1362 3272 1645 3357 primum
1675 3279 2038 3354 saetaeque
2068 3277 2380 3335 creantur

633 3383 1120 3471 quadripedum
1148 3385 1459 3450 membris
1490 3393 1561 3451 et
1590 3406 1875 3473 corpore
1904 3385 2459 3472 pennipotentum
2478 3435 2494 3461 ‚

475 3513 575 3566 700
633 3499 729 3562 sic
756 3521 935 3565 nova
965 3508 1104 3564 tum
1134 3500 1331 3564 tellus
1359 3499 1610 3565 herbas
1638 3500 2063 3586 virgultaque
2092 3501 2372 3587 primum

634 3614 938 3692 sustulit,
959 3614 1118 3681 inde
1149 3615 1280 3682 loci
1308 3616 1616 3680 mortalia
1644 3617 1867 3681 saecla
1896 3616 2153 3683 creavit

634 3729 843 3794 multa
870 3728 1087 3798 modis
1116 3729 1340 3795 multis
1368 3731 1557 3796 varia
1584 3732 1847 3796 ratione
1878 3737 2113 3795 coorta
2131 3780 2145 3794 .

635 3867 789 3911 nam
816 3867 1037 3932 neque
1069 3845 1155 3909 de
1186 3846 1373 3909 caelo
1405 3844 1726 3910 cecidisse
1756 3845 2061 3910 animalia
2087 3852 2411 3933 possunt,

635 3983 760 4023 uec
791 3961 1139 4027 terrestria
1169 3959 1254 4025 de
1285 3960 1478 4027 salsis
1509 3961 1730 4027 exisse
1759 3961 2048 4026 lacunis:

482 4089 579 4137 705
638 4073 960 4160 linquitur
987 4083 1066 4139 ut
1094 4076 1330 4141 merito
1360 4083 1733 4143 maternum
1762 4098 2004 4142 nomen
2036 4074 2284 4162 adepta

938 4273 1045 4281 4——

646 4355 743 4401 764
781 4349 1073 4420 pei-inbitur
1109 4352 1130 4420 ΙΙ
1169 4357 1267 4404 768
1304 4351 1473 4423 fulget
1511 4354 1532 4422 ΙΙ
1569 4359 1898 4406 771=764.
1946 4354 1967 4422 ΙΙ
2015 4359 2113 4406 776
2150 4359 2379 4423 possent
2412 4360 2667 4407 missum.
2702 4349 2721 4416 ΙΙ
2753 4347 2831 4395 782

647 4432 889 4486 Tolleret
927 4432 948 4501 ΙΙ
987 4433 1211 4489 creduut
1248 4432 1269 4503 ΙΙ
1309 4441 1405 4487 784
1444 4454 1767 4508 campusque
1803 4439 1825 4503 ΙΙ
1863 4443 1961 4489 790
2000 4435 2325 4506 vilgultaque
