3042 5192
588 459 679 526 82
1605 458 1701 525 III

453 651 516 696 so
552 681 557 687 .
582 631 866 718 percipit
893 630 1222 693 humanos
1254 628 1480 693 odium
1508 631 1811 716 lucisque
1839 629 2174 696 videndae
2195 681 2210 700 ,

577 754 654 810 ut
682 746 807 810 sibi
835 745 1258 809 consciscant
1299 747 1624 810 maerenti
1655 753 1934 833 pectore
1961 747 2167 812 letum
2186 795 2201 818 ‚

580 860 769 926 obliti
794 860 1052 925 fontem
1082 879 1399 923 curarum·
1416 859 1598 924 hune
1629 882 1779 926 esse
1808 862 2112 925 timorem
2132 910 2148 936 ‚

579 976 761 1039 hune
788 995 1037 1040 vexare
1066 973 1397 1059 pudorem
1414 1023 1430 1050 ‚
1452 974 1635 1039 hune
1661 975 1930 1040 vincula
1956 976 2264 1039 amicitiai

580 1112 889 1176 rumpere
922 1097 989 1153 et
1016 1090 1085 1152 in
1115 1109 1371 1153 summa
1398 1089 1719 1175 pietatem
1748 1098 2052 1154 evertere
2080 1089 2358 1154 stands:

452 1223 516 1268 85
580 1227 735 1269 nam
763 1206 891 1268 iam
922 1224 1125 1289 saepe
1151 1203 1455 1267 homines
1498 1204 1786 1290 patriam
1813 1226 2145 1290 carosque
2174 1206 2473 1290 parentis

537 1320 543 1326 '
581 1318 1029 1407 prodiderunt
1047 1368 1062 1393 ‚
1082 1299 1297 1382 x'r-itare
1328 1318 1703 1384 Acherusia
1730 1320 1979 1405 templa
2004 1327 2348 1406 petentes.

579 1456 733 1498 nam
761 1434 871 1498 vel
898 1435 996 1497 uti
1023 1433 1215 1519 pueri
1242 1432 1587 1519 trepidant
1616 1442 1818 1520 atque
1849 1436 2071 1498 omnia
2100 1436 2316 1499 caeeis

580 1550 649 1613 in
676 1550 974 1614 tenebris
1002 1555 1309 1611 metuunt
1326 1596 1341 1623 ‚
1365 1548 1461 1612 sie
1488 1569 1619 1612 nos
1643 1549 1713 1611 in
1741 1549 1890 1613 luee
1918 1550 2227 1614 timemus

580 1666 754 1728 inter
786 1663 942 1728 dum
961 1713 977 1740 ,
998 1664 1133 1727 nilo
1166 1684 1338 1748 quae
1368 1670 1527 1727 sunt
1552 1663 1915 1728 metuenda
1941 1665 2151 1750 magis
2184 1686 2383 1750 quam

449 1797 514 1842 90
582 1800 753 1864 quae
784 1780 976 1865 pueri
1002 1778 1070 1842 in
1098 1777 1397 1841 tenebris
1424 1779 1734 1862 pavitant
1759 1779 2156 1865 finguntque
2185 1778 2413 1844 futura
2431 1830 2444 1843 .

578 1894 758 1957 hune
786 1894 987 1978 igitur
1014 1901 1342 1956 terrorem
1371 1893 1570 1956 animi
1596 1895 2051 1979 tenebrasque
2082 1903 2427 1959 necessest

575 2030 716 2073 non
744 2007 917 2072 radii
945 2008 1107 2072 solis
1136 2029 1359 2093 neque
1387 2007 1612 2073 lucida
1638 2009 1774 2074 tela
1803 2008 1936 2072 diei

577 2123 973 2198 discutiant,
998 2122 1123 2188 sed
1149 2130 1431 2187 naturae
1462 2124 1725 2209 speeies
1753 2125 2066 2209 ratioque
2085 2173 2100 2186 .

662 2238 953 2302 Primum
982 2239 1268 2301 animum
1299 2236 1451 2301 dieo
1472 2287 1488 2314 ‚
1510 2246 1800 2302 mentem
1830 2259 2030 2323 quam
2060 2259 2262 2325 saepe
2291 2259 2612 2304 vocamus
2632 2288 2647 2313 ‚

449 2369 513 2414 95
579 2354 648 2416 in
679 2376 815 2438 quo
848 2354 1191 2418 eonsilium
1219 2353 1397 2417 vitae
1425 2354 1855 2438 regimenque
1884 2353 2177 2418 locatum
2208 2362 2312 2419 est
2330 2403 2344 2424 ,

579 2489 728 2532 esse
755 2467 1041 2532 hominis
1070 2474 1331 2552 partem
1359 2467 1495 2530 nilo
1524 2468 1741 2530 minus
1772 2488 1851 2529 ae
1877 2488 2114 2531 manus
2145 2475 2215 2532 et
2243 2491 2365 2553 pes

579 2590 785 2668 atque
816 2582 1030 2646 oculei
1059 2589 1288 2666 partes
1322 2579 1674 2645 animantis
1702 2579 1913 2646 totius
1945 2588 2211 2645 extant.

488 2821 495 2830 '
576 2832 844 2876 sensum
875 2811 1074 2874 animi
1103 2817 1289 2874 certa
1316 2831 1455 2875 non
1487 2831 1638 2875 esse
1665 2811 1736 2874 in
1763 2817 1956 2896 parte
1984 2810 2274 2875 locatum
2295 2859 2310 2886 ‚

576 2949 809 2993 verum
835 2926 1139 2990 habitum
1169 2924 1506 3012 quendam
1532 2925 1803 2991 vitalem
1833 2924 2138 3011 corporis
2169 2946 2317 2988 esse
2337 2974 2352 2999 ‚

423 3060 517 3106 100
570 3043 982 3107 harmoniam
1015 3040 1176 3105 Grai
1206 3062 1406 3127 quam
1434 3040 1669 3105 dieunt
1687 3091 1702 3119 ‚
1728 3040 1913 3128 quod
1939 3039 2143 3105 faciat
2169 3062 2296 3104 nos

573 3158 799 3222 vivere
831 3179 979 3221 eum
1008 3179 1212 3222 sensu
1228 3206 1244 3233 ‚
1266 3157 1449 3221 nulla
1478 3179 1629 3222 eum
1657 3158 1726 3219 in
1753 3164 1950 3242 parte
1980 3157 2108 3221 siet
2133 3177 2356 3232 mens3

574 3280 651 3336 ut
676 3273 857 3336 bona
887 3292 1091 3356 saepe
1118 3270 1438 3335 valetudo
1471 3293 1622 3335 eum
1652 3270 1895 3334 dieitur
1926 3291 2074 3333 esse

576 3385 883 3471 eorporis
901 3433 916 3460 ‚
941 3393 1008 3447 et
1034 3406 1172 3447 non
1204 3391 1308 3447 est
1336 3392 1563 3447 tamen
1589 3383 1760 3446 haee
1789 3404 1949 3469 pars
1977 3383 2113 3446 ulla
2138 3384 2425 3449 valentis
2445 3435 2458 3447 .

575 3500 670 3562 sie
700 3499 897 3562 animi
927 3518 1195 3561 sensum
1222 3519 1361 3560 non
1392 3505 1578 3561 certa
1603 3505 1800 3582 parte
1829 3506 2200 3582 reponunt3

424 3631 516 3676 105
571 3634 814 3699 magno
847 3634 1052 3698 opere
1080 3613 1149 3676 in
1180 3633 1315 3697 quo
1343 3612 1431 3675 mi
1462 3609 1712 3676 diversi
1743 3632 1966 3676 errare
1994 3611 2310 3676 videntur
2328 3663 2342 3676 .

574 3750 775 3815 saepe
803 3730 1028 3813 itaque
1047 3777 1062 3803 ‚
1083 3728 1152 3791 in
1179 3734 1497 3812 promptu
1528 3747 1775 3814 eorpus
1804 3726 1991 3813 quod
2022 3729 2316 3793 cernitur
2334 3778 2350 3804 ‚
2373 3738 2606 3814 aegret
2624 3781 2638 3805 ‚

576 3866 725 3907 cum
756 3852 977 3909 tamen
1010 3864 1093 3906 ex
1123 3842 1251 3906 aha
1278 3841 1605 3906 laetamur
1631 3853 1826 3930 parte
1856 3843 2123 3907 latenti:

575 3968 643 4023 et
670 3967 854 4023 retro
883 3958 958 4022 fit
987 3959 1084 4022 uti
1115 3965 1352 4022 eontra
1381 3959 1469 4022 sit
1497 3979 1701 4046 saepe
1727 3959 2018 4024 vicissim
2036 4009 2052 4036 ,

574 4097 723 4139 eum
751 4075 953 4138 miser
984 4095 1069 4137 ex
1098 4073 1315 4138 animo
1345 4074 1633 4139 laetatur
1676 4095 1962 4160 corpore
1989 4083 2175 4149 τοῖος

577 4357 635 4402 81
668 4349 993 4402 coniciscant
1030 4349 1050 4421 ΙΙ
1087 4356 1150 4401 84
1188 4350 1389 4419 pietate
1425 4348 1445 4418 ΙΙ
1483 4349 1699 4403 suadet.
1737 4348 1756 4418 ΙΙ
1796 4355 1861 4401 94
1898 4366 2052 4418 quem
2090 4348 2111 4419 ΙΙ
2148 4354 2211 4400 95
2251 4357 2493 4402 vocatum
2530 4348 2551 4417 ΙΙ
2594 4356 2691 4403 100
2717 4359 2796 4402 ta·

577 4434 680 4485 ciat
715 4431 736 4502 ΙΙ
778 4437 875 4485 106
911 4449 1158 4502 aegrum.
1197 4431 1217 4504 ΙΙ
1259 4438 1355 4484 108
1391 4433 1478 4484 ubi
