3042 5192
1285 494 1350 558 V
2295 497 2435 565 297

212 689 346 730 non
396 666 598 730 modo
654 666 840 752 quod
893 674 1200 752 quartum
1260 688 1484 731 casum
1542 670 1957 733 constructio
2008 669 2297 756 respuit,
2368 679 2445 734 ut

213 764 670 829 Wakefieldus
713 764 875 829 dicit
905 768 1124 849 (certe
1155 766 1262 829 alii
1290 767 1654 830 iunxerunt
1694 768 1969 849 tertio),
2012 766 2136 830 sed
2176 769 2333 852 quia
2360 780 2447 832 est

209 885 355 927 cum
385 864 712 928 infinitivo
742 886 868 950 pro
900 866 1038 928 licet
1062 886 1200 927 non
1229 871 1338 928 est
1365 866 1681 950 antiquae
1714 874 1781 928 et
1809 886 2163 950 germanae
2187 866 2439 930 Latini-

205 963 367 1025 tatis
399 1010 415 1025 .
461 963 711 1046 primus
742 984 823 1025 eo
848 1011 864 1036 ‚
912 970 1233 1046 quantum
1264 963 1404 1026 scio
1432 1011 1447 1036 ,
1490 986 1655 1027 usus
1687 971 1792 1027 cst
1819 962 2043 1026 Varro
2074 964 2254 1049 apud
2288 965 2443 1029 Gel-

204 1060 362 1122 lium
392 1083 582 1132 xvm,
601 1060 675 1123 12
697 1061 862 1124 Inter
882 1062 1225 1150 duas—filias
1246 1083 1458 1146 reywn
1477 1063 1634 1148 ¹quid
1652 1073 1862 1140 mutet,
1893 1063 2050 1125 inter
2069 1064 2441 1147 Ami-qonam

200 1170 260 1222 et
298 1159 564 1221 Tulliam
584 1208 598 1233 ,
628 1169 713 1221 est
739 1161 1247 1222 animadvertere.
1277 1181 1430 1222 nam
1460 1158 1818 1224 Terentius
1851 1159 2118 1245 quidem
2150 1184 2287 1225 non
2318 1161 2439 1226 du-

201 1256 349 1319 bito
383 1256 542 1340 quin
574 1258 918 1342 scripserit
946 1258 1014 1320 in
1037 1257 1350 1321 Heauton
1383 1259 1821 1322 timorumeno
1854 1259 1964 1335 1‚2,
1988 1259 2064 1324 18
2101 1261 2267 1339 Quid
2291 1285 2440 1325 nar-

199 1353 352 1418 rat?
382 1355 534 1441 quid
557 1356 661 1418 ille
677 1354 708 1417 52
734 1357 1024 1418 miserum
1051 1380 1115 1417 se
1143 1380 1268 1419 esse
1286 1405 1300 1418 .
1331 1357 1669 1420 vivisemcm?
1699 1380 1875 1443 quem
1896 1359 2098 1421 minu-5
2123 1361 2442 1425 crederes?

197 1475 343 1516 non
375 1454 710 1533 crederest‚·
757 1453 917 1516 etin
953 1452 1277 1539 Adelphis
1306 1477 1367 1528 v,
1382 1455 1437 1527 3,
1453 1454 1535 1517 42
1566 1457 1735 1519 video
1773 1479 1873 1519 eos
1911 1479 2162 1540 sapere,
2210 1459 2439 1522 intelle-

188 1576 343 1637 9ere
369 1599 387 1631 ,
431 1554 496 1614 in
534 1553 663 1616 loco
707 1553 953 1630 Vereri,
1005 1555 1163 1616 inter
1203 1577 1267 1616 se
1304 1577 1519 1616 amare
1536 1579 1558 1615 .·
1599 1555 1785 1616 scire-s·
1826 1554 2081 1617 liberum
2126 1556 2439 1640 Inyenium

195 1661 386 1735 atque
428 1651 731 1728 animum,
773 1650 1026 1713 scilicet
1069 1651 1195 1714 etsi
1237 1673 1353 1714 eos
1397 1673 1535 1714 non
1581 1652 2063 1737 cognovissesg
2107 1675 2245 1716 non
2284 1658 2442 1719 scire

195 1760 285 1811 est
303 1796 318 1809 .
365 1747 436 1810 in
465 1746 756 1811 Vitruvii
787 1770 856 1822 11,
871 1748 928 1822 9,
952 1749 1019 1811 11
1055 1755 1238 1812 recte
1267 1749 1416 1812 libri
1449 1749 1565 1813 Est
1590 1760 1791 1813 autem
1818 1752 2157 1813 maximnm
2186 1753 2256 1815 id
2295 1777 2436 1816 con-

190 1847 480 1910 siderare
510 1847 879 1909 Ravennae:
905 1845 1108 1930 vulgo
1139 1846 1351 1911 fertur
1378 1849 1677 1910 max-ime.
1711 1857 2001 1911 ceterum
2028 1849 2191 1912 illud
2221 1851 2437 1935 ipsum

192 1954 286 2006 est
316 1943 536 2006 omitti
565 1964 704 2005 non
731 1951 964 2028 potest
992 1993 1007 2018 ‚
1047 1966 1266 2029 neque
1296 1946 1543 2009 omittit
1572 1943 1881 2010 Valerius
1910 1945 2193 2011 Flaccus
2219 1997 2234 2024 ‚
2291 1972 2438 2013 cum

194 2040 371 2105 dicit
401 2041 469 2103 in
496 2040 721 2114 vx‚487
752 2044 902 2105 tales
927 2045 1172 2128 quando
1202 2043 1308 2105 tibi
1336 2065 1580 2105 cernere
1606 2041 1825 2126 reyes?
1864 2042 1996 2106 hoc
2030 2046 2199 2107 enim
2233 2047 2439 2110 simile

193 2147 308 2204 est
353 2138 482 2202 illis
512 2138 722 2201 Marci
767 2138 966 2202 Tullii
1010 2138 1100 2202 ad
1128 2139 1420 2203 Atticum
1462 2140 1633 2204 libro
1674 2163 1782 2214 xv,
1803 2140 1981 2216 13‚1‚
2025 2143 2154 2206 Sed
2193 2147 2439 2229 quando

195 2240 384 2302 illum
414 2238 572 2300 diem
600 2286 618 2316 ,
664 2260 801 2300 eum
828 2249 893 2300 tu
920 2238 1214 2301 edendam
1235 2238 1460 2321 putes?
1511 2238 1755 2323 quibus
1786 2239 1995 2301 utitur
2025 2239 2071 2301 Ι.
2087 2239 2159 2303 F.
2175 2241 2438 2306 Grono-

189 2338 351 2400 vius
381 2336 451 2399 in
475 2334 759 2400 diatribe
787 2360 850 2422 p.
873 2337 990 2400 106
1019 2337 1192 2399 inter
1222 2336 1349 2400 alia
1380 2335 1677 2399 eiusdem
1700 2337 1964 2420 generis
1983 2385 1999 2412 ,
2031 2337 2253 2421 qualia
2282 2349 2441 2402 sunt
2534 2349 2541 2355 '

199 2435 347 2515 Quo
387 2434 541 2497 mihi
562 2435 938 2521 fortunam?
1002 2434 1170 2498 Unde
1209 2435 1362 2497 mihi
1389 2432 1703 2518 lapidem?
1754 2433 1879 2496 sed
1909 2441 2174 2498 veteres
2202 2436 2293 2499 illi
2324 2438 2437 2501 ali-

192 2531 483 2620 quando
531 2544 615 2597 est
655 2554 803 2595 cum
848 2533 1172 2596 infinitivo
1217 2533 1591 2619 ponebant,
1636 2532 1749 2595 ubi
1780 2533 2046 2618 saepius
2076 2535 2439 2598 utebantur

185 2644 258 2696 ut
303 2630 777 2694 coniunctione
807 2678 823 2704 ‚
869 2638 943 2694 ut
986 2630 1154 2693 Cato
1201 2631 1317 2695 Est
1351 2633 1508 2694 inter
1546 2631 1690 2693 dum
1718 2643 2043 2715 praestare
2080 2635 2440 2706 mercaturi.»-

185 2754 328 2794 rem
360 2752 691 2815 quaerere,
730 2736 808 2792 ut
837 2727 1115 2792 Plautus
1145 2730 1212 2791 in
1243 2729 1542 2815 Captivis
1573 2728 1782 2804 1‚2‚68
1813 2728 1949 2792 IIoc
1978 2730 2151 2793 illum
2178 2754 2275 2794 me
2301 2755 2435 2794 mu-

181 2842 329 2893 tare
375 2827 610 2916 confido
643 2826 793 2913 fore
822 2874 841 2905 ,
891 2826 962 2889 id
1004 2835 1108 2890 est
1150 2826 1416 2890 confido
1459 2826 1608 2890 fore
1651 2835 1727 2890 ut
1767 2826 1899 2889 hoc
1936 2827 2116 2890 illum
2158 2836 2437 2891 mutem.

182 2927 580 2993 rarissimus
629 2926 946 3011 loquendi
1003 2925 1241 2990 modus
1302 2933 1406 2990 est
1460 2946 1657 3009 quem
1709 2923 1757 2987 I.
1773 2923 1843 2987 F.
1861 2925 2246 2988 Gronovius
2302 2949 2437 2989 non

181 3025 549 3113 praeteriit
587 3025 658 3088 in
699 3026 868 3088 libro
914 3049 984 3089 ιν
1028 3025 1576 3090 observationum
1600 3070 1615 3096 ‚
1664 3022 1956 3108 capitulo
1998 3023 2057 3097 8,
2085 3046 2145 3107 p.
2169 3023 2283 3086 115
2321 3024 2438 3086 116

189 3125 342 3200 117,
371 3123 773 3208 permixtum
805 3122 1088 3187 diversis
1120 3145 1204 3186 ex
1226 3144 1307 3186 eo
1341 3143 1612 3207 quoque
1641 3141 1887 3206 genere
1913 3119 2096 3204 quod
2127 3121 2316 3204 attigi
2347 3120 2437 3183 ad

183 3224 444 3287 librum
474 3245 561 3296 w,
578 3220 732 3284 244:
777 3220 899 3285 sed
928 3222 1041 3285 illa
1071 3244 1242 3306 quae
1274 3221 1426 3285 dico
1457 3220 1789 3284 rarissima
1816 3268 1832 3292 ‚
1861 3219 1928 3281 in
1961 3218 2202 3302 quibus
2233 3230 2318 3282 est
2342 3220 2439 3282 ita

179 3319 499 3404 intellegi
540 3320 743 3383 debet
774 3368 788 3394 ‚
831 3332 916 3383 est
954 3321 1194 3406 aliquid
1228 3321 1367 3384 sive
1399 3320 1682 3404 prodest,
1728 3317 2109 3380 Gronovius
2140 3318 2437 3381 Senecae

186 3443 274 3483 ac
311 3418 641 3481 Petronio
673 3417 1004 3495 vindicat3
1052 3419 1240 3482 euius
1269 3417 1451 3481 modi
1483 3426 1587 3480 est
1616 3418 1682 3480 in
1715 3416 1997 3501 epistula
2026 3416 2107 3480 87
2141 3416 2439 3480 Senecae

185 3519 288 3582 M.
318 3518 473 3580 Cato
504 3517 832 3588 censorin-5,
875 3539 1054 3602 quem
1083 3526 1209 3579 tam
1245 3518 1339 3581 rei
1370 3516 1657 3601 publicae
1685 3515 1884 3577 hercle
1895 3514 2031 3601 fnit
2054 3516 2228 3578 nasci
2255 3539 2437 3601 quam

183 3615 556 3701 Scipionem
581 3662 599 3692 ,
645 3623 712 3677 et
755 3613 838 3677 de
885 3614 1231 3678 clementia
1277 3637 1317 3689 1,
1338 3615 1415 3678 18
1452 3614 1693 3692 Quanto
1724 3623 1923 3675 autem
1959 3636 2081 3676 non
2108 3615 2280 3675 nasci
2305 3614 2442 3701 fuit

178 3735 391 3801 quam
432 3713 747 3774 numerari
787 3714 941 3775 inter
970 3713 1220 3798 publico
1261 3714 1424 3775 malo
1468 3710 1686 3774 natos!
1727 3709 1860 3773 hoc
1897 3709 1982 3773 ab
2013 3710 2437 3794 antiquorum

177 3833 324 3875 usu
357 3809 869 3872 remotissimum
914 3818 1047 3883 est,
1092 3831 1313 3894 neque
1343 3809 1699 3873 Horatium
1742 3830 1821 3871 eo
1852 3807 2052 3872 modo
2084 3809 2435 3892 scripsisse

178 3906 408 3974 credo
456 3907 524 3969 in
566 3929 942 3971 sermonum
974 3909 1113 3983 11‚5‚
1134 3908 1250 3972 103
1294 3919 1350 3972 et
1374 3908 1429 3970 si
1459 3907 1727 3992 paulum
1756 3917 1962 3991 pote3‚
2005 3908 2436 3973 inlacrimare.

179 4020 278 4072 est
318 4005 580 4070 Gaudia
612 4006 971 4090 prodentem
1007 4007 1228 4071 voltum
1272 4006 1470 4069 celare
1497 4030 1521 4087 ,-
1572 4004 1686 4067 ubi
1726 4004 2011 4068 litteram
2056 4003 2436 4069 addendam

177 4123 489 4176 cense0‚
532 4101 663 4165 hoc
706 4101 942 4177 modo,
990 4104 1345 4167 inlacrimat.
1379 4127 1410 4166 e
1438 4126 1508 4165 re
1537 4113 1623 4167 est
1658 4104 1910 4167 Gaudia
1928 4104 2283 4189 prodentem
2312 4106 2435 4168 vol-

173 4216 318 4267 tum
355 4201 590 4264 celare.

364 4297 508 4360 536.
542 4319 793 4362 suren
837 4321 1190 4363 manns.
1233 4300 1560 4364 Marullus
1593 4322 1935 4364 sun-ren.

369 4395 510 4463 537.
535 4394 652 4458 Ex
681 4419 987 4462 ninum·
1017 4419 1225 4461 Assvo
1245 4446 1259 4460 .
1293 4398 1680 4478 Quadratus
1704 4422 1807 4462 evo
1827 4447 1840 4460 .
1871 4396 2070 4460 huius
2094 4401 2437 4459 corrector

179 4496 362 4562 fecit
383 4517 404 4557 1
421 4517 464 4559 n
480 4516 516 4556 ε
533 4516 574 4556 u
589 4517 632 4557 N
647 4518 687 4558 r
703 4518 740 4559 E
766 4520 886 4577 evo,
904 4496 1130 4581 itaque
1144 4496 1477 4563 Antonius
1501 4496 1694 4560 Marii
1713 4494 2193 4560 etVeronensis
2213 4492 2433 4556 editio,
