3042 5192
590 462 728 529 306
1668 457 1735 520 V

587 636 738 699 litas
768 632 1352 719 apudCharisium
1383 655 1444 717 p.
1473 631 1586 694 177
1619 639 1903 715 apparet
1931 632 1998 693 in
2028 631 2253 695 verbis
2284 631 2484 716 Aspri
2507 680 2520 692 .
2558 633 2614 694 is
2646 633 2805 694 enim

588 733 672 796 de
706 732 1110 796 Sallustiano
1141 779 1156 802 ‚
1206 727 1391 813 quod
1434 736 1540 791 est
1577 731 1847 792 Ueterum
1878 730 2193 792 cons—ilium
2224 741 2309 793 est
2349 731 2633 815 Yiyrmu's
2668 778 2684 806 ‚
2724 731 2809 799 ita

588 831 996 916 quaesivisse
1044 828 1318 902 (licitur,
1375 830 1647 891 Ceterum
1691 829 1987 913 quomodo
2020 829 2285 913 positum
2329 829 2467 891 est?
2502 851 2628 913 pro
2668 830 2811 891 alio·

583 928 789 1016 quin?
834 928 1104 1013 alioquin
1146 925 1314 1010 (hoc
1358 926 1531 988 enim
1571 926 1676 988 bis
1707 925 2132 989 scribendum
2178 928 2320 1009 est)
2359 927 2677 990 covas-ilium
2705 937 2811 989 est.

583 1051 666 1091 an
683 1050 807 1113 pro
835 1027 1128 1089 relicuum
1148 1073 1166 1103 ,
1195 1037 1263 1088 ut
1288 1025 1367 1086 sit
1391 1022 1657 1087 nomen?
1684 1025 1939 1087 relicum
1969 1027 2283 1088 consilium
2316 1036 2433 1088 est.
2465 1046 2643 1108 quae
2667 1024 2813 1087 Lin-

585 1124 951 1189 (lemannus
972 1124 1067 1187 ita
1089 1121 1394 1186 distinxit
1417 1128 1493 1184 ut
1512 1120 1805 1204 intellegi
1827 1143 1964 1185 non
1988 1122 2284 1208 possint.
2310 1130 2418 1185 est
2439 1129 2665 1185 autem
2692 1122 2813 1185 Os-

584 1245 813 1286 corum
852 1246 894 1284 u
935 1227 1416 1284 consonantem
1444 1218 1667 1283 facere
1698 1242 1821 1305 pro
1851 1220 2068 1284 vocali
2098 1271 2113 1298 ‚
2157 1220 2270 1305 qui
2303 1219 2627 1283 dixerunt
2664 1221 2815 1304 Cap-

581 1345 720 1386 vam
764 1327 831 1382 et
880 1320 1218 1401 Pacc'ium5
1260 1316 1446 1402 quod
1475 1316 1884 1383 Theodorus
1914 1319 2393 1383 Mommsenius
2438 1339 2660 1404 nuper
2699 1317 2812 1380 do-

584 1423 721 1487 cuit
753 1471 766 1484 .
811 1422 1038 1506 itaque
1069 1419 1288 1483 Varro
1324 1421 1617 1483 Pac-vium
1656 1419 1720 1482 in
1769 1419 1907 1482 suis
1955 1416 2040 1480 de
2085 1418 2310 1503 lingua
2347 1418 2597 1481 Latina
2636 1415 2814 1479 libris

583 1522 716 1606 (sic
755 1519 897 1582 fere
940 1541 1204 1605 semper
1234 1518 1696 1602 Florentinus)
1741 1525 1810 1581 ct
1850 1518 1919 1580 in
1962 1516 2435 1602 epigrammate
2482 1514 2681 1600 quod
2717 1522 2813 1577 est

582 1617 764 1705 apud
792 1618 1082 1681 Nonium
1114 1642 1174 1704 p.
1195 1617 1295 1691 83,
1314 1617 1352 1679 4
1389 1665 1404 1692 ‚
1449 1617 1640 1679 Pacvi
1668 1615 1855 1700 (libri
1888 1616 2227 1698 Paetwius)
2260 1615 2605 1700 discipulus
2630 1615 2813 1690 dicor,

569 1740 765 1803 porro
792 1717 846 1778 ie
856 1716 994 1802 snit
1019 1715 1190 1778 Enni
1216 1763 1234 1793 ,
1277 1715 1503 1779 Enniu'
1532 1737 1849 1777 musarum
1867 1739 1888 1776 .·
1924 1713 2264 1797 Pompilius
2293 1714 2503 1776 elueor
2520 1760 2535 1775 .
2582 1709 2811 1775 eodem

581 1814 874 1900 pertinet
903 1814 1144 1876 Vesvius
1173 1833 1363 1875 mons
1382 1861 1397 1888 ,
1429 1812 1543 1897 qui
1575 1833 1616 1874 a
1643 1811 1826 1875 nullo
1856 1817 2210 1896 poetarum
2239 1810 2462 1874 dictus
2494 1819 2605 1874 est
2638 1812 2811 1874 lesu-

577 1915 710 1976 vins
733 1959 751 1991 ‚
798 1909 985 1995 quod
1027 1931 1269 1973 nomen
1315 1910 1440 1972 fuit
1481 1932 1567 1973 ex
1611 1911 1917 1974 omnibus
1957 1909 2277 1974 brevibus
2310 1958 2324 1972 .
2368 1930 2447 1972 ac
2481 1910 2814 1996 posterior

580 2018 769 2074 aetas
800 2009 997 2072 etiam
1022 2031 1408 2094 &mervaqua
1439 2016 1507 2072 et
1534 2031 1937 2093 setpervacum
1965 2007 2135 2071 dixit
2152 2057 2166 2071 .
2196 2007 2323 2071 iam
2352 2009 2591 2071 relicuo
2622 2007 2812 2072 simil·

577 2110 800 2173 limum
843 2116 949 2171 est
990 2108 1292 2170 delicumn
1322 2155 1341 2186 ,
1390 2104 1578 2191 quod
1624 2107 1893 2191 legebat
1932 2107 1999 2169 in
2044 2105 2289 2171 Casina
2316 2105 2543 2170 Plauti
2574 2130 2648 2172 11.
2664 2106 2812 2180 233

579 2206 802 2270 Varro
834 2203 918 2268 de
949 2205 1171 2288 lingua
1199 2204 1440 2268 Latina
1467 2227 1565 2267 vn
1595 2229 1660 2291 p.
1679 2205 1803 2269 384
1834 2213 1902 2269 et
1929 2204 2138 2268 habet
2165 2213 2360 2268 vetus
2391 2204 2670 2278 codex
2709 2204 2809 2268 alii

577 2305 792 2368 minus
834 2303 994 2366 boni
1037 2303 1417 2388 deliquium,
1465 2303 1714 2368 Paulus
1756 2302 2082 2367 diaconus
2112 2326 2177 2388 p.
2200 2303 2281 2366 56
2320 2304 2633 2390 deliqnum
2678 2303 2811 2366 sive

578 2403 956 2488 deliquium.
1003 2399 1110 2463 his
1154 2400 1356 2484 igitur
1386 2422 1464 2464 ea
1496 2422 1671 2485 quae
1702 2401 1915 2465 eidem
1943 2401 2215 2488 regulae
2247 2402 2603 2466 subiacent
2630 2401 2810 2487 paria

578 2509 782 2573 sunt,
828 2501 1122 2582 inqenuus
1147 2509 1481 2583 perpetuus
1509 2546 1529 2578 ‚
1577 2500 1867 2564 adsiduus
1906 2503 2185 2566 residuus
2212 2503 2466 2586 exiynus
2496 2502 2809 2586 ambigam

567 2599 941 2685 praecipiam
967 2595 1291 2658 succiduus
1308 2598 1672 2682 penspiemcs
1706 2602 2021 2663 continuus
2050 2602 2392 2686 emdiqmae.
2423 2597 2807 2685 discrepant

577 2696 857 2782 primum
889 2692 1131 2777 quibus
1147 2695 1317 2777 prod
1357 2702 1426 2757 et
1451 2696 1604 2758 indu
1632 2706 2172 2783 praeponuntur
2204 2700 2510 2785 prodique
2538 2701 2804 2785 indique,

577 2792 668 2859 ad
711 2812 993 2876 quorum
1037 2792 1405 2878 exemplum
1448 2795 1858 2859 recentiores
1886 2795 2193 2861 fecerunt
2220 2799 2574 2883 disp-efflas,
2616 2820 2803 2883 seyr-e-

570 2916 688 2979 qus
719 2940 737 2971 ,
784 2911 933 2953 cum
976 2890 1418 2974 antiquissimi
1435 2893 1779 2978 prodiyuas
1806 2894 2034 2958 hostias
2063 2892 2395 2958 dixissent
2423 2944 2439 2970 ,
2489 2894 2680 2980 quod
2710 2903 2807 2957 est

576 2988 760 3077 apud
787 2987 1056 3052 Festum
1088 3011 1149 3073 p.
1170 2986 1311 3061 250,
1331 2988 1371 3051 9
1401 3012 1416 3066 ;
1462 2987 1705 3053 deinde
1746 2991 1813 3054 in
1845 2994 2088 3077 quibus
2116 2992 2515 3078 incorrupta
2546 3005 2655 3058 est
2680 3014 2802 3057 me-

578 3087 690 3152 dia
728 3086 1042 3172 simplicis
1087 3085 1348 3172 syllaba
1388 3108 1538 3150 cum
1584 3089 1800 3153 vocali
1842 3112 1967 3154 sua
2007 3099 2278 3176 praeter
2307 3115 2340 3154 e
2364 3139 2383 3170 ,
2432 3093 2805 3177 mayn-adnm,

575 3186 1122 3270 invidmprovidm
1143 3185 1380 3248 dividas
1410 3186 1534 3269 (sic
1561 3195 1745 3250 recte
1777 3208 1817 3250 a
1846 3189 2164 3253 dividendo
2187 3188 2431 3252 Accius
2460 3189 2655 3274 apud
2672 3188 2803 3252 No-

572 3287 750 3348 nium
796 3307 862 3369 p.
889 3283 986 3356 95,
1016 3282 1137 3366 25)
1181 3284 1460 3372 perfidus
1509 3285 1716 3348 obvius
1739 3334 1759 3364 ,
1815 3286 2087 3350 dissonus
2139 3288 2471 3372 interpolas
2524 3288 2805 3350 maheldus

572 3383 913 3447 commoda-s⁸
933 3381 1222 3465 reprobus
1234 3403 1578 3467 praecoque
1596 3384 1839 3469 relnque
1860 3382 2028 3467 (hoc
2059 3384 2227 3447 enim
2257 3384 2490 3449 lexicis
2521 3385 2803 3449 inferen-

572 3480 728 3544 dum
772 3489 877 3543 est
919 3501 1002 3541 ex
1033 3477 1341 3542 Varrone
1372 3478 1457 3542 de
1487 3479 1714 3565 lingua
1742 3481 1981 3545 Latina
2006 3503 2078 3546 vl
2108 3505 2173 3567 p.
2192 3482 2348 3556 233,
2396 3482 2569 3547 Hinc
2597 3485 2801 3548 dietm-

573 3589 671 3642 cur
697 3577 1000 3662 eloquium
1031 3599 1106 3638 ac
1126 3577 1363 3662 reloqui
1389 3578 1455 3639 in
1466 3577 1651 3663 ‚sanie
1678 3579 1925 3644 Sabini-s·
1945 3605 1978 3644 e
2000 3582 2157 3644 cella
2178 3581 2277 3644 dei
2297 3583 2440 3668 quei
2459 3583 2801 3668 quvctmhcr,

572 3676 685 3740 ubi
722 3673 1151 3738 Florentinus
1195 3697 1270 3737 ae
1309 3675 1536 3761 reliqui
1580 3685 1649 3740 et
1689 3679 1798 3763 qui
1837 3679 2233 3765 eloquuntur)
2261 3727 2280 3759 ,
2310 3678 2627 3767 prosaque
2664 3703 2800 3743 con-

562 3797 758 3860 ymus
784 3770 1125 3860 mtperflmw
1146 3774 1573 3856 (quamquam
1583 3774 1926 3864 profluvii&
1949 3797 2219 3861 quoque
2252 3785 2356 3841 est
2372 3826 2391 3852 ‚
2417 3786 2497 3841 ut
2526 3779 2803 3842 adlueim

568 3881 635 3936 et
677 3872 929 3937 oblivius
959 3920 974 3946 ‚
1018 3869 1102 3932 de
1147 3891 1281 3954 quo
1331 3869 1471 3934 dixi
1512 3872 1582 3935 in
1626 3893 1858 3937 museo
1898 3872 2227 3937 Rhenano
2273 3895 2457 3938 novo
2490 3923 2507 3946 ‚
2548 3895 2607 3937 a.
2646 3874 2798 3939 1845

563 3993 627 4056 p.
647 3970 806 4054 611)
839 3994 853 4032 z
900 3967 1022 4033 sed
1067 3969 1393 4055 confi-aque
1434 3991 1475 4034 a
1495 3970 1856 4057 sranyendo
1898 3992 2117 4056 neque
2159 3973 2453 4036 anticum
2497 3981 2605 4037 est
2642 3994 2799 4038 nec.

562 4076 729 4153 puto
748 4117 763 4142 ‚
793 4077 977 4131 recte
998 4067 1278 4129 factum.
1310 4089 1445 4130 non
1471 4069 1810 4156 pertinent
1837 4079 2055 4134 autem
2080 4070 2212 4134 huc
2235 4091 2412 4155 quae
2441 4071 2587 4134 sine
2609 4091 2797 4158 prae-

564 4166 901 4252 positione
931 4186 1069 4228 non
1101 4165 1314 4228 minus
1344 4166 1607 4250 integra
1634 4177 1939 4242 manent,
1976 4170 2271 4233 subcava-5
2288 4192 2603 4255 pen-eaque
2626 4192 2795 4233 eons-

562 4267 691 4328 εἰπε
716 4312 734 4343 ,
791 4285 1199 4350 supervacuus
1239 4264 1570 4349 inv-zyma,-
1623 4286 1758 4350 quo
1803 4268 2083 4331 dividuus
2124 4265 2553 4330 referendum
2592 4273 2761 4353 puto
2779 4312 2794 4338 ‚

559 4362 745 4447 quod
775 4363 1076 4449 plerique
1105 4362 1199 4426 ita
1229 4361 1542 4428 dixerunt
1575 4414 1590 4440 ,
1634 4364 1889 4429 scilicet
1926 4386 1968 4429 a
1994 4366 2176 4430 viduo
2206 4365 2509 4431 similiter
2539 4361 2791 4428 deduc·
