3042 5192
600 439 737 508 132
1645 434 1774 502 ΙΠΙ

593 614 813 679 omnia
840 610 1163 675 mendose
1190 609 1332 673 fieri
1365 619 1568 693 atque
1600 608 1871 695 obstipa
1898 629 2183 674 neeesse
2216 619 2323 676 est

591 749 801 817 prava
831 727 1143 791 cubantia
1170 745 1390 812 prona
1420 724 1660 809 supina
1689 733 1893 809 atque
1921 725 2179 789 absona
2207 733 2420 802 tecta,

587 846 721 909 iam
746 864 941 907 ruere
970 849 1045 905 ut
1076 839 1405 927 quaedam
1432 838 1791 902 videantur
1817 838 1990 904 velle
2007 890 2022 916 ,
2043 848 2378 928 ruantque

588 957 864 1046 prodita
886 956 1150 1022 iudiciis
1180 955 1531 1020 fallacibus
1562 957 1782 1018 omnia
1808 956 2040 1040 primis
2061 1005 2078 1031 ‚

435 1092 534 1138 520
590 1075 686 1138 sic
713 1074 919 1160 igitur
948 1073 1121 1137 ratio
1152 1070 1273 1135 tibi
1299 1091 1523 1134 rerum
1554 1091 1766 1156 prava
1791 1080 2143 1135 necessest

587 1188 894 1274 falsaque
924 1189 1015 1251 sit
1031 1237 1046 1262 ‚
1068 1186 1255 1251 falsis
1286 1207 1458 1270 quae
1491 1206 1775 1270 cumque
1804 1186 1889 1249 ab
1919 1186 2227 1251 sensibus
2258 1195 2507 1253 ortast.

669 1303 868 1367 Nune
897 1303 1005 1366 alii
1035 1323 1275 1365 sensus
1306 1322 1441 1385 quo
1472 1307 1674 1385 pacto
1707 1299 1992 1386 quisque
2025 1323 2212 1365 suam
2239 1325 2379 1366 rem

587 1420 832 1483 sentiat
849 1467 864 1494 ‚
886 1416 1072 1481 haud
1103 1436 1438 1501 quaquam
1467 1416 1639 1479 ratio
1673 1436 2004 1501 scruposa
2031 1416 2266 1481 relicta
2296 1426 2430 1480 est.

669 1533 1008 1619 Principio
1039 1529 1305 1595 auditur
1335 1551 1543 1594 sonus
1576 1538 1643 1594 et
1668 1551 1807 1595 vox
1836 1531 2051 1595 omnis
2070 1580 2086 1606 ‚
2104 1532 2177 1595 in
2207 1533 2387 1595 auris

432 1667 528 1711 525
583 1650 918 1713 insinuata
947 1668 1069 1711 suo
1100 1645 1420 1732 pepulere
1449 1646 1565 1709 ubi
1596 1666 1885 1732 corpore
1914 1667 2184 1711 sensum
2204 1697 2217 1711 .

588 1784 982 1849 corpoream
1009 1782 1245 1828 vocem
1279 1781 1551 1846 quoque
1584 1761 1755 1825 enim
1786 1770 2096 1826 constare
2124 1761 2537 1826 fatendumst

588 1887 654 1943 et
685 1879 976 1942 sonitum
995 1926 1010 1954 ‚
1036 1878 1351 1963 quoniam
1379 1884 1673 1961 possunt
1698 1876 2019 1962 inpellere
2049 1899 2290 1942 sensus
2312 1927 2325 1941 .

582 2001 934 2079 praeterea
959 1991 1140 2057 radit
1166 2014 1305 2056 vox
1329 1990 1559 2055 fauces
1590 2013 1792 2079 saepe
1811 2040 1826 2067 ‚
1847 1991 2145 2079 facitque
2181 1995 2187 2000 ’

585 2111 931 2195 asperiora
957 2109 1141 2172 foras
1170 2106 1486 2193 gradiens
1516 2108 1763 2170 arteria
1792 2108 2041 2171 clamor
2061 2158 2074 2171 .

426 2241 526 2289 530
583 2227 831 2311 quippe
849 2274 864 2300 ,
886 2245 1011 2309 per
1039 2230 1393 2308 angustum
1423 2222 1623 2286 turba
1651 2223 1900 2287 maiore
1931 2231 2168 2288 coorta

580 2341 675 2403 ire
703 2338 889 2404 foras
917 2339 1033 2402 ubi
1062 2344 1434 2424 coeperunt
1459 2337 1828 2423 primordia
1855 2361 2097 2403 vocum
2117 2388 2132 2414 ‚

581 2455 834 2519 seilicet
852 2503 865 2529 ‚
892 2453 1140 2539 expleti
1171 2473 1440 2537 quoque
1466 2453 1671 2516 ianua
1696 2452 1959 2518 raditur
1989 2454 2125 2519 oris
2147 2502 2160 2516 .

580 2569 766 2633 haud
792 2570 995 2656 igitur
1025 2567 1368 2631 dubiumst
1398 2567 1560 2653 quin
1586 2590 1792 2632 voces
1819 2570 2163 2654 verbaque
2194 2575 2512 2633 constent

582 2685 925 2770 corporeis
956 2704 993 2746 e
1021 2683 1365 2769 principiis
1384 2731 1399 2759 ‚
1422 2690 1499 2746 ut
1528 2682 1796 2746 laedere
1825 2685 2124 2768 possint.

425 2817 521 2863 535
578 2821 703 2863 nec
732 2807 801 2863 te
831 2797 1001 2862 fallit
1025 2798 1183 2861 item
1216 2796 1378 2882 quid
1409 2798 1718 2884 corporis
1748 2797 2008 2862 auferat
2037 2806 2105 2862 et
2136 2797 2296 2883 quid

580 2914 894 2978 detrahat
923 2935 1007 2976 ex
1034 2912 1375 2976 hominum
1402 2913 1631 2977 nervis
1660 2932 1740 2975 ac
1768 2913 2023 2977 viribus
2048 2913 2215 3000 ipsis

577 3037 948 3119 perpetuus
981 3049 1198 3093 sermo
1227 3025 1439 3112 nigrai
1467 3028 1689 3092 noctis
1718 3026 1809 3091 ad
1836 3028 2137 3093 umbram

578 3165 859 3210 aurorae
889 3142 1255 3229 perductus
1285 3142 1370 3206 ab
1402 3142 1747 3206 exoriente
1776 3144 1996 3208 nitore
2015 3191 2030 3220 ‚

575 3260 968 3346 praesertim
997 3258 1053 3321 si
1085 3278 1233 3320 cum
1263 3264 1590 3321 summost
1622 3257 1910 3322 clamore
1938 3258 2290 3345 profusuS.

421 3392 517 3439 540
575 3395 734 3460 ergo
766 3392 1159 3460 corpoream
1185 3392 1420 3435 vocem
1451 3379 1764 3436 constare
1791 3382 2167 3448 necessest,

572 3489 781 3555 multa
807 3487 1094 3572 loquens
1125 3486 1439 3570 quoniam
1468 3488 1711 3551 amittit
1740 3486 1825 3550 de
1856 3510 2141 3575 corpore
2169 3496 2459 3575 partem.

420 3621 514 3667 551
575 3603 905 3689 asperitas
939 3609 1159 3665 autem
1187 3602 1374 3666 vocis
1404 3602 1479 3666 fit
1509 3603 1593 3666 ab
1625 3603 1990 3690 asperitate

573 3719 1046 3806 principiorum
1065 3766 1080 3792 ‚
1105 3723 1174 3780 et
1198 3717 1360 3783 item
1388 3719 1576 3783 levor
1605 3718 1832 3783 levore
1865 3727 2163 3783 creatur:

421 3851 518 3897 542
572 3855 698 3898 nec
730 3833 920 3898 simili
946 3839 1306 3918 penetrant
1334 3833 1513 3897 auris
1543 3832 1912 3920 primordia
1935 3832 2151 3898 forma
2168 3883 2183 3910 ‚

575 3970 725 4012 cum
754 3946 920 4012 tuba
950 3945 1277 4033 depresso
1308 3948 1603 4033 graviter
1635 3949 1759 4012 sub
1789 3970 2123 4012 murmure
2151 3951 2361 4034 mugit

575 4070 642 4127 et
670 4063 909 4128 reboat
933 4083 1205 4127 raucum
1234 4062 1421 4148 regio
1454 4064 1587 4129 cita
1614 4065 1902 4128 barbara
1929 4063 2244 4129 bombum
2263 4113 2279 4138 ‚

578 4346 676 4392 517
717 4338 890 4391 Parva
926 4339 946 4409 ΙΙ
986 4344 1083 4391 526
1122 4339 1399 4412 Cot-porea
1435 4340 1456 4414 ΙΙ
1494 4358 1678 4395 vocem
1716 4350 1982 4396 omissum.
2023 4341 2043 4414 ΙΙ
2090 4347 2187 4394 532
2227 4341 2454 4413 expletis
2492 4340 2514 4411 ΙΙ
2553 4347 2652 4393 552
2691 4340 2810 4393 levo

576 4422 767 4476 letior-e
802 4419 824 4492 ΙΙ
863 4428 961 4475 543
998 4439 1267 4476 murmura
1303 4423 1323 4494 ΙΙ
1362 4431 1461 4476 544
1496 4433 1712 4479 revorat
1748 4424 1768 4494 ΙΙ
1806 4432 1953 4478 retro
