3042 5192
405 635 504 682 474

405 865 501 912 477

566 445 655 512 56
1645 445 1706 513 11

558 640 751 683 umor
779 616 993 682 dulcis
1011 668 1027 695 ‚
1066 619 1182 684 ubi
1208 640 1335 706 per
1364 627 1582 685 terras
1612 620 1911 686 crebrius
1938 619 2116 685 idem

558 733 942 820 percolatur
958 783 975 810 ‚
996 742 1073 798 ut
1099 735 1173 798 in
1196 733 1459 800 foveam
1487 733 1653 800 fluat
1679 758 1760 799 ac
1787 743 2212 800 mansuescat
2228 785 2244 811 ‚

558 870 801 936 aspera
830 870 964 935 quo
993 849 1202 935 magis
1227 850 1299 913 in
1325 850 1526 914 terris
1553 849 1949 915 haerescere
1977 850 2245 937 possint
2263 899 2277 913 .

645 962 848 1044 Quod
877 964 1187 1049 quoniam
1217 962 1414 1028 docui
1432 1013 1447 1040 ‚
1469 985 1745 1051 pergam
1774 973 2128 1030 conectere
2157 986 2296 1029 rem
2329 986 2500 1050 quae

562 1098 647 1143 ex
673 1077 807 1142 hoc
835 1086 996 1164 apta
1020 1076 1221 1142 fidem
1253 1077 1460 1144 ducat
1476 1128 1491 1155 ‚
1513 1078 1880 1166 primordia
1906 1102 2130 1145 rerum

407 1208 505 1256 480
557 1191 742 1258 finita
771 1194 1030 1258 variare
1059 1193 1418 1279 figurarum
1445 1194 1707 1258 ratione
1726 1243 1740 1257 .

409 1781 506 1827 485

413 2355 512 2403 490

415 2919 513 2966 495

422 3496 517 3543 500

565 1305 750 1393 quod
779 1308 836 1371 si
862 1329 1001 1371 non
1028 1307 1124 1372 ita
1152 1308 1241 1371 sit
1259 1357 1273 1384 ,
1296 1329 1564 1373 rursum
1591 1309 1721 1372 iam
1751 1308 2003 1373 semina
2031 1308 2361 1394 quaedam

564 1442 712 1486 esse
741 1420 995 1487 infinito
1027 1421 1372 1488 debebunt
1400 1423 1706 1509 corporis
1735 1432 1935 1488 auctu
1956 1472 1971 1487 .
3027 1476 3028 1505 ¹

562 1556 847 1621 namque
878 1534 1113 1601 eadem
1138 1537 1334 1601 unius
1365 1537 1656 1602 cuiusvis
1681 1539 1751 1602 in
1778 1538 2108 1603 brevitate

564 1651 867 1737 corporis
894 1651 1068 1715 inter
1098 1671 1173 1715 se
1201 1651 1478 1716 multum
1504 1652 1766 1717 variare
1793 1652 2045 1739 figurae
3027 1658 3028 1693 ¹

560 1786 699 1830 non
725 1773 1047 1852 possunt.
1071 1765 1180 1831 fac
1209 1766 1382 1829 enim
1407 1766 1689 1831 minimis
1718 1789 1755 1831 e
1784 1767 2089 1854 partibus
2120 1788 2270 1832 esse
3027 1704 3028 1797 1

564 1901 851 1968 corpora
877 1880 1090 1967 prima
1121 1879 1368 1956 tribus,
1389 1881 1499 1946 vel
1526 1882 1729 1969 paulo
1759 1882 2061 1970 pluribus
2092 1903 2295 1968 auge:
3027 1844 3028 1893 ¹

567 2016 805 2082 nempe
833 1994 950 2059 ubi
981 2015 1095 2059 eas
1123 1995 1336 2083 partis
1365 1997 1562 2061 unius
1594 1997 1897 2085 corporis
1927 1997 2138 2062 omnis
2156 2046 2172 2071 ‚

568 2131 820 2174 summa
849 2118 1054 2196 atque
1082 2110 1214 2175 ima
1240 2110 1472 2176 locans
1491 2161 1507 2187 ‚
1531 2120 1985 2177 transmutans
2017 2110 2298 2176 dextera
2327 2112 2534 2177 laevis
2555 2165 2570 2187 ‚

566 2224 960 2290 omnimodis
992 2233 1313 2312 expertus
1343 2227 1474 2291 eris
1492 2276 1507 2303 ‚
1535 2248 1735 2312 quam
1765 2227 2054 2312 quisque
2084 2225 2204 2291 det
2231 2226 2403 2292 ordo

566 2339 804 2405 formai
834 2341 1122 2428 speciem
1150 2340 1361 2405 totius
1392 2342 1697 2428 eorporis
1728 2342 1870 2405 eius
1889 2389 1905 2417 ‚

568 2453 755 2538 quod
783 2476 985 2541 super
1016 2463 1151 2530 est,
1177 2456 1233 2519 si
1260 2454 1438 2519 forte
1465 2455 1655 2521 voles
1682 2456 1944 2520 variare
1969 2453 2218 2539 figuras
2237 2505 2253 2530 ‚

565 2566 950 2632 addendum
980 2569 1192 2653 partis
1223 2568 1386 2633 alias
1417 2569 1546 2633 erit
1564 2617 1577 2631 .
1601 2568 1759 2632 inde
1789 2576 2112 2654 sequetur
2131 2618 2147 2644 ‚
3027 2638 3028 2657 3

567 2681 847 2746 adsimili
875 2682 1137 2747 ratione
1167 2682 1331 2746 alias
1361 2690 1438 2745 ut
1464 2683 1767 2769 postulet
1797 2681 1966 2747 ordo
1988 2731 2005 2758 ‚
3027 2678 3028 2763 ἦ

569 2791 626 2855 si
654 2798 729 2854 tu
758 2794 937 2860 forte
966 2796 1155 2860 voles
1187 2796 1384 2860 etiam
1411 2797 1672 2861 variare
1699 2797 1945 2884 figuras
1966 2847 1979 2860 .

571 2927 731 2994 ergo
762 2909 1123 2976 formarum
1150 2910 1517 2975 novitatem
1548 2913 1851 2999 corporis
1880 2933 2163 2998 augmen
3027 2894 3028 2907 ³

572 3023 1037 3110 subsequitur.
1064 3047 1271 3112 quare
1298 3047 1436 3089 non
1468 3025 1575 3091 est
1601 3033 1679 3091 ut
1708 3026 1985 3091 credere
2013 3028 2234 3115 possis

571 3158 719 3203 esse
748 3140 1018 3205 infinitis
1050 3139 1369 3206 distantia
1399 3141 1652 3205 semina
1679 3141 1910 3206 formis
1929 3191 1944 3216 ‚

569 3274 655 3316 ne
688 3254 1015 3340 quaedam
1045 3277 1250 3342 cogas
1278 3256 1526 3320 inmani
1552 3256 1960 3319 maximitate

572 3388 719 3432 esse
737 3418 754 3445 ‚
777 3390 985 3455 supra
1015 3368 1201 3455 quod
1228 3370 1357 3433 iam
1388 3368 1590 3432 docui
1618 3390 1759 3432 non
1786 3389 1991 3453 posse
2019 3370 2294 3456 probari
2312 3420 2325 3433 .

572 3481 702 3545 iam
729 3483 852 3547 tibi
878 3481 1268 3547 barbaricae
1298 3491 1523 3547 vestes
1553 3482 2019 3568 Meliboeaque
2047 3482 2309 3569 fulgens

572 3618 873 3684 purpura
901 3596 1291 3662 Thessalico
1323 3597 1730 3661 concharum
1760 3604 1942 3661 tacta
1971 3599 2195 3664 colore
2216 3649 2231 3675 ‚

573 3730 775 3775 aurea
791 3761 807 3787 ‚
828 3734 1165 3799 pavonum
1193 3711 1436 3776 ridenti
1463 3712 1718 3776 imitata
1744 3712 1976 3799 lepore

575 3826 826 3903 saecla,
848 3848 1026 3894 novo
1056 3849 1278 3892 rerum
1307 3833 1623 3913 superata
1652 3826 1877 3891 colore
1905 3827 2200 3893 iacerent

577 3946 645 4003 et
674 3949 1097 4027 contemptus
1129 3941 1301 4006 odor
1333 3963 1644 4028 smyrnae
1674 3942 2017 4029 mellisque
2047 3964 2324 4029 sapores
2344 3993 2359 4015 ‚
2423 4025 2431 4033 ·

582 4251 680 4299 483
719 4248 770 4299 in
807 4247 989 4301 eadem
1024 4267 1129 4302 una
1166 4248 1187 4321 ΙΙ
1222 4257 1320 4303 486
1358 4251 1514 4321 paula
1551 4253 1571 4322 Η
1608 4257 1706 4304 488
1747 4258 2069 4304 transmutas
2106 4248 2126 4321 ΙΙ
2165 4255 2264 4303 489
2302 4250 2605 4307 Omnimodi
2643 4252 2664 4323 ΙΙ
2702 4260 2798 4307 495

584 4330 854 4401 augimen.
892 4329 913 4399 ΙΙ
950 4338 1048 4385 497
1073 4333 1267 4387 femina
1304 4336 1325 4403 ΙΙ
1361 4340 1460 4388 499
1485 4334 1738 4405 probare.
1778 4335 1799 4406 ΙΙ
1838 4341 1930 4387 501
1967 4342 2110 4388 tecta
2141 4332 2160 4403 ΙΙ
2199 4340 2296 4389 502
2332 4333 2509 4389 rident
2545 4337 2742 4391 imbuta
2781 4334 2800 4405 ΙΙ

586 4418 681 4466 503
708 4430 847 4467 nova
871 4411 892 4486 ΙΙ
921 4420 1019 4470 504
1046 4414 1182 4469 udor
