3042 5192
627 448 766 515 304
1712 443 1775 509 V

622 644 788 686 RAM
826 641 1224 684 mrrssn'rr:
1261 640 1580 681 LunuNA
1620 640 1945 681 PAnnrr.
1979 617 2342 682 Corrector
2373 617 2645 705 oblongi
2674 621 2838 706 desert

621 732 714 783 et:
741 719 990 782 rectius
1014 718 1163 781 Itali
1194 739 1543 780 mrrmwr
1573 738 1700 778 ΕΤ.
1732 715 1929 779 iidem
1962 739 2311 780 Rosnsm.
2339 716 2685 780 MArcrA
2719 718 2835 781 Ma·

620 818 830 882 rullus
861 816 1125 901 egregie
1146 865 1160 878 .

786 916 926 978 667.
958 936 1248 978 rossrr
1269 961 1282 975 .
1313 904 1611 975 Pessime
1642 913 1787 976 Itali
1809 962 1824 988 ‚
1863 934 2038 997 quos
2068 934 2302 976 omnes
2333 921 2692 988 secuntur,
2722 938 2841 999 pos-

617 1017 738 1077 sint
766 1063 780 1076 .
827 1010 1252 1077 scribendum
1286 1018 1390 1074 est
1418 1033 1560 1073 ros
1578 1033 1784 1074 sui-vr
1804 1060 1820 1086 ‚
1861 1019 1939 1074 ut
1969 1033 2176 1097 supra
2207 1011 2330 1074 589
2361 1013 2584 1075 absunt
2608 1034 2731 1096 pro
2759 1014 2846 1075 ab·

620 1114 699 1176 sit
730 1162 744 1175 .
785 1112 881 1175 ita
910 1132 1172 1195 semper
1201 1109 1556 1172 Lucretius
1590 1158 1603 1170 .
1644 1110 1893 1171 ‘minime
1922 1110 2205 1172 mirabile
2233 1111 2401 1196 quod
2425 1110 2597 1172 vides
2629 1109 2849 1184 11‚464‚

617 1234 742 1274 uon
783 1222 870 1274 est
903 1209 1258 1271 mirandum
1296 1207 1460 1292 quod
1499 1207 1743 1291 quaerit
1769 1229 1858 1282 lv,
1875 1207 2001 1271 859
2029 1231 2043 1282 3
2088 1231 2200 1271 nec
2224 1209 2514 1271 mirabile
2543 1210 2713 1294 quod
2726 1232 2849 1294 pos·

619 1319 758 1372 sunt
785 1331 874 1382 lv,
891 1307 1014 1371 899
1045 1355 1060 1381 ,
1101 1305 1326 1367 mirari
1366 1305 1531 1365 mitte
1573 1305 1738 1389 quod
1770 1328 1895 1368 non
1934 1306 2092 1368 valet
2126 1306 2436 1378 Vl‚1057.
2481 1315 2725 1370 eontra
2751 1332 2847 1370 nou

620 1417 705 1469 est
743 1406 1023 1469 mirabile
1068 1426 1261 1489 qua-re
1306 1402 1585 1464 videatur
1630 1424 1698 1475 11,
1722 1402 1845 1465 310
1877 1450 1892 1476 ‚
1953 1427 2064 1465 car
2094 1405 2560 1488 perspiciamur
2608 1427 2699 1478 w,
2717 1404 2847 1474 258,

619 1527 746 1589 qua
774 1506 1008 1567 ratione
1035 1503 1277 1564 veniant
1305 1523 1394 1574 lv,
1415 1499 1554 1574 597,
1585 1523 1709 1585 qua
1738 1503 1974 1564 ratione
2003 1512 2185 1587 queat
2213 1523 2276 1575 v,
2294 1501 2411 1564 591
2438 1550 2451 1562 .

787 1599 1357 1663 675.F1.nmm
1389 1619 1811 1662 ros‘rssomo
1833 1645 1846 1659 .
1879 1598 2209 1662 Marullus
2237 1597 2553 1663 Furius
2576 1623 2621 1663 A
2643 1649 2656 1663 .
2691 1623 2847 1664 ros-

625 1720 891 1762 ·rnnmo
925 1704 1269 1760 corrector
1301 1695 1605 1779 oblongi.

787 1796 927 1859 679.
962 1795 1499 1869 CONSEQUIAE
1547 1815 1865 1869 QUOQUE
1914 1817 2063 1857 ιΑιιι
2104 1817 2375 1858 RERUM
2418 1819 2521 1860 Ex
2564 1819 2849 1860 onmm:

623 1916 709 1957 cr:
725 1916 819 1957 nr
836 1915 875 1955 o
897 1942 910 1954 .
937 1892 1349 1956 Veronensis
1374 1890 1581 1955 editio
1615 1893 1958 1977 Conseqnae
1971 1940 1989 1971 ,
2021 1893 2251 1956 neseio
2274 1891 2459 1956 unde
2477 1941 2494 1966 ‚
2520 1892 2651 1957 sed
2675 1896 2849 1980 paulo

621 1991 888 2066 melius3
918 1991 1285 2053 Brixiensis
1318 1992 1744 2076 Consequitur.
1775 1989 1924 2052 Itali
1956 1997 2025 2052 et
2046 1989 2372 2053 Marullus
2407 1992 2731 2078 Con-sequa
2754 2017 2851 2055 na·

625 2101 767 2152 tura
795 2100 910 2166 est,
943 2088 1271 2152 Avantius
1311 2089 1708 2174 Consequitur
1747 2088 2108 2173 quodque-st,
2150 2086 2623 2153 Wakefieldus
2662 2091 2852 2154 Comi*-

624 2189 806 2275 quiae
834 2188 1114 2273 quodque
1144 2197 1229 2249 est
1253 2193 1290 2267 ‚·'
1322 2208 1552 2250 omnes
1583 2185 1869 2273 pessime
1901 2234 1915 2260 ‚
1961 2183 2086 2248 sed
2115 2185 2357 2270 singuli
2386 2209 2556 2250 suos
2588 2186 2853 2250 admira·

621 2295 806 2349 tores
829 2286 1043 2348 nacti.
1076 2285 1229 2348 olim
1254 2284 1391 2348 dixi
1415 2286 1483 2348 in
1505 2284 1833 2347 Rhenano
1855 2304 2087 2346 museo
2112 2305 2179 2346 v1
2204 2307 2267 2370 p.
2288 2284 2405 2347 120
2439 2287 2853 2350 scribendum

625 2406 772 2447 esse
798 2382 848 2446 C
866 2406 906 2447 o
924 2406 966 2445 N
986 2405 1017 2445 s
1034 2406 1072 2444 E
1087 2405 1127 2458 Q
1144 2406 1184 2445 u
1200 2384 1238 2444 ἰΞ
1270 2406 1504 2469 quoque
1532 2384 1661 2448 iam
1689 2405 1732 2444 n
1746 2405 1783 2444 E
1799 2405 1841 2444 n
1859 2403 1897 2443 E
1915 2403 1956 2443 U
1971 2404 2014 2443 Ν
2030 2405 2069 2443 Τ
2101 2404 2177 2445 ex
2205 2383 2419 2446 ordine
2442 2398 2611 2448 certo
2630 2435 2645 2447 .
2677 2385 2854 2448 simil·

622 2482 845 2544 limum
886 2480 1041 2543 huic
1082 2479 1470 2544 adverbium
1502 2482 1761 2544 adsecue
1790 2477 2058 2542 ostendi
2087 2477 2333 2542 ibidem
2362 2480 2431 2543 in
2460 2480 2576 2545 his
2610 2485 2857 2568 elegan-

621 2578 890 2642 tissimis
923 2577 1140 2640 Plauti
1170 2579 1478 2641 versibus
1496 2627 1510 2652 ‚
1560 2599 1732 2662 quos
1763 2599 1847 2640 ex
1875 2577 2171 2640 Astraba
2201 2579 2502 2643 servavit
2525 2578 2755 2644 Varro
2785 2580 2859 2644 de

622 2676 849 2760 lingua
869 2675 1110 2737 Latina
1135 2697 1203 2737 v¹
1230 2697 1294 2759 p.
1314 2674 1436 2738 249
1454 2724 1468 2748 ‚
1496 2678 1601 2739 Ne
1621 2700 1869 2762 sequere
1891 2677 2159 2762 adsequi?
2170 2725 2189 2757 ‚
2212 2678 2622 2764 Polybadisce
2640 2732 2655 2743 .
2676 2705 2863 2745 meam

618 2797 786 2859 spem
815 2774 994 2858 capio
1025 2773 1309 2858 consequi
1340 2798 1360 2834 .·
1399 2773 1640 2858 Sequor
1666 2774 1866 2838 hercle
1895 2798 2028 2839 eam
2067 2775 2369 2858 (herclem
2396 2774 2865 2861 Florentinus)

621 2872 898 2958 quidem,
942 2894 1090 2933 nam
1118 2871 1366 2934 libenter
1391 2893 1531 2933 mea
1556 2884 1802 2956 sperata
1833 2896 2179 2958 consequor.
2209 2894 2433 2957 neque
2466 2875 2669 2939 aliter
2699 2876 2867 2939 idem

620 2970 901 3033 Plautus
923 2969 990 3031 in
1013 2967 1321 3032 Asinaria
1344 2991 1385 3044 1,
1410 2970 1461 3044 l,
1479 2968 1561 3032 62
1599 2970 1739 3035 Volo
1762 2972 1963 3035 amori
1984 2971 2302 3035 obsecutam
2323 2973 2526 3051 illius,
2554 2977 2697 3040 volo
2725 2987 2873 3039 amet

619 3092 714 3132 me
726 3078 970 3153 patrem
982 3092 1007 3148 ;
1030 3067 1143 3129 ubi
1164 3067 1316 3130 libri
1337 3067 1592 3131 habent
1611 3069 1949 3133 obsecutum
1959 3117 1978 3149 ,
2002 3077 2070 3132 et
2090 3070 2280 3154 peius
2302 3068 2576 3135 Nonius
2601 3096 2670 3158 p.
2686 3074 2872 3144 501‚9

624 3168 827 3229 amari
857 3166 1193 3229 obsecutam
1213 3213 1227 3227 .
1257 3165 1475 3228 minus
1508 3173 1762 3229 certum
1794 3175 1932 3242 est,
1971 3165 2095 3230 sed
2124 3168 2265 3231 veri
2296 3168 2508 3231 simile
2539 3217 2555 3244 ‚
2597 3172 2677 3234 in
2710 3173 2875 3257 Cap-

625 3262 781 3326 tivis
812 3286 880 3337 ιι,
900 3263 956 3338 3,
976 3261 1058 3326 58
1087 3263 1343 3349 obs-eque
1369 3261 1757 3326 addendum
1789 3286 1937 3328 esse
1959 3266 2053 3329 ita
2081 3314 2096 3339 ‚
2139 3265 2239 3329 Mi
2267 3267 2534 3353 obsequ&
2559 3270 2878 3357 obsequio-

619 3384 721 3422 sus
758 3385 993 3445 semper
1019 3360 1207 3447 suisti
1233 3409 1248 3423 .
1295 3362 1361 3424 di
1389 3410 1404 3436 ‚
1451 3373 1715 3425 vostram
1735 3364 1935 3452 fidem
1969 3412 1983 3425 .
2028 3363 2324 3426 similiter
2358 3364 2431 3427 in
2473 3365 2881 3432 Trinummo

628 3457 784 3522 1118
813 3458 1220 3522 Ritschelius
1259 3459 1438 3538 Quod
1461 3482 1579 3544 ayo
1605 3460 1767 3523 subit
1797 3510 1813 3540 ,
1858 3463 2115 3525 adsemte
2140 3463 2415 3547 sequitur
2435 3512 2449 3524 .
2481 3487 2717 3549 porro
2752 3491 2882 3530 oon-

618 3578 810 3640 seqaa
828 3557 1106 3640 payinae
1121 3568 1306 3641 parte
1337 3564 1406 3620 et
1432 3557 1730 3643 subsequa
1746 3560 2109 3643 probatione
2146 3581 2229 3622 ex
2257 3560 2655 3645 Apollinari
2692 3565 2885 3629 Sido-

623 3653 732 3715 nio
766 3663 968 3736 atque
995 3653 1237 3717 Orosio
1269 3656 1336 3718 in
1367 3657 1581 3719 lexica
1612 3656 1824 3720 relata
1849 3665 2038 3720 sunt.
2078 3665 2435 3744 praeterea
2464 3662 2673 3744 apud
2706 3665 2886 3749 Apu·

620 3752 813 3815 leium
842 3773 1164 3816 consecutis
1188 3752 1592 3818 adieetivum
1617 3755 1721 3818 bis
1751 3755 2071 3841 script-um
2089 3777 2238 3819 esse
2256 3758 2367 3840 (ut
2380 3756 2494 3820 hic
2512 3764 2887 3848 con-sequit)

621 3850 1010 3935 consequia-s,
1043 3849 1197 3911 olim
1225 3850 1512 3916 indicavi
1543 3877 1558 3929 ς
1607 3851 1791 3938 quod
1823 3852 1948 3917 sibi
1975 3853 2467 3938 neglegendum
2498 3867 2725 3924 ratus
2758 3860 2889 3923 Hi}-

623 3945 1012 4011 debrandus
1044 3947 1254 4011 altero
1287 3949 1436 4013 loeo
1469 3975 1533 4037 p.
1553 3952 1675 4014 366
1696 3951 2180 4035 imperitissime
2201 3950 2595 4037 disputavit
2618 4007 2639 4032 ‚
2674 3960 2887 4023 altero

618 4071 682 4133 p.
703 4043 821 4107 921
855 4043 1019 4108 nihil
1044 4044 1213 4110 dixit
1231 4094 1246 4122 ‚
1277 4049 1580 4131 quamvis
1603 4069 1880 4112 neeesse
1906 4057 2117 4112 esset.
2149 4071 2305 4113 nam
2323 4051 2393 4112 in
2418 4057 2887 4144 metamorph.

617 4168 662 4208 v
687 4169 747 4231 p.
768 4143 890 4208 364
921 4145 1234 4207 evectionis
1262 4147 1575 4230 appendix
1601 4148 1953 4210 miseranda
1983 4160 2040 4211 et
2053 4171 2175 4232 per
2202 4149 2725 4238 nubila-septaque
2742 4181 2885 4241 pen-

619 4243 751 4307 duli
790 4244 1102 4306 comitatus
1140 4255 1409 4308 extrema
1450 4245 1774 4331 consequia
1826 4264 1947 4306 cur
2001 4245 2325 4309 adieetive
2375 4245 2513 4308 diei
2568 4272 2735 4316 non
2776 4275 2885 4340 po-

619 4341 822 4403 tuerit
863 4361 1288 4424 nequaquam
1331 4350 1615 4427 apparet
1643 4391 1657 4404 .
1699 4342 1857 4404 item
1897 4340 1967 4404 in
2012 4366 2059 4406 x
2087 4344 2285 4431 p.712
2314 4392 2329 4420 ,
2370 4343 2482 4406 ubi
2540 4353 2881 4438 scriptum

621 4445 726 4500 est
763 4440 980 4522 spretis
1023 4439 1339 4504 luculentis
1377 4441 1502 4502 suis
1788 4439 1800 4451 '
1868 4462 1949 4502 ac
1992 4442 2344 4526 posthabitis
2385 4442 2667 4513 decoris
2714 4451 2883 4517 redo·
