3042 5192
1285 482 1381 550 III
2350 491 2441 558 99

208 657 504 722 inbecilla
533 659 723 721 foras
742 706 757 732 ,
778 657 847 719 in
875 664 1117 742 aperto
1136 704 1151 731 ‚
1174 656 1466 741 tegmine
1498 654 1774 744 dempto
1795 705 1809 730 ,

85 793 163 838 sos
206 795 334 838 non
361 771 570 837 modo
601 791 742 835 non
772 791 1034 835 omnem
1062 770 1282 858 possit
1312 769 1556 834 durare
1584 792 1709 857 per
1738 792 1971 836 aevom
1990 824 2005 849 ,

209 888 322 954 sed
348 887 691 952 minimum
722 884 1014 973 quodvis
1042 892 1341 970 nequeat
1371 886 1743 949 consistere
1771 897 2036 973 tempus
2054 889 2087 949 P

207 1025 324 1068 nec
352 1003 481 1068 sibi
515 1002 689 1065 enim
720 1002 1073 1087 quisquam
1100 1000 1392 1064 moriens
1423 1000 1673 1065 sentire
1700 1000 1968 1066 videtur

210 1119 299 1183 ire
325 1117 518 1182 foras
548 1116 831 1180 animam
858 1115 1254 1180 incolumem
1284 1114 1369 1178 de
1400 1135 1687 1201 corpore
1716 1123 1865 1180 toto
1886 1167 1901 1192 ‚

208 1253 323 1296 nec
347 1232 544 1319 prius
575 1230 666 1294 ad
691 1231 985 1317 iugulum
1014 1238 1085 1294 et
1113 1251 1361 1316 supera
1389 1229 1755 1294 succedere
1782 1215 2045 1306 fauces,

82 1365 161 1410 610
205 1368 423 1412 verum
454 1345 746 1410 deficere
774 1346 842 1409 in
874 1353 1061 1410 certa
1087 1344 1361 1432 regione
1389 1345 1714 1421 locatamg

205 1469 275 1525 ut
301 1482 546 1526 sensus
576 1461 743 1526 alios
770 1462 840 1525 in
867 1460 1045 1548 parti
1077 1479 1411 1545 quemque
1442 1480 1567 1523 sua
1594 1460 1723 1524 scit

208 1575 484 1640 dissolui
504 1625 519 1639 .
545 1575 733 1662 quod
761 1576 820 1640 si
845 1574 1218 1639 inmortalis
1244 1581 1484 1638 nostra
1510 1573 1690 1639 foret
1715 1595 1903 1638 mens
1922 1625 1938 1651 ‚

211 1711 341 1754 non
369 1698 514 1754 tam
543 1710 616 1754 se
646 1689 937 1754 moriens
969 1688 1249 1754 dissolvi
1279 1696 1808 1774 conquereretur
1826 1739 1842 1766 ‚

210 1803 325 1868 sed
350 1806 564 1891 magis
592 1804 689 1868 ire
715 1803 902 1869 foras
929 1812 1323 1889 vestemque
1350 1804 1729 1891 relinquere
1747 1854 1762 1878 ‚
1785 1822 1864 1870 ut
1893 1809 2159 1892 anguis.

79 1937 162 1982 615
288 1919 592 2005 Denique
622 1940 741 1983 cur
772 1920 970 1984 animi
996 1940 1358 2005 numquam
1386 1941 1578 1983 mens
1608 1920 2087 2006 consiliumque

210 2035 495 2120 gignitur
524 2034 594 2098 in
624 2034 842 2121 capite
872 2040 990 2098 aut
1015 2032 1304 2120 pedibus
1332 2034 1723 2099 manibusve
1743 2083 1758 2111 ‚
1782 2035 1907 2099 sed
1934 2038 2082 2100 unis

209 2148 474 2214 sedibus
508 2159 578 2214 et
607 2149 808 2213 certis
835 2149 1202 2235 regionibu’
1230 2148 1529 2235 pectoris
1557 2148 1795 2214 haeret
1813 2200 1827 2226 ,

211 2265 263 2329 si
289 2286 421 2329 non
456 2272 646 2329 certa
672 2265 824 2329 loca
852 2262 943 2328 ad
967 2261 1381 2329 nascendum
1407 2261 1681 2327 reddita
1708 2266 1948 2350 cuique

209 2389 393 2456 sunt,
418 2388 493 2445 et
519 2380 635 2444 ubi
664 2376 983 2466 quicquid
1011 2379 1234 2464 possit
1264 2376 1512 2442 durare
1544 2387 1842 2444 creatum

78 2509 161 2556 620
207 2502 403 2580 atque
431 2495 531 2560 ita
558 2491 964 2558 multimodis
991 2492 1310 2579 perfectis
1340 2492 1621 2557 artubus
1653 2515 1804 2558 csse
1822 2543 1838 2571 ,

208 2610 648 2675 membrorum
677 2616 756 2672 ut
780 2628 1142 2693 numquam
1172 2607 1419 2671 existat
1444 2617 1928 2695 praeposterus
1958 2607 2129 2674 ordo
2147 2611 2180 2671 Ρ

207 2744 419 2809 usque
447 2721 622 2787 adeo
655 2722 960 2809 sequitur
989 2743 1098 2786 res
1126 2742 1271 2785 rem
1289 2770 1304 2798 ,
1326 2743 1549 2808 neque
1575 2722 1838 2787 flamma
1867 2725 2078 2788 creari

208 2837 580 2903 fluminibus
610 2837 879 2903 solitast
903 2856 1123 2922 neque
1148 2835 1217 2900 in
1245 2836 1387 2922 igni
1412 2837 1672 2924 gignier
1699 2838 1920 2924 algor.

285 2952 651 3018 Praeterea
677 2953 734 3016 si
761 2950 1131 3016 inmortalis
1158 2958 1404 3016 natura
1431 2953 1739 3017 animaist

77 3082 159 3128 525
208 3075 275 3133 et
302 3069 555 3133 sentire
583 3075 815 3155 potest
843 3074 1106 3131 secreta
1133 3086 1175 3129 a
1204 3086 1491 3153 corpore
1519 3073 1759 3131 nostro
1781 3116 1796 3141 ,

211 3183 503 3269 quinque
520 3232 537 3258 ‚
558 3189 637 3246 ut
665 3182 908 3269 opinor
924 3230 940 3258 ‚
965 3201 1109 3245 eam
1137 3179 1520 3246 faciundum
1551 3188 1657 3246 est
1685 3181 1994 3247 sensibus
2024 3189 2314 3246 auct-am.

208 3317 332 3360 nec
357 3298 624 3362 ratione
653 3296 781 3362 alia
807 3307 1075 3360 nosmet
1100 3314 1487 3383 proponere
1512 3296 1712 3360 nobis

207 3432 564 3496 possumus
591 3409 889 3475 infernas
918 3411 1169 3474 animas
1198 3408 1587 3474 Acherunte
1615 3413 1882 3497 vagari.

207 3525 501 3611 pictores
530 3526 759 3611 itaque
789 3533 857 3590 et
885 3525 1291 3611 scriptorum
1320 3525 1547 3588 saecla
1572 3526 1801 3611 priora

76 3651 159 3700 630
208 3640 301 3705 sic
329 3642 588 3706 animas
616 3641 797 3704 intro
828 3638 1171 3705 duxerunt
1199 3639 1507 3705 sensibus
1538 3648 1770 3705 auctas
1791 3690 1804 3704 .

206 3763 275 3818 at
300 3777 525 3841 neque
557 3777 823 3819 sorsum
853 3755 1026 3819 oculi
1055 3776 1276 3842 neque
1303 3776 1504 3820 nares
1533 3778 1657 3821 nec
1685 3777 1920 3819 manus
1947 3756 2097 3842 ipsa

207 3890 351 3934 esse
380 3876 620 3956 potest
648 3870 902 3934 animae
921 3919 937 3946 ‚
958 3890 1180 3956 neque
1211 3891 1477 3935 sorsum
1503 3870 1728 3956 lingua
1754 3890 1975 3954 neque
2005 3889 2234 3932 aures:

205 3981 388 4047 haud
413 3985 624 4072 igitur
652 4006 776 4071 per
806 4005 879 4049 se
907 3992 1201 4071 possunt
1228 3985 1476 4049 sentire
1504 4005 1727 4070 neque
1760 4006 1939 4049 esse.

212 4196 515 4203 —————.-.-‘
532 4197 613 4202 -..κ

212 4292 309 4340 612
348 4287 660 4341 inmortales
706 4287 726 4356 ΙΙ
776 4295 876 4343 617
914 4292 1161 4345 omnibus
1205 4289 1226 4362 ΙΙ
1275 4296 1376 4344 618
1412 4289 1584 4344 redita
1628 4291 1649 4360 ΙΙ
1702 4296 1800 4342 620
1835 4299 1892 4343 ta
1940 4290 1959 4360 ΙΙ
2006 4289 2234 4360 pei-totis
2282 4287 2302 4355 ΙΙ
2343 4292 2441 4338 623

214 4370 372 4424 solita
402 4388 578 4441 neque
613 4373 809 4443 insigni
870 4373 891 4444 ΙΙ
939 4380 1038 4426 624
1075 4373 1314 4427 mortalis
1366 4373 1387 4446 ΙΙ
1433 4375 1714 4428 animaest.
1778 4374 1799 4444 ΙΙ
1850 4377 1948 4427 626
1986 4379 2226 4426 auctum.
2273 4369 2293 4439 ΙΙ
2342 4376 2443 4421 628

214 4471 422 4509 ιἐοιῐε.
461 4454 483 4523 ΙΙ
523 4460 625 4508 632
667 4457 837 4509 anima
875 4455 896 4528 ΙΙ
935 4462 1033 4509 633
1072 4456 1329 4539 Auditum
