3042 5192
631 474 765 543 140
1705 470 1769 538 II

791 647 965 712 1130.
1013 645 1295 710 Donec
1340 666 1805 721 Anescmtm
1839 692 1854 707 .
1898 642 2162 707 Nonius
2190 642 2395 729 p.247
2428 650 2499 708 et
2526 641 2650 709 248
2678 644 2838 709 Ado·

621 749 745 812 lere
774 757 861 811 est
883 768 1096 809 urere.
1329 743 1611 822 adolere,
1642 765 1897 828 amere,
1922 742 2228 806 honorare
2244 744 2653 828 Npropitiare
2680 786 2839 795 -—

620 846 996 922 adolescere,
1028 863 1339 923 crescere5
1372 842 1535 904 unde
1563 841 1999 905 adulescentem
2026 840 2177 904 dicit
2202 838 2594 926 (legendum
2625 849 2729 904 est
2754 842 2837 903 di-

621 942 891 1026 cimus).
937 939 1263 1004 Lucretius
1302 889 1402 1002 lib.
1430 962 1480 1001 11
1511 939 1796 1025 Denique
1837 939 2229 1002 adulescendi
2266 962 2573 1003 summum
2616 940 2841 1024 tetiqere

622 1062 953 1104 mammen
999 1037 1304 1102 Laberius
1343 1040 1410 1099 in
1451 1036 2003 1101 Sororimeaus
2022 1038 2836 1122 nomineylonaadolescit.

620 1137 802 1201 hunc
843 1134 1116 1199 dedisse
1158 1134 1461 1198 existimo
1505 1135 1793 1221 Denique
1831 1134 2182 1214 alescendi,
2225 1141 2295 1199 et
2336 1136 2563 1209 Lau-s,
2602 1157 2838 1213 πωπω,

615 1237 822 1321 qloria
836 1284 855 1315 ‚
887 1233 1124 1298 calescit.

793 1332 970 1395 1131.
1001 1353 1099 1394 E'r
1129 1350 1395 1393 11011011
1422 1351 1841 1394 Anunrtm.
1865 1330 1945 1394 In
1966 1331 2139 1395 libro
2165 1331 2439 1407 m,1017
2462 1332 2687 1396 robur.
2709 1330 2837 1394 Me-

623 1430 853 1496 diceus
894 1431 963 1492 in
991 1425 1332 1492 Aeneidos
1375 1450 1469 1504 21,
1481 1427 1606 1491 368
1634 1428 1826 1492 rubor
1835 1476 1854 1509 ,
1894 1429 2078 1493 robor
2104 1428 2448 1493 Romanus
2490 1430 2558 1492 in
2590 1428 2835 1515 georgi-

622 1552 751 1593 con
794 1551 892 1603 111,
906 1526 1027 1590 235
1064 1572 1077 1587 .
1122 1523 1463 1588 Charisius
1504 1549 1569 1612 p.
1596 1525 1676 1588 66
1719 1523 1805 1588 de
1847 1527 2227 1592 nominibus
2268 1548 2441 1613 quae
2483 1551 2557 1592 ω·
2586 1527 2833 1614 syllaba

619 1627 1059 1691 terminantur
1101 1623 1432 1687 Praeterea
1470 1634 1528 1686 et
1562 1625 1869 1689 neutralia
1903 1626 2083 1712 siqua
2123 1638 2307 1707 θωπί,
2364 1637 2421 1691 et
2455 1625 2611 1689 haec
2652 1627 2830 1690 corri-

608 1726 899 1809 piuntur,
921 1722 1082 1785 velut
1102 1741 1334 1805 aequor
1359 1723 1677 1806 aequoris,
1700 1744 1976 1787 marmor
1991 1725 2349 1803 marmoris,
2372 1725 2559 1789 robor
2583 1725 2834 1804 robor-u,

619 1822 775 1886 ador
809 1820 1055 1884 adoris.
1089 1815 1321 1881 eadem
1349 1818 1593 1882 iterum
1619 1843 1684 1906 p.
1702 1819 1817 1883 95.
1861 1821 1957 1886 sie
1984 1821 2163 1886 idem
2191 1822 2353 1908 p.17
2383 1831 2455 1886 et
2483 1821 2602 1886 29.
2635 1844 2832 1909 gram·

619 1918 901 1983 maticus
920 1914 1365 1981 Eichenfeldii
1391 1939 1456 2002 p.
1473 1916 1550 1979 91
1578 1916 1656 1980 Ιπ
1684 1940 1758 1981 ω·
1783 1921 2127 1984 masculina
2153 1922 2359 1985 ωππὶα
2386 1933 2558 2002 θωπί,
2591 1923 2833 2007 excepte

616 2018 711 2081 Ιιιθ
739 2017 929 2080 tribu-s
939 2015 1291 2103 feminini-³,
1318 2036 1478 2078 uxor
1503 2037 1682 2079 soror
1710 2016 1928 2098 arbor,
1956 2018 2157 2105 adque
2183 2041 2291 2082 sea·
2316 1970 2717 2099 neutralibus,
2737 2043 2832 2083 σω·

617 2138 851 2202 aequor
875 2135 1153 2178 ‘mannon-
1181 2113 1337 2176 ador
1363 2112 1549 2176 robor
1575 2113 1749 2177 ebor.
1773 2112 2090 2179 Phocas
2071 2135 2141 2179 m
2171 2124 2315 2180 arte
2346 2139 2410 2203 p.
2428 2117 2588 2181 1695
2619 2129 2677 2182 et
2696 2140 2829 2180 neu-

615 2215 728 2278 tris
752 2213 878 2292 his,
909 2212 1022 2277 hoc
1044 2211 1216 2283 ador,
1246 2210 1359 2275 hoc
1376 2233 1669 2290 marmor,
1691 2210 1806 2276 Ιιοο
1826 2235 2072 2300 aequor,
2100 2214 2215 2279 hoc
2241 2216 2441 2279 robor.
2465 2216 2822 2301 Agroecius

614 2337 680 2399 p.
665 2310 856 2374 ,2269
887 2311 1103 2376 Rubor
1132 2310 1348 2375 coloris
1376 2318 1501 2388 est,
1542 2309 1731 2372 robur
1757 2311 2038 2393 υἰνίωίιθ,
2074 2313 2257 2377 robor
2283 2314 2570 2379 arboris.
2612 2322 2831 2378 contra

619 2408 1120 2488 Quintilianus
1102 2429 1172 2470 ln
1212 2405 1384 2470 libro
1428 2429 1471 2481 1,
1495 2405 1553 2482 6,
1577 2406 1658 2469 22
1698 2408 1847 2472 ebur
1885 2421 1944 2474 et
1978 2409 2166 2474 robur
2204 2413 2292 2477 ita
2320 2413 2485 2478 dicta
2513 2437 2590 2477 ac
2615 2415 2827 2498 θον-ἰμα

612 2509 862 2570 momnis
888 2505 1233 2570 auctoribus
1262 2502 1473 2568 tradit
1490 2551 1504 2566 .

783 2602 960 2667 1135.
1015 2602 1290 2667 Pruna
1339 2624 1560 2668 mono
1615 2627 2059 2672 merstem
2102 2631 2194 2673 er
2238 2632 2285 2673 A
2335 2632 2422 2674 sn
2467 2633 2825 2675 conronx

616 2724 907 2765 1111111
939 2750 953 2764 .
998 2702 1328 2787 Disparyit
1366 2701 1700 2788 oblongus
1734 2753 1749 2779 ‚
1788 2703 1967 2768 idem
2007 2728 2049 2771 a
2090 2716 2475 2773 correctore
2519 2710 2824 2796 (ἰίφενρὶί,

615 2798 989 2886 quadratus
1012 2800 1316 2884 ambigue
1340 2799 1602 2886 syllaba
1621 2823 1744 2887 per
1754 2827 1807 2889 p
1827 2804 2117 2870 litteram
2146 2806 2545 2893 perductam
2573 2816 2823 2873 notata.

614 2897 859 2962 deinde
900 2896 1272 2983 quadratus
1302 2908 1359 2961 et
1386 2921 1426 2961 a
1452 2922 1516 2963 θε
1542 2947 1560 2978 ,
1606 2900 1941 2988 oblongus
1970 2917 2138 2969 aetas
2167 2930 2200 2970 e
2223 2930 2250 2989 ,-
2291 2905 2479 2990 quod
2510 2928 2631 2971 cur
2660 2918 2715 2971 et
2736 2929 2823 2969 An

608 3022 673 3062 se
693 2995 1119 3061 scribendum
1142 2997 1232 3060 sit
1258 2995 1348 3061 ad
1369 2996 1609 3061 librum
1630 3020 1720 3076 v1‚
1731 2999 1855 3063 925
1879 3023 2212 3089 exponam
2232 3053 2246 3067 .
2270 3004 2395 3069 sed
2413 3008 2593 3070 modo
2610 3055 2628 3085 ,
2652 3002 2821 3091 quod

609 3096 932 3161 Lambino
966 3094 1304 3182 displicuit
1321 3144 1336 3171 ‚
1367 3098 1739 3161 sententiae
1764 3100 2012 3186 optime
2036 3103 2387 3167 convenit:
2419 3112 2526 3169 est
2548 3105 2719 3168 enim
2744 3101 2819 3166 ad

610 3195 724 3258 illa
751 3192 1177 3258 referendum
1206 3216 1380 3279 quae
1409 3206 1959 3281 praecesserunt,
1989 3203 2275 3287 auqmine
2302 3203 2618 3288 adempto,
2651 3198 2814 3288 quod

612 3298 957 3354 corrector
999 3290 1272 3377 oblongi
1311 3314 1450 3356 non
1486 3300 1675 3357 recte
1703 3294 1864 3360 fecit
1891 3298 2147 3384 adepto.
2190 3307 2259 3363 et
2284 3299 2554 3364 Reizius
2582 3300 2676 3364 ad
2700 3300 2817 3365 Ru·

612 3387 882 3451 dentem
926 3388 1315 3454 observavit
1340 3390 1651 3455 Plautum
1689 3392 2091 3479 aliquotiens
2122 3398 2302 3463 modo
2330 3397 2673 3485 producta
2700 3398 2816 3485 syl·

608 3484 762 3549 laba
788 3485 1165 3571 posteriore
1187 3485 1438 3553 dixisse
1468 3489 1650 3575 (vide
1672 3493 2017 3557 Asinariae
2039 3495 2209 3580 prol.
2223 3494 2297 3572 5,
2320 3496 2540 3560 Aulul.
2559 3521 2631 3573 11,
2646 3498 2703 3571 2,
2715 3471 2812 3568 62,

607 3582 854 3647 Pseud.
870 3605 941 3658 11,
953 3583 1010 3657 3,
1026 3583 1140 3659 23,
1169 3585 1375 3651 Poen.
1395 3611 1439 3663 1,
1449 3587 1488 3650 2
1493 3589 1645 3673 7,),
1688 3598 1892 3676 atque
1936 3592 2069 3657 hoc
2109 3593 2285 3658 idem
2326 3601 2601 3680 poetam
2632 3596 2813 3660 Octa-

607 3681 755 3746 viae
785 3703 1019 3746 ausum
1049 3704 1199 3747 esse
1218 3706 1422 3749 versu
1450 3685 1574 3750 273
1593 3736 1608 3750 .
1637 3689 1706 3751 in
1731 3710 1865 3772 qua
1885 3712 1959 3754 re
1983 3712 2384 3777 quamquam
2405 3692 2813 3758 memorabile

609 3788 716 3846 est
751 3802 837 3845 ne
869 3781 1193 3845 Senecam
1237 3782 1509 3867 quidem
1552 3795 1672 3850 aut
1711 3786 1907 3851 alium
1947 3789 2211 3854 illorum
2249 3799 2630 3876 temporum
2674 3795 2813 3878 poe·

608 3889 743 3944 tam
777 3928 793 3956 ‚
839 3901 990 3944 cum
1030 3901 1256 3945 veram
1296 3905 1333 3946 o
1370 3882 1636 3948 litterae
1665 3887 2108 3969 quantitatem
2138 3911 2341 3975 saepe
2367 3891 2812 3978 neglegerent,

605 3999 926 4063 peccasse
958 4027 973 4054 ‚
1016 3987 1174 4044 sunt
1215 3988 1440 4046 tamen
1464 3983 1642 4048 inter
1669 3992 1936 4051 veteres
1965 3995 2125 4073 post
2151 3987 2463 4052 Plautum
2492 4038 2508 4063 ‚
2553 4009 2811 4076 quorum

606 4080 1006 4143 auctoritate
1031 4081 1309 4146 credere
1330 4084 1666 4169 possimus
1688 4085 2070 4150 Lucretium
2096 4094 2165 4150 et
2183 4087 2294 4150 hic
2317 4094 2387 4150 et
2409 4109 2617 4173 supra
2631 4106 2811 4151 versu

606 4178 723 4241 941
753 4187 821 4241 et
841 4177 1134 4243 fortasse
1163 4181 1230 4244 in
1262 4204 1350 4258 w,
1372 4182 1526 4247 1181
1558 4184 1737 4249 modo
1756 4183 2161 4269 produxisse
2181 4235 2194 4249 .
2219 4184 2583 4250 Terentius
2602 4186 2667 4250 in
2686 4183 2808 4248 He-

605 4297 770 4362 cyra
796 4298 858 4351 v,
874 4276 930 4351 3,
943 4277 1025 4340 32
1051 4279 1216 4343 Eam
1244 4280 1396 4346 haec
1425 4285 1697 4368 coynovit
1723 4283 2054 4370 Biyt-rhina
2082 4287 2149 4347 in
2175 4285 2361 4370 diffito
2386 4286 2565 4350 modo
2592 4308 2681 4349 me
2701 4283 2804 4346 Ioa—

605 4375 774 4440 bente
806 4401 826 4438 .·
871 4383 1057 4440 recte
1104 4379 1277 4443 enim
1316 4380 1659 4446 Bentleius
1708 4379 2001 4446 editione
2038 4381 2337 4447 secunda
2373 4383 2618 4448 habente
2643 4432 2657 4458 ‚
2695 4378 2809 4444 sed

602 4471 753 4536 haec
797 4494 1163 4559 pronomen
1211 4478 1277 4542 in
1308 4480 1503 4544 alium
1534 4480 1753 4545 locum
1780 4480 2064 4547 traicere
2092 4480 2256 4547 nihil
2285 4504 2459 4568 opus
2489 4492 2590 4549 est
2615 4530 2629 4557 ‚
2669 4501 2807 4545 cum
