3042 5192
128 788 177 833 50

129 1360 177 1402 55

122 3647 172 3693 75

1319 478 1415 547 III

222 662 568 740 conspectu
597 674 685 718 ex
714 653 1057 717 hominum
1074 700 1091 728 ,
1111 651 1366 717 foedati
1395 653 1663 717 crimine
1691 654 1907 738 turpi,

229 770 511 839 omnibus
541 768 836 833 erumnis
867 766 1118 832 adfecti
1146 767 1435 854 denique
1462 768 1701 833 vivunt
1718 816 1733 843 ‚

224 892 284 949 et
307 905 433 970 quo
462 904 751 969 cumque
780 891 1001 948 tamen
1029 883 1252 947 miseri
1277 903 1524 948 venere
1551 890 1908 968 parentant

223 1006 283 1062 et
304 999 519 1085 nigras
546 1005 852 1063 mactant
878 995 1180 1084 pecudes
1213 1005 1282 1062 et
1308 998 1595 1062 manibu’
1626 995 1800 1063 divis

224 1113 466 1178 inferias
493 1113 773 1178 mittunt
788 1162 805 1187 ,
826 1112 1173 1198 multoque
1199 1113 1270 1176 in
1299 1113 1502 1177 rebus
1533 1113 1791 1177 acerbis

226 1229 421 1293 acrius
449 1226 820 1293 advertunt
847 1227 1102 1292 animos
1132 1227 1220 1292 ad
1248 1227 1637 1313 religionem
1655 1276 1669 1291 .

228 1363 347 1427 (1110
372 1342 576 1429 magis
604 1343 675 1406 in
706 1340 925 1406 dubiis
952 1341 1284 1406 hominem
1313 1349 1622 1429 spectare
1649 1343 1914 1427 periclis

226 1459 515 1523 convenit
542 1456 986 1543 adversisque
1011 1457 1082 1521 in
1109 1457 1313 1522 rebus
1341 1477 1625 1521 noscere
1655 1438 1770 1541 (1111
1798 1458 1917 1523 sit:

225 1594 357 1636 nam
381 1593 577 1637 verae
603 1594 815 1637 voces
844 1580 986 1636 tum
1015 1571 1280 1636 demum
1307 1579 1588 1657 pectore
1608 1570 1701 1635 'ab
1729 1571 1861 1636 imo

228 1686 526 1752 eiciuntur
543 1736 559 1763 ‚
583 1696 655 1751 et
688 1688 966 1773 eripitur
994 1708 1287 1774 persona
1303 1735 1318 1762 ‚
1339 1694 1564 1752 manet
1591 1707 1700 1751 res
1719 1736 1734 1750 .

229 1799 486 1888 denique
514 1802 832 1867 avarities
864 1811 933 1867 et
956 1802 1291 1867 honorum
1320 1804 1521 1866 caeca
1551 1799 1797 1886 cupido
1816 1850 1834 1877 ,

232 1937 380 2001 quae
404 1918 684 1982 miseros
713 1916 1018 1982 homines
1048 1924 1303 2003 cogunt
1329 1913 1809 1981 transcendere
1834 1916 2002 1982 fines

228 2030 366 2095 iuris
394 2040 460 2096 et
483 2033 662 2097 inter
694 2031 854 2096 dum
882 2033 1105 2097 socios
1135 2031 1459 2096 scelerum
1488 2038 1693 2116 atque
1720 2032 2059 2098 ministros

226 2154 436 2211 noctes
464 2155 670 2233 atque
702 2145 846 2212 dies
876 2147 995 2212 niti
1023 2153 1415 2233 praestante
1441 2145 1673 2210 labore

224 2258 303 2323 ad
326 2283 600 2327 summas
632 2283 973 2349 emergere
1002 2282 1167 2348 opes
1185 2310 1201 2338 ,
1221 2261 1392 2326 11666
1418 2261 1701 2326 1711111616
1725 2261 1902 2326 vitae

225 2395 345 2440 non
368 2377 692 2441 minimam
721 2384 979 2462 partem
1006 2376 1239 2441 mortis
1267 2375 1622 2440 formidine
1652 2375 1920 2441 aluntur
1938 2425 1951 2440 .

228 2492 420 2577 turpis
449 2492 621 2556 enim
647 2491 861 2556 ferme
890 2499 1312 2577 contemptus
1346 2498 1413 2555 et
1441 2491 1614 2555 acris
1646 2498 1910 2576 egestas

226 2614 455 2671 semota
481 2608 566 2672 ab
595 2606 782 2671 dulci
810 2607 949 2672 vita
975 2605 1330 2691 stabiliqu'e
1358 2604 1673 2670 videntur

228 2727 289 2782 et
314 2723 487 2805 quasi
512 2723 649 2787 iam
676 2721 793 2786 leti
821 2728 1056 2808 portas
1087 2720 1464 2786 cunctarier
1492 2726 1681 2797 ante3

226 2833 387 2898 unde
409 2836 713 2902 homines
747 2834 905 2900 dum
933 2857 1009 2901 se
1035 2835 1207 2901 falso
1238 2842 1500 2900 terrore
1531 2836 1747 2899 coacti

223 2947 508 3035 effugisse
534 2951 778 3016 volunt
804 2952 1002 3038 longe
1021 3001 1037 3027 ‚
1058 2952 1391 3037 longeque
1417 2970 1717 3014 remosse
1735 2998 1751 3025 ‚

222 3067 517 3151 sanguine
547 3067 725 3132 civili
752 3088 891 3131 rem
921 3065 1216 3131 conflant
1245 3063 1647 3150 divitiasque

224 3179 680 3267 conduplicant
708 3179 887 3246 avidi
903 3230 919 3257 ,
951 3180 1222 3246 caedem
1252 3177 1461 3244 caede
1490 3178 1983 3244 accumulantes
2003 3228 2018 3253 ‚

225 3293 505 3361 crudeles
533 3294 838 3384 gaudent
862 3296 931 3360 in
962 3295 1141 3361 tristi
1167 3295 1403 3360 funere
1431 3293 1661 3359 fratris
1679 3344 1696 3369 ,

225 3416 286 3472 et
310 3412 865 3499 consanguineum
891 3433 1157 3477 mensas
1188 3409 1395 3475 odere
1424 3410 1792 3495 timentque
1812 3459 1826 3473 .

223 3525 521 3591 consimili
549 3527 813 3590 ratione
843 3527 928 3591 ab
961 3524 1198 3590 eodem
1227 3546 1428 3612 saepe
1458 3526 1695 3590 timore

219 3649 492 3705 macerat
518 3640 772 3706 invidia
789 3691 803 3705 .
826 3647 985 3705 ante
1014 3640 1248 3705 oculos
1276 3640 1457 3704 illum
1487 3660 1636 3704 esse
1664 3646 2007 3724 potentem
2024 3688 2040 3715 ‚

218 3750 379 3817 inum
405 3756 741 3841 aspectari
758 3804 774 3831 ‚
805 3755 987 3821 claro
1020 3756 1135 3841 (1111
1160 3754 1413 3821 incedit
1438 3754 1700 3820 honore
1717 3803 1733 3830 ‚

218 3864 331 3951 ipsi
357 3891 431 3934 se
456 3870 529 3934 in
556 3871 853 3935 tenebris
883 3871 1063 3936 volvi
1092 3892 1438 3958 caenoque
1468 3876 1841 3956 queruntur
1859 3918 1872 3931 .

214 3980 538 4049 intereunt
562 3986 806 4071 partim
835 3992 1207 4051 stamarum
1236 3993 1307 4050 et
1333 3985 1618 4050 nominis
1652 4004 1811 4070 ergo
1831 4031 1844 4046 .

215 4104 275 4160 et
300 4120 499 4186 saepe
526 4121 744 4186 usque
773 4099 945 4165 adeo
964 4149 979 4176 ‚
1001 4101 1236 4167 mortis
1264 4099 1617 4165 formidine
1635 4149 1651 4177 ,
1671 4099 1850 4164 vitae

2345 484 2431 550 81

219 4374 274 4421 53
308 4371 501 4426 Inferis
535 4374 556 4444 ss
596 4382 661 4427 58
686 4373 986 4429 Eliciuntur
1024 4372 1046 4446 ΙΙ
1086 4383 1140 4429 et
1161 4383 1421 4432 omissum.
1463 4375 1482 4447 ΙΙ
1519 4390 1759 4430 manare.
1800 4374 1819 4446 ΙΙ
1857 4376 1921 4425 62
1947 4373 2160 4425 tabore.
2198 4369 2218 4440 ΙΙ
2258 4373 2323 4421 66
2349 4369 2428 4421 vi-

218 4450 385 4509 detur.
421 4457 445 4525 ΙΙ
482 4464 546 4510 72
582 4456 803 4512 fratres.
841 4456 864 4530 ΙΙ
900 4465 967 4513 78
1002 4466 1199 4513 statum

1980 4554 2019 4615 G
