3042 5192
576 421 717 491 216
1642 413 1743 484 IV

575 599 755 661 nium
797 593 860 681 p.
885 591 1020 668 199,
1039 592 1119 657 33
1158 590 1331 670 Quae
1369 592 1549 678 quasi
1584 590 1942 654 membrana
1971 637 1984 651 .
2021 594 2209 653 recte
2249 588 2588 652 Antonius
2616 587 2805 652 Marii

578 705 647 760 et
689 692 1053 758 Brixiensis
1099 688 1302 753 editio
1350 689 1409 768 Q
1426 710 1577 752 UAE
1620 690 1798 775 quasi
1838 687 2228 751 membranae
2260 737 2274 750 .
2323 685 2447 751 sed
2488 685 2807 751 Marullus

576 793 687 856 hic
718 790 955 854 eximia
982 786 1183 853 laude
1209 785 1452 872 dignus
1484 792 1590 850 est
1606 835 1622 861 ‚
1649 787 1762 870 qui
1793 786 2094 850 acumine
2122 807 2263 849 non
2290 785 2556 871 vulgari
2584 807 2809 850 verum

580 889 883 954 ordinem
911 907 1226 951 versuum
1253 884 1657 949 intellexerit
1683 909 1699 962 3
1743 883 1929 969 quod
1965 884 2026 947 ei
2052 885 2123 947 in
2151 884 2281 947 hac
2310 905 2568 947 summa
2594 905 2809 948 rerum

582 985 1088 1074 perturbatione
1107 1034 1123 1060 ‚
1160 1005 1308 1047 cum
1338 982 1420 1046 29
1452 990 1519 1046 et
1548 983 1631 1046 30
1657 981 1857 1046 iidem
1887 989 2116 1046 essent
2144 989 2349 1067 atque
2378 981 2461 1045 49
2490 990 2563 1046 et
2592 981 2712 1058 50,
2738 982 2806 1045 31

582 1094 802 1151 autem
848 1092 917 1148 et
960 1083 1041 1148 32
1069 1081 1419 1146 maximam
1447 1080 1779 1146 haberent
1805 1081 1875 1144 in
1902 1081 2238 1144 sententia
2272 1102 2422 1144 cum
2451 1080 2529 1144 51
2566 1087 2641 1145 et
2667 1102 2810 1165 pro·

581 1184 774 1248 ximis
814 1179 1304 1247 similitudinem
1337 1228 1353 1256 ‚
1390 1200 1613 1264 neque
1643 1178 1725 1242 44
1756 1200 1878 1242 suo
1908 1178 2060 1243 loco
2091 1178 2461 1264 legeretur,
2504 1184 2647 1242 tam
2680 1178 2811 1242 feli·

583 1283 751 1346 citer
780 1279 1023 1344 cedere
1040 1327 1056 1355 ‚
1085 1279 1214 1343 nisi
1244 1278 1529 1342 animum
1558 1276 1756 1342 valde
1787 1276 2220 1351 attendisset,
2251 1298 2389 1340 non
2418 1277 2681 1363 potuit.

749 1379 847 1443 53.
892 1377 1141 1442 Cums
1183 1399 1506 1452 eunoun
1551 1398 1798 1441 cun-:r
1834 1423 1848 1438 .
1888 1375 2255 1440 Brixiensis
2291 1374 2498 1439 editio
2531 1399 2812 1450 otmar,

587 1477 999 1542 Veronensis
1039 1478 1235 1541 eluet.
1280 1474 1519 1538 harum
1558 1481 1865 1539 neutram
1909 1473 2020 1537 hic
2060 1495 2103 1536 a
2128 1473 2418 1538 Marullo
2447 1474 2813 1562 inspectam

586 1598 736 1641 esse
765 1583 956 1661 patet
986 1624 1002 1652 ‚
1038 1575 1151 1659 qui
1179 1572 1340 1636 fecit
1367 1583 1585 1659 queat:
1612 1573 1946 1637 Antonius
1975 1570 2405 1637 Florentinus
2432 1576 2524 1637 tui
2550 1586 2614 1639 et
2629 1623 2644 1637 .
2677 1575 2817 1639 clud

587 1674 894 1738 omnibus
923 1672 1164 1737 litteris
1193 1670 1395 1757 plane
1427 1678 1773 1735 exaratum
1799 1669 2103 1734 homines
2127 1668 2558 1736 doctissimos
2590 1693 2813 1759 parum

587 1770 881 1836 advertit
917 1771 988 1833 in
1027 1771 1498 1856 epigrammate
1529 1768 1918 1833 Ardeatium
1949 1817 1965 1845 ,
2010 1767 2198 1852 quod
2234 1767 2445 1835 refert
2472 1769 2735 1835 Plinius
2758 1771 2813 1835 in

586 1868 914 1935 naturalis
952 1868 1276 1932 historiae
1306 1892 1511 1944 xxxv,
1533 1868 1630 1945 10,
1648 1868 1727 1932 37
1747 1917 1763 1943 ‚
1802 1869 2101 1953 seripho-m
2139 1869 2405 1954 mztiqm's
2446 1870 2670 1934 litteris
2700 1871 2813 1935 La-

588 1970 730 2032 cinis
761 1967 1054 2053 (scilicet
1081 1975 1277 2031 sexto
1310 1989 1350 2030 a
1378 1965 1655 2031 condita
1680 1967 1850 2031 urbe
1878 1966 2094 2030 Roma
2123 1966 2432 2052 saeculo)
2461 2016 2478 2043 ‚
2520 1969 2621 2032 ita
2650 2018 2667 2044 ,
2706 1968 2815 2031 nisi

587 2066 785 2131 fallor
808 2115 824 2143 ‚
867 2064 1296 2130 scribendum
1327 2113 1341 2127 .
1386 2065 1615 2151 Diqm's
1654 2066 1843 2150 diyna
1884 2066 2041 2129 loces
2068 2113 2083 2128 .
2113 2067 2377 2150 picam}
2408 2067 2818 2132 condecoravit

595 2167 866 2250 Reyinae
896 2164 1133 2229 Iunoni'
1163 2165 1434 2248 mpremi
1474 2164 1731 2249 coniuqi'
1759 2163 2045 2249 templum
2074 2163 2344 2228 Plautini
2368 2165 2640 2246 Marcel,
2682 2168 2819 2230 cluet

589 2264 698 2350 qui
725 2264 884 2327 Asia
911 2265 1039 2328 lata
1068 2285 1192 2327 esse
1219 2263 1511 2325 oriundus
1541 2286 1565 2342 ‚·
1611 2260 1807 2341 Quem
1838 2285 2002 2325 mmo
2028 2272 2086 2326 et
2100 2272 2242 2347 post
2264 2286 2502 2348 semper
2532 2264 2609 2329 ob
2638 2276 2815 2329 artem

590 2362 751 2425 hanc
770 2362 984 2425 Ardea
1006 2361 1223 2425 laudat
1237 2408 1250 2422 .
1274 2359 1439 2423 nihil
1468 2360 1538 2422 in
1558 2358 1664 2422 his
1691 2360 1944 2424 mutavi
1971 2360 2098 2423 nisi
2125 2362 2317 2440 loces,
2338 2361 2456 2424 ubi
2486 2370 2640 2426 erat
2667 2364 2815 2438 Ioco,

592 2465 661 2522 et
688 2461 797 2545 qui
824 2480 1192 2544 pronomen
1213 2506 1230 2534 ‚
1258 2466 1338 2522 ut
1366 2459 1738 2522 orationem
1770 2466 1837 2521 et
1865 2480 2134 2523 versum
2161 2457 2461 2523 fulcirem
2479 2510 2496 2536 ‚
2534 2459 2793 2525 addidi.

759 2556 856 2619 54.
891 2579 1366 2622 mrrunrua
1406 2580 1486 2621 m
1528 2579 1779 2622 annus
1820 2577 2170 2622 Arsa-ms
2199 2604 2212 2619 .
2248 2558 2589 2624 Antonius
2621 2568 2691 2624 ct
2714 2560 2817 2623 im·

593 2654 812 2740 pressi
840 2651 1245 2719 mvn-unr.

760 2751 858 2815 62.
885 2773 987 2815 au
1004 2774 1201 2817 cras
1221 2802 1235 2817 .
1262 2751 1651 2833 Quadratus
1673 2763 1878 2817 auctos
1895 2803 1909 2816 .
1936 2753 2210 2840 oblongi
2238 2756 2645 2841 scripturam
2674 2778 2820 2821 con·

591 2850 812 2916 firmat
848 2850 1109 2915 Nonius
1164 2875 1229 2938 p.
1260 2851 1402 2927 231,
1438 2851 1514 2915 15
1564 2858 1631 2915 et
1675 2850 1817 2925 458,
1848 2851 1924 2915 15
1958 2899 1974 2927 ,
2028 2852 2188 2917 item
2229 2852 2697 2942 Philargyrius
2738 2853 2819 2919 ad

592 2951 957 3036 georgicon
986 2973 1083 3024 111,
1100 2950 1224 3014 444
1243 2999 1257 3013 .

759 3049 858 3113 63.
902 3072 1107 3112 nana
1149 3069 1411 3113 nuso
1444 3097 1458 3112 .
1499 3048 1579 3111 In
1609 3047 1943 3134 quadrato
1972 3050 2188 3135 prima
2214 3071 2452 3116 manus
2480 3051 2646 3117 fecit
2670 3064 2694 3117 t
2716 3073 2819 3117 su·

594 3168 721 3232 pra
750 3146 984 3212 addito
1016 3169 1218 3211 nrm:
1236 3171 1276 3211 r
1295 3195 1310 3222 ,
1338 3146 1407 3209 in
1439 3146 1734 3233 oblongo
1768 3156 2114 3213 corrector
2134 3199 2149 3212 .

761 3245 860 3309 66.
892 3267 1334 3310 mscnnms
1365 3267 1629 3309 NULLA
1660 3265 2106 3310 PornsrAs.
2137 3247 2243 3311 Ita
2272 3245 2679 3333 quadratus:
2706 3247 2821 3312 ob·

594 3343 838 3428 longus
867 3367 912 3406 Η
929 3365 952 3405 1
968 3365 1002 3406 s
1019 3366 1055 3407 c
1072 3365 1262 3408 num
1281 3365 1370 3406 sr
1388 3390 1403 3417 ,
1435 3341 1560 3407 sed
1586 3344 1735 3408 stin
1762 3343 1963 3408 litura
1992 3366 2035 3408 a
2062 3353 2448 3410 correctore
2466 3394 2483 3421 ‚
2515 3348 2631 3432 qui
2654 3345 2825 3409 idem

595 3440 802 3504 erasit
841 3440 882 3503 Ιι
912 3488 923 3500 .
968 3440 1143 3504 infra
1175 3441 1292 3507 103
1334 3442 1658 3507 hiscendist
1695 3448 1982 3527 uterque
2011 3490 2028 3518 ‚
2070 3442 2111 3506 Ιι
2152 3464 2346 3507 eraso
2377 3463 2419 3507 a
2449 3453 2827 3510 correctore

596 3537 871 3622 oblongi
888 3587 902 3600 .

762 3635 862 3700 68.
907 3656 1212 3700 omum:
1255 3659 1524 3703 nonum
1558 3685 1572 3699 .
1616 3637 1944 3702 Marullus
1987 3660 2257 3702 nomm
2290 3688 2303 3702 .
2346 3639 2633 3704 alterum
2660 3636 2829 3703 tueri

596 3733 989 3821 desipientis
1020 3743 1127 3800 est
1145 3785 1158 3799 .
1180 3736 1249 3799 in
1278 3737 1602 3822 proximis
1633 3736 1966 3822 oblongus
1996 3736 2281 3825 etforma
2295 3787 2315 3818 ,
2339 3737 2497 3802 olim
2526 3734 2830 3825 impressi

596 3845 654 3898 et
671 3833 925 3921 formae
951 3882 971 3916 ‚
1011 3833 1283 3899 Isaacus
1321 3832 1611 3899 Vossius
1653 3845 1712 3899 et
1734 3833 1982 3922 formai
2009 3861 2030 3900 :
2066 3837 2136 3899 in
2167 3834 2504 3920 quadrato
2546 3843 2698 3922 post
2738 3844 2830 3912 et,

597 3939 755 3995 ante
767 3931 1021 4019 forma,
1053 3953 1261 4019 supra
1290 3931 1707 4018 adscriptum
1747 3941 1853 3997 est
1881 3955 2020 3998 cum
2034 3981 2053 4013 ‚
2084 3941 2155 3999 et
2182 3933 2457 4020 quidem
2485 3934 2596 3998 vel
2622 3933 2833 4021 prima

595 4028 706 4092 vel
735 4029 1197 4115 antiquissima
1223 4052 1422 4095 manu
1440 4080 1456 4094 .

765 4128 863 4192 70.
896 4149 1211 4204 onan-ro
1253 4152 1502 4194 nunus
1546 4152 2034 4195 mnurnmm
2064 4129 2332 4195 PAucA
2374 4151 2689 4207 our-:mu-
2738 4150 2835 4190 ετ

598 4248 804 4291 ευΝτ
847 4248 1090 4290 raum
1131 4250 1445 4293 raon-rr:
1486 4251 1809 4293 LocxrA
1839 4277 1852 4291 .
1888 4229 1994 4293 Ita
2023 4228 2356 4315 oblongus
2387 4237 2457 4293 et
2486 4228 2835 4292 Veronen-

597 4323 692 4388 sis
722 4322 928 4388 editio
965 4347 980 4387 :
1019 4323 1387 4391 Brixiensis
1403 4327 1620 4412 prima
1645 4330 1711 4391 in
1724 4376 1743 4408 ,
1773 4327 2110 4393 Antonius
2129 4329 2343 4413 prima
2367 4328 2509 4391 sub.
2542 4322 2837 4411 quadra-

600 4429 709 4486 tus
751 4420 958 4486 habet
998 4425 1064 4487 in
1092 4432 1249 4490 ante
1267 4426 1484 4511 prima
1513 4423 1817 4490 additum
1846 4424 2304 4512 antiquissima
2321 4474 2338 4501 ‚
2369 4425 2427 4490 si
2454 4445 2585 4489 non
2611 4421 2837 4509 prima
