3042 5192
671 468 810 535 158
1732 462 1827 530 111

661 640 844 705 fieldi
869 638 1488 723 interpretationem
1513 637 1869 722 intellego.
1898 638 2128 723 itaque
2150 636 2305 701 mihi
2325 637 2486 702 haec
2504 637 2648 703 ferri
2664 661 2821 753 posse

663 762 802 804 non
827 737 1190 811 videntur,
1233 737 1360 799 nisi
1401 744 1563 822 post
1600 756 1871 799 versum
1910 736 2284 821 proximum
2326 737 2581 824 posita,
2612 739 2709 850 qui
2741 748 2820 801 est

665 838 934 923 Fulqida
963 837 1332 922 praesertim
1376 858 1514 897 cmm
1555 858 1805 898 cernere
1839 858 2023 919 saepe
2060 858 2412 922 aequumne.
2436 836 2529 899 ita
2554 838 2729 910 euim,
2748 837 2822 899 in·

665 937 844 1022 quit.
863 958 1072 998 serm
1097 933 1286 996 trahat
1309 935 1579 1009 Ιιηιιὲιια,
1602 932 1737 995 hoc
1766 941 1871 997 est
1898 932 2098 997 dolor
2126 942 2413 997 tremere
2439 933 2590 998 facit
2615 933 2823 1007 oeulos,

664 1054 918 1119 eosque
947 1055 990 1097 a
1013 1030 1288 1118 fulgidis
1317 1002 1631 1095 videndis
1658 1041 1995 1095 retractos
2024 1033 2291 1095 dea-adit
2327 1033 2471 1096 ad
2446 1056 2599 1118 was
2622 1034 2756 1096 ades
2776 1040 2824 1094 et

663 1133 952 1220 pupulas
968 1181 986 1207 ‚
1014 1152 1186 1217 quas
1212 1131 1343 1193 iam
1371 1129 1555 1193 solas
1583 1128 1849 1205 vident,
1887 1131 2217 1194 luninibtoe
2242 1152 2462 1194 rerum
2494 1130 2825 1217 fulgidamm

829 1328 972 1391 365.
1002 1349 1268 1401 useel:
1295 1348 1533 1401 nult,
1563 1348 1723 1400 Qus
1754 1348 2168 1392 cmuuxcs
2199 1350 2399 1401 1rs1‚
2429 1326 2669 1390 Osi-m
2694 1348 2824 1389 sns-

665 1449 1004 1494 cunum·
1041 1447 1306 1489 ιῐιιιῖι
1343 1446 1711 1488 anctuss
1750 1446 2161 1489 asson-21.
2192 1424 2457 1490 Nullam
2482 1426 2606 1489 vim
2631 1425 2823 1488 habent

665 1527 870 1599 haec,
898 1549 1024 1611 qua
1053 1526 1356 1587 cemimus
1383 1523 1503 1607 ipsi
1530 1572 1546 1583 .
1591 1520 1799 1586 debet
1828 1544 1979 1587 esse
2006 1548 2201 1611 neque
2227 1526 2393 1588 enim
2418 1573 2435 1603 ,
2477 1545 2653 1600 Qum
2678 1524 2823 1587 cen-uui-

665 1649 798 1688 mus
826 1626 975 1708 apsi,
1013 1622 1184 1685 Ostia
1217 1659 1311 1682 —-.

829 1721 971 1784 373.
1003 1719 1413 1782 Coarolus
1453 1739 1720 1793 Arous
1756 1740 1999 1781 Amin
2038 1741 2504 1785 pannonum
2544 1742 2822 1785 sinuum

665 1840 947 1884 rn111s
975 1818 1432 1881 Aurosirs.
1475 1816 1871 1879 Rectissime
1900 1816 2246 1882 Bentleius
2278 1819 2369 1883 ad
2396 1819 2646 1884 Horatii
2668 1828 2821 1882 arten

665 1919 996 2006 poeticam
1024 1916 1108 1979 60
1149 1917 1394 2000 sinqula
1437 1937 1721 1979 PRIVIS
1766 1915 2065 1999 Adposila
2097 1966 2112 1979 .
2156 1916 2243 1980 de
2292 1919 2615 1983 sententia
2638 1918 2821 1981 Demo-

664 2017 812 2081 criti
852 2035 1252 2101 quamquam
1297 2012 1567 2077 aliunde
1614 2035 1753 2077 non
1798 2022 2068 2078 constat
2121 2017 2347 2099 (certe
2393 2016 2749 2080 Mullachius
2777 2015 2822 2076 in
2948 2094 2949 2099 ἵ

663 2117 1050 2180 Democrito
1093 2138 1157 2202 p.
1169 2113 1292 2177 397
1333 2112 1497 2177 nihil
1534 2111 1744 2175 habet
1780 2111 1907 2176 nisi
1935 2112 2229 2179 Lucretii
2258 2117 2560 2199 versus),
2598 2123 2777 2179 tamen
2798 2131 2823 2172 e

663 2215 985 2303 proximis
1022 2219 1308 2300 apparet
1338 2233 1488 2275 eum
1517 2210 1781 2298 singula
1807 2213 2006 2275 animi
2048 2213 2419 2300 primordia
2447 2213 2698 2300 singulis
2720 2231 2824 2275 eor·

663 2315 852 2399 poris
894 2310 1274 2399 primordiis
1326 2311 1703 2375 alternatim
1744 2312 2061 2396 apposita
2100 2312 2386 2378 finxisse
2416 2336 2433 2377 t
2492 2319 2676 2399 negat
2704 2308 2825 2373 enim

663 2412 1020 2476 Lucretius
1064 2411 1321 2474 animae
1361 2408 1727 2498 primordia
1766 2417 1905 2473 tam
1942 2411 2171 2497 parvis
2214 2411 2583 2476 intervallis
2616 2411 2757 2473 inter
2776 2426 2825 2469 se
2948 2414 2949 2417 ’

665 2510 916 2574 distare
935 2559 950 2572 .

829 2607 971 2671 374.
1021 2606 1206 2670 ΝΑιι
1273 2628 1430 2669 cmx
1494 2628 1763 2671 xmxro
1823 2629 2031 2671 suu-1·
2092 2630 2413 2672 Διηιιᾼιῑ
2474 2624 2827 2672 annun-u
2946 2664 2947 2677 ,

665 2727 980 2770 »tutona
1013 2754 1026 2767 .
1069 2702 1460 2784 Quadratus
1489 2706 1696 2768 anime
1724 2754 1745 2785 ‚
1785 2705 1936 2769 Itali
1978 2714 2047 2770 et
2074 2706 2408 2771 Marullus
2446 2706 2701 2771 mdmai,
2735 2700 2829 2764 hoc

663 2804 833 2889 Aug.
849 2801 1321 2867 Ferd.Niikius
1348 2851 1364 2876 ‚
1406 2801 1611 2865 homo
1640 2803 1708 2865 in
1741 2804 1971 2889 primis
2001 2812 2273 2881 acutus,
2312 2805 2389 2869 in
2416 2804 2628 2870 libello
2650 2797 2829 2868 acade-

663 2904 835 2966 mico
856 2951 872 2976 ‚
931 2902 1045 2988 qui
1094 2902 1164 2965 in
1213 2900 1692 2986 opusculorum
1742 2902 1885 2964 eius
1934 2910 2119 2965 tomo
2166 2902 2388 2988 primo
2438 2922 2693 2967 recusus
2732 2904 2829 2960 est.

662 3026 726 3088 p.
749 3000 867 3065 183
897 3002 1274 3087 speciosum
1306 3020 1457 3063 esse
1489 2998 1651 3063 dicit
1679 2998 1769 3063 ad
1791 2999 2393 3065 commendandam
2416 3001 2723 3065 elisionem
2738 2994 2827 3057 La·
2944 2998 2945 3025 ;

663 3101 821 3165 tinis
844 3099 1138 3185 alioquin
1166 3098 1510 3162 insuavem
1530 3146 1544 3160 .
1574 3095 1813 3161 videor
1840 3097 1997 3161 mihi
2025 3097 2112 3161 de
2139 3097 2269 3164 hac
2290 3120 2369 3163 re
2398 3098 2601 3210 magis
2620 3091 2827 3160 definite

663 3199 1052 3310 praecipere
1085 3218 1339 3283 posse.
1381 3194 1506 3260 sed
1545 3196 1787 3260 horum
1824 3198 2308 3262 vocabulorum
2348 3198 2666 3269 omnium,
2703 3208 2827 3277 quw

660 3299 731 3360 in
750 3295 1051 3359 vocalem
1079 3296 1318 3381 longae
1340 3294 1561 3359 vocali
1582 3294 1693 3358 vel
1717 3293 2144 3381 diphthongo
2168 3296 2537 3361 subiectam
2567 3292 2831 3358 desinunt·
2942 3352 2943 3359 ,

665 3402 985 3478 quattuor
1025 3413 1274 3478 genera
1313 3401 1627 3457 accurate
1670 3392 2145 3478 distinguenda
2174 3402 2379 3470 sunt,
2423 3395 2592 3458 utin
2618 3385 2830 3494 singulis
2942 3368 2943 3419 ‡

662 3492 749 3556 de
795 3492 1068 3555 elisione
1113 3501 1520 3577 quaeratur.
1564 3513 1703 3555 non
1750 3500 1857 3556 est
1900 3492 2071 3555 enim
2113 3491 2348 3556 eadem
2389 3492 2515 3558 sed
2554 3507 2761 3575 magna
2786 3482 2831 3544 in
2904 3528 2909 3533 ·

665 3590 973 3654 omnibus
1005 3588 1397 3665 difficultas,
1428 3611 1580 3654 cum
1609 3590 1737 3654 sibi
1755 3590 2027 3654 vocales
2054 3598 2198 3655 tres
2222 3600 2654 3677 quattuorve,
2679 3592 2830 3666 atque
2940 3640 2941 3669 ἶ

661 3687 997 3752 interdum
1040 3689 1380 3801 quinque,
1421 3687 1836 3764 succedant,
1878 3687 2009 3752 hoc
2039 3697 2145 3753 est
2184 3710 2413 3754 morae
2442 3694 2737 3775 quattuor
2756 3674 2832 3741 vel

663 3788 959 3874 quinque
989 3786 1100 3851 vel
1128 3809 1283 3862 sex,
1303 3787 1370 3850 in
1405 3785 1576 3850 duas
1600 3786 1895 3873 syllabas
1923 3787 2019 3851 ita
2043 3788 2484 3861 coartandae‚
2512 3795 2588 3850 ut
2610 3783 2673 3848 id
2690 3772 2830 3865 quod

656 3887 726 3949 in
756 3885 978 3950 medio
1010 3893 1118 3949 est
1145 3884 1433 3971 aliquam
1465 3884 1571 3948 sui
1599 3883 1920 3969 ponderis
1962 3893 2223 3973 partem
2263 3888 2566 3951 amittat.
2608 3880 2830 3970 primum
2938 3952 2939 3979 ἢ

658 4005 871 4069 genus
896 3991 1001 4048 est
1017 4032 1032 4057 ‚
1063 4005 1211 4047 cum
1231 3984 1302 4046 in
1323 3983 1453 4046 fine
1475 3983 1788 4048 vocabuli
1811 3990 1916 4048 est
1944 3984 2148 4071 longa
2165 3985 2419 4049 vocalis
2442 3992 2595 4048 ante
2622 3982 2829 4061 longam

660 4083 963 4146 vocalem
994 4082 1136 4146 sive
1169 4080 1663 4167 diphthongum
1696 4131 1712 4157 ,
1744 4083 1986 4166 quibus
2015 4083 2085 4146 in
2113 4085 2419 4168 proxima
2449 4082 2721 4146 dictione
2744 4092 2832 4137 vo-

659 4180 820 4245 calis
852 4180 1220 4245 subicitur.
1265 4180 1334 4243 in
1362 4179 1495 4244 hoc
1526 4200 1774 4266 genere
1802 4180 1961 4245 mihi
2004 4192 2257 4245 certum
2285 4181 2553 4246 videtur
2592 4172 2833 4264 syllabas

657 4279 1141 4344 vocabulorum
1186 4279 1541 4364 contiguas
1582 4300 1942 4364 numquam
1985 4280 2439 4344 commisceri.
2498 4295 2703 4362 neque
2735 4269 2833 4333 hoc

659 4377 744 4442 de
774 4378 1017 4442 Plauto
1046 4378 1264 4441 minus
1293 4378 1474 4442 valet
1504 4398 1705 4462 quam
1735 4377 1821 4441 de
1851 4379 2140 4442 ceteris.
2185 4376 2367 4463 apud
2394 4377 2573 4441 hunc
2600 4374 2725 4438 sine
2749 4364 2833 4428 eli·
2934 4390 2935 4401 ¹

658 4475 848 4539 sione
875 4474 1100 4540 inveni
1127 4473 1331 4551 haec,
1366 4475 1632 4561 Maynai
1656 4478 1750 4541 rei
1776 4477 2057 4562 publicai
2089 4477 2329 4563 qratia,
2358 4484 2496 4541 tum
2524 4462 2833 4541 oomoodv'ffl·
