3042 5192
633 431 771 499 138
1679 428 1806 496 IIII

469 623 566 668 700
619 625 757 668 non
783 610 1095 689 penetrat
1113 650 1129 677 ,
1151 621 1285 687 qua
1312 621 1449 665 vox
1476 600 1680 685 volgo
1711 602 2110 687 sonitusque
2137 601 2445 670 feruntur
2464 655 2478 669 .

622 739 831 804 quare
862 718 1057 782 etiam
1086 714 1272 801 quod
1302 716 1439 780 olet
1465 737 1604 780 non
1631 723 1770 779 tam
1795 714 1992 780 facile
2022 737 2172 781 esse
2200 717 2460 784 videbis

619 832 1027 918 investigare
1053 831 1123 894 in
1154 851 1289 915 qua
1317 830 1406 894 sit
1432 830 1707 916 regione
1735 830 2061 895 locatum:

620 946 994 1033 refrigescit
1021 945 1193 1010 enim
1223 944 1604 1010 cunctando
1627 944 1837 1031 'plaga
1862 966 1986 1030 per
2017 966 2214 1011 auras
2234 994 2250 1023 ‚

619 1084 745 1127 nec
775 1060 992 1126 calida
1020 1059 1111 1124 ad
1139 1082 1406 1124 sensum
1437 1059 1806 1124 decurrunt
1832 1060 2066 1125 nuntia
2090 1082 2314 1126 rerum
2333 1111 2347 1125 .

465 1197 563 1243 705
620 1184 849 1243 errant
878 1197 1079 1261 saepe
1111 1197 1313 1240 canes
1341 1176 1571 1260 itaque
1603 1182 1672 1239 et
1698 1175 1981 1260 vestig-ia
2008 1184 2342 1261 quaerunt
2360 1226 2374 1240 .

705 1293 884 1377 [Nec
912 1299 1136 1355 tamen
1164 1290 1298 1354 hoc
1327 1289 1487 1355 solis
1514 1290 1587 1353 in
1615 1288 1941 1354 odoribus
1972 1298 2177 1375 atque
2207 1312 2524 1378 saporum

617 1409 685 1471 in
715 1412 1026 1492 generest
1043 1453 1058 1481 ‚
1082 1403 1204 1469 sed
1230 1405 1391 1468 item
1419 1405 1680 1490 species
1707 1425 1930 1469 rerum
1959 1413 2166 1490 atque
2195 1406 2459 1472 colores

621 1542 758 1586 non
785 1521 880 1584 ita
908 1518 1314 1584 conveniunt
1341 1516 1432 1582 ad
1461 1540 1702 1584 sensus
1733 1520 2041 1584 omnibus
2071 1541 2301 1585 omnes
2321 1569 2337 1596 ,

617 1644 696 1701 ut
722 1657 861 1699 non
890 1634 1025 1697 sint
1054 1633 1195 1697 aliis
1226 1631 1557 1718 quaedam
1586 1634 1796 1720 magis
1825 1634 2008 1698 acria
2035 1634 2187 1698 visu
2204 1685 2218 1698 .

463 1769 562 1816 710
618 1750 779 1837 quin
809 1748 1004 1812 etiam
1031 1746 1276 1833 gallum
1295 1796 1312 1824 ‚
1333 1756 1603 1813 noctem
1633 1747 2193 1834 explaudentibus
2223 1749 2343 1815 alis

618 1884 928 1928 auroram
959 1863 1138 1927 clara
1168 1871 1561 1928 consuetum
1588 1885 1757 1928 voce
1785 1884 2031 1928 vocare
2050 1914 2066 1942 ‚

616 2000 840 2044 noenu
870 1985 1123 2063 queunt
1147 1976 1368 2042 rabidi
1397 1986 1637 2043 contra
1665 1986 1981 2043 constare
2007 1978 2241 2043 leones

614 2095 817 2179 inque
846 2093 1052 2157 tueri:
1071 2093 1169 2157 ita
1198 2094 1514 2157 continuo
1545 2094 1899 2157 meminere
1926 2091 2108 2179 fugai
2125 2142 2142 2169 ‚

617 2209 686 2271 ni
714 2209 948 2272 mirum
965 2256 980 2283 ‚
1005 2206 1162 2292 quia
1190 2214 1349 2270 sunt
1377 2207 1702 2292 gallorum
1728 2210 1801 2272 in
1828 2229 2116 2293 corpore
2146 2207 2473 2293 quaedam

461 2341 558 2387 715
614 2323 897 2398 semina,
918 2343 1090 2407 quae
1122 2341 1271 2384 cum
1300 2329 1460 2386 sunt
1488 2322 1697 2387 oculis
1727 2322 2002 2388 inmissa
2031 2320 2298 2387 leonum
2316 2372 2332 2398 ‚

613 2436 901 2524 pupillas
930 2436 1104 2500 inter
1131 2434 1399 2500 fodiunt
1427 2458 1785 2523 acremque
1818 2435 2121 2502 dolorem

614 2551 942 2638 praebent
959 2600 974 2627 ‚
997 2558 1075 2614 ut
1100 2559 1443 2636 nequeant
1471 2559 1710 2617 contra
1737 2551 1983 2616 durare
2010 2551 2308 2629 feroces3

615 2688 763 2730 cum
792 2672 1015 2729 tamen
1041 2666 1212 2729 haec
1240 2673 1512 2730 nostras
1544 2667 1720 2731 acies
1748 2667 1844 2730 nil
1869 2666 2139 2731 laedere
2167 2666 2432 2751 possint
2449 2715 2465 2742 ‚

613 2787 731 2844 aut
760 2781 915 2865 quia
941 2802 1080 2844 non
1107 2787 1467 2865 penetrant
1483 2829 1499 2855 ‚
1522 2789 1639 2845 aut
1668 2780 1854 2867 quod
1881 2780 2390 2866 penetrantibus
2417 2781 2546 2846 illis

457 2913 555 2960 720
612 2895 830 2959 exitus
862 2916 947 2958 ex
974 2894 1183 2959 oculis
1211 2893 1380 2958 lib‘er
1410 2892 1611 2959 datur
1630 2943 1645 2970 ,
1667 2895 1738 2958 in
1766 2894 2168 2960 remorando

608 3011 876 3077 laedere
903 3032 990 3074 ne
1019 3009 1286 3094 possint
1315 3030 1400 3073 ex
1428 3009 1566 3074 ulla
1590 3009 1838 3074 lumina
1865 3018 2060 3095 parte
2080 3012 2122 3096 .]

689 3126 888 3191 Nunc
917 3146 1041 3211 age
1060 3173 1076 3201 ,
1100 3145 1273 3210 quae
1302 3133 1619 3189 moveant
1647 3125 1932 3189 animum
1960 3147 2072 3190 res
2102 3125 2332 3210 accipe
2350 3174 2366 3202 ,
2389 3133 2460 3190 et
2487 3124 2662 3189 unde

607 3263 779 3328 quae
811 3241 1082 3306 veniunt
1109 3239 1382 3303 veniant
1406 3239 1478 3303 in
1504 3246 1793 3303 mentem
1820 3241 2094 3327 percipe
2122 3241 2355 3326 paucis
2375 3290 2389 3303 .

606 3357 934 3443 principio
965 3353 1098 3417 hoc
1131 3352 1281 3417 dico
1302 3403 1317 3429 ‚
1339 3376 1566 3418 rerum
1596 3353 1947 3419 simulacra
1972 3356 2206 3440 vagari

453 3489 550 3534 725
607 3471 815 3535 multa
841 3467 1059 3532 modis
1090 3467 1312 3532 multis
1340 3469 1409 3531 in
1439 3477 1717 3533 cunctas
1754 3468 2053 3555 undique
2082 3470 2295 3555 partis

606 3584 830 3647 tenvia
847 3632 862 3658 ‚
888 3604 1060 3667 quae
1087 3582 1281 3646 facile
1308 3584 1484 3648 inter
1513 3605 1588 3648 se
1615 3586 1980 3670 iunguntur
2009 3588 2080 3649 in
2110 3585 2288 3648 auris
2309 3633 2323 3659 ,

609 3698 809 3762 obvia
838 3718 987 3761 cum
1014 3698 1323 3774 veniunt,
1352 3706 1429 3763 ut
1458 3720 1702 3764 aranea
1728 3700 2130 3784 bratteaque
2160 3700 2302 3763 auri
2321 3746 2336 3761 .

610 3814 860 3900 quippe
892 3813 1135 3877 etenim
1163 3813 1370 3877 multo
1401 3815 1613 3899 magis
1644 3813 1813 3878 haec
1843 3821 2003 3879 sunt
2029 3813 2258 3877 tenvia
2284 3821 2480 3878 textu

564 3938 576 3951 '
608 3948 807 4012 quam
837 3949 1010 4014 quae
1038 3928 1417 4014 percipiunt
1446 3929 1680 3993 oculos
1711 3929 2060 4015 visumque
2088 3928 2432 3991 lacessunt
2449 3976 2464 4002 ,

452 4059 551 4106 730
610 4044 914 4128 corporis
943 4041 1111 4105 haec
1142 4043 1457 4127 quoniam
1484 4051 1843 4128 penetrant
1871 4066 1994 4129 per
2023 4063 2210 4118 rara,
2235 4042 2547 4126 cientque

603 4167 869 4222 tenvem
898 4157 1094 4222 animi
1124 4164 1433 4221 naturam
1460 4158 1643 4223 intus
1676 4180 2080 4244 sensumque
2111 4158 2453 4221 lacessunt
2472 4207 2485 4220 .

610 4408 707 4455 710
747 4401 885 4464 Qum
921 4400 942 4470 ΙΙ
980 4401 1426 4472 explondentibus
1464 4405 1482 4470 Η
1523 4411 1620 4457 712
1657 4403 1825 4475 rapidi
1865 4403 1884 4471 ΙΙ
1927 4408 2025 4458 719
2050 4402 2182 4456 ilus.
2221 4402 2242 4469 ΙΙ
2283 4407 2374 4454 721
2406 4401 2532 4454 villa
2567 4403 2588 4469 Η
2625 4406 2716 4454 730
2740 4413 2817 4450 ara
