3042 5192
641 437 732 506 34
1742 434 1772 504 Ι

803 610 944 674 313.
970 629 1069 672 un
1090 628 1230 672 cus
1260 625 1567 670 suarm
1599 604 1983 672 annsus
2012 629 2375 673 occurxrs
2415 629 2846 674 nscssscm

636 731 906 776 vonna
949 729 1032 770 ιιι
1085 727 1326 769 Ληνιε
1357 753 1371 767 .
1411 704 1540 768 His
1577 704 1788 769 utitur
1823 704 2126 770 Isidorus
2167 706 2237 769 in
2277 705 2602 791 originum
2629 707 2847 783 xx‚14:

638 809 933 895 quinque
977 804 1211 868 ultima
1251 801 1586 867 vocabula
1622 801 1832 866 habet
1860 803 2136 868 Servius
2176 802 2267 870 ad
2304 804 2674 889 georgicon
2715 826 2763 880 1,
2771 805 2847 876 46.

638 912 958 992 quattuor
1018 901 1252 965 ultima
1312 900 1782 986 grammaticus
1846 902 1916 965 in
1965 901 2188 966 libello
2241 899 2328 964 de
2376 902 2737 987 generibus
2782 903 2847 966 ab

634 1003 931 1091 Hauptio
964 999 1146 1065 edito
1176 1023 1240 1085 p.
1259 998 1486 1075 103,21
1520 1048 1536 1075 ,
1570 1020 1838 1065 versum
1877 999 1963 1063 ab
2004 998 2110 1062 his
2151 1000 2527 1084 proximum
2564 998 2849 1064 Isidorus

634 1103 963 1188 originum
988 1122 1098 1175 xv,
1116 1097 1208 1174 16,
1224 1097 1264 1161 6
1282 1147 1297 1162 .
1318 1098 1389 1162 in
1418 1096 1524 1161 his
1557 1097 1833 1163 Servius
1879 1103 1948 1160 et
1975 1095 2279 1161 Isidorus
2321 1098 2550 1162 occulto
2588 1099 2658 1161 in
2686 1121 2847 1178 mo,

633 1199 1099 1287 grammaticus
1126 1195 1236 1259 ille
1262 1197 1330 1259 in
1358 1197 1522 1260 arvis
1551 1244 1566 1259 .
1600 1194 1724 1260 sed
1750 1194 2052 1260 Isidorus
2077 1196 2149 1260 in
2186 1218 2281 1262 xx
2306 1194 2603 1260 Lucretii
2642 1196 2849 1260 verbis

560 1325 571 1338 =
634 1299 801 1364 haec
846 1295 1087 1367 subicit
1104 1342 1119 1368 ‚
1154 1294 1452 1379 &nouitque
1496 1294 1678 1378 (sive
1720 1294 2126 1381 sumpsitque)
2174 1317 2296 1379 per
2339 1294 2702 1358 detritum
2728 1295 2846 1381 fieb-

626 1419 839 1484 yorem
863 1443 882 1474 ,
916 1412 1129 1477 eaque
1171 1389 1455 1456 totidem
1496 1392 1722 1457 verbis
1767 1392 1854 1455 ab
1883 1390 2206 1455 Hrabano
2236 1391 2477 1456 Mauro
2520 1390 2848 1477 descripta

634 1515 784 1560 esse
844 1511 1060 1576 nuper
1121 1487 1448 1554 indicavit
1494 1489 1698 1575 Hugo
1759 1489 2179 1554 Pul-mannus
2238 1489 2310 1553 in
2369 1488 2845 1554 Schneidewini

631 1590 984 1675 Philologo
1026 1611 1090 1673 p.
1109 1587 1189 1651 74
1228 1588 1393 1652 tomi
1433 1589 1615 1653 tertii
1642 1637 1657 1651 .
1690 1588 1761 1652 in
1786 1585 2052 1652 Isidoro
2094 1587 2250 1652 olim
2288 1587 2491 1673 vulgo
2520 1586 2846 1652 ferebam:

629 1692 933 1770 nitorem3
962 1683 1143 1749 unde
1187 1687 1412 1750 exorsi
1454 1685 1589 1750 duo
1619 1686 1924 1750 homines
1967 1684 2337 1750 doctissimi
2361 1686 2593 1751 nescio
2627 1708 2761 1772 qua
2785 1686 2842 1750 li·

629 1785 857 1852 bidine
879 1805 1118 1849 versus
1140 1782 1607 1868 procuderunt
1624 1834 1639 1860 ,
1663 1784 1833 1848 alter
1854 1782 2308 1848 foedissimum
2325 1832 2340 1859 ‚
2363 1783 2687 1872 Samiique
2709 1809 2842 1850 sem-

618 1909 740 1971 per
766 1907 889 1969 per
934 1883 1291 1946 detrimena
1329 1884 1588 1947 nitorem
1615 1930 1633 1962 ‚
1673 1881 1841 1946 alter
1868 1881 2172 1967 Vergilio
2212 1881 2384 1946 male
2424 1903 2587 1948 usus
2627 1903 2842 1969 parum

630 1984 999 2069 elegantem
1016 2029 1033 2056 ‚
1071 1979 1391 2066 Simu’tque
1418 1981 1660 2044 auritus
1678 2002 1798 2063 per
1826 1980 2185 2044 detrimenta
2210 1981 2467 2044 nitorem
2490 2029 2505 2044 .
2551 1980 2844 2066 equidem

629 2081 1030 2164 Seminaque
1058 2077 1396 2162 floresque
1432 2077 1680 2163 ingenii
1707 2075 2089 2141 Lucretiani
2116 2124 2132 2152 ‚
2164 2077 2280 2140 ubi
2318 2075 2484 2162 quid
2525 2099 2612 2142 ex
2655 2099 2841 2165 opere

630 2177 955 2243 exciderit
976 2225 992 2253 ,
1024 2176 1326 2261 recipere
1358 2176 1415 2241 si
1443 2175 1699 2261 possim
1725 2224 1740 2251 ‚
1773 2174 1932 2238 mihi
1964 2195 2124 2240 sane
2152 2175 2448 2259 gratuler
2475 2225 2491 2252 ‚
2529 2175 2658 2240 sed
2683 2176 2842 2262 Lap-

627 2297 891 2363 paeque
920 2274 1282 2359 tribolique
1312 2274 1574 2339 absint:
1595 2294 1752 2336 nam
1779 2272 1909 2337 iste
1938 2272 2118 2336 nitor
2145 2273 2434 2337 vomeris
2463 2273 2578 2338 hic
2605 2273 2842 2340 frustra

630 2375 872 2438 emicat
897 2421 913 2448 ‚
949 2394 1096 2436 cum
1124 2376 1330 2457 poeta
1356 2393 1492 2436 non
1523 2369 1866 2435 describat
1894 2368 2350 2457 splendentia,
2381 2371 2507 2436 sed
2538 2394 2712 2456 quae
2739 2373 2840 2437 mi-

623 2478 916 2535 nuantur
945 2469 1180 2533 attritu
1197 2518 1211 2532 .

790 2567 931 2631 321.
954 2588 1477 2631 PnascLussr
1508 2589 1858 2633 srscmm
1896 2588 2224 2632 NATURA
2252 2588 2610 2631 vmmun
2643 2618 2657 2632 .
2693 2568 2838 2633 Cor·

623 2673 851 2730 rector
872 2664 1148 2749 oblongi
1169 2685 1675 2729 Psascnusvr
1691 2714 1706 2728 .
1732 2664 1856 2730 sed
1875 2666 2133 2751 speciem
2153 2665 2398 2729 videndi
2423 2665 2676 2732 nullam
2704 2686 2837 2730 esse

621 2784 843 2849 neque
888 2783 1037 2828 esse
1090 2782 1293 2847 posse
1333 2761 1676 2827 Bentleius
1737 2771 1806 2827 et
1834 2760 2294 2827 Wakefieldus
2345 2763 2838 2836 intellexerunt,

620 2862 750 2928 nisi
780 2860 966 2948 quod
994 2882 1036 2925 a
1062 2881 1226 2925 vera
1270 2858 1670 2925 emendandi
1699 2862 1960 2926 ratione
1987 2859 2142 2925 ideo
2184 2861 2586 2927 aberrarunt
2616 2913 2634 2939 ‚
2668 2860 2836 2948 quod

619 2960 778 3025 huic
804 2966 1048 3046 poetae
1078 2958 1563 3044 simplicissima
1594 2980 1901 3046 quaeque
1932 2968 2002 3023 et
2039 2959 2138 3023 rei
2166 2959 2836 3025 accommodatissima

618 3061 815 3125 unice
844 3058 1203 3124 convenire
1229 3078 1368 3122 non
1398 3058 1562 3122 satis
1590 3063 2078 3143 perspexerant
2094 3106 2108 3120 .
2130 3056 2360 3142 itaque
2387 3058 2459 3121 in
2485 3057 2620 3122 hoc
2647 3079 2832 3122 versu

620 3157 785 3222 nihil
812 3156 994 3222 aliud
1027 3157 1251 3220 inesse
1279 3156 1534 3242 potuit,
1569 3156 1699 3220 nisi
1724 3163 2032 3221 naturam
2058 3155 2254 3219 nobis
2281 3153 2561 3221 videndi
2570 3156 2832 3243 famalia-

617 3265 735 3318 tem
774 3276 914 3318 non
958 3254 1272 3319 tribuisse
1298 3278 1313 3317 :
1365 3252 1488 3318 sed
1531 3260 1737 3341 poeta
1764 3303 1781 3330 ‚
1832 3275 1984 3317 cum
2025 3253 2476 3338 praecludendi
2516 3254 2831 3320 vocabulo

618 3358 924 3416 uteretur
951 3400 967 3427 ‚
1014 3349 1248 3415 debuit
1271 3352 1484 3438 magis
1510 3352 1786 3440 proprie
1832 3352 1928 3417 sic
1960 3350 2184 3416 dicere
2214 3400 2230 3428 ‚
2275 3352 2496 3417 Invida
2511 3353 2834 3440 praeclusit

618 3470 981 3512 spa-rma
1008 3460 1235 3514 namra
1260 3450 1539 3514 videndi.

782 3544 922 3613 326.
956 3545 1122 3611 Nnc
1154 3595 1170 3622 ‚
1219 3568 1990 3622 massoanrsunnu'r
2021 3595 2037 3624 ,
2073 3569 2331 3613 vssco
2387 3571 2587 3614 sans
2634 3570 2826 3614 saxa

616 3665 920 3709 rssssA
949 3694 964 3709 .
1001 3644 1183 3708 Vesco
1228 3644 1423 3708 abest
1471 3643 1805 3729 quadrato
1861 3653 1930 3709 et
1974 3644 2288 3725 schedis3
2326 3656 2615 3734 propter
2657 3643 2824 3733 quod

611 3743 1012 3809 vocabulum
1050 3742 1267 3829 ipsum
1294 3742 1464 3806 haec
1502 3752 2021 3809 commemorant
2051 3744 2303 3811 Gellius
2328 3745 2399 3809 in
2425 3769 2564 3823 m,
2578 3746 2616 3810 5
2633 3795 2651 3822 ,
2671 3744 2825 3809 Pau·

612 3841 716 3905 lus
748 3863 785 3905 e
813 3840 1017 3906 Festo
1050 3841 1220 3906 libro
1248 3862 1444 3924 xxxp.
1468 3840 1586 3905 158
1614 3841 1915 3908 Lindem.
1934 3892 1951 3918 ‚
1971 3842 2431 3931 Philargyrius
2461 3842 2554 3908 ad
2580 3842 2823 3930 georgi·

613 3958 743 4000 con
801 3961 899 4014 ιιι,
917 3940 1051 4002 174.
1110 3936 1345 4002 iisdem
1387 3937 1729 4004 Donatum
1782 3962 1978 4004 usum
2037 3961 2187 4005 esse
2237 3940 2326 4005 ad
2369 3941 2820 4007 Phormionem

612 4033 780 4110 1‚4,2
810 4033 1288 4101 demonstrabo
1319 4033 1409 4098 ad
1436 4035 1677 4100 librum
1704 4060 1794 4114 vx,
1809 4038 1936 4103 489
1954 4087 1969 4102 .

775 4132 915 4197 334.
956 4132 1136 4213 Qua
1194 4155 1568 4199 PROPTER
1620 4158 1875 4201 Locus
1932 4159 2074 4201 Esr
2127 4160 2539 4204 marae-rus
2584 4156 2818 4203 mans

606 4251 1114 4307 vacansoun.
1156 4231 1307 4310 Qua
1334 4234 1668 4319 propter?
1697 4256 1950 4320 quaeso
1983 4284 1997 4298 .
2033 4235 2099 4299 ni
2129 4236 2365 4300 mirum
2396 4238 2554 4321 quia
2577 4236 2647 4301 id
2674 4253 2816 4318 cog·

604 4350 807 4394 nosse
836 4329 1000 4394 utile
1030 4337 1166 4394 est:
1206 4337 1322 4395 aut
1350 4339 1534 4395 certe
1564 4332 1719 4417 quia
1749 4340 1938 4398 extat
1963 4333 2159 4398 inane
2178 4383 2194 4410 ‚
2227 4331 2383 4399 ideo
2413 4334 2488 4399 id
2514 4336 2700 4402 inane
2727 4332 2818 4395 lo-

605 4446 722 4490 eus
771 4428 1064 4493 intactus
1116 4436 1221 4492 est
1254 4476 1267 4490 .
1322 4449 1543 4513 neque
1608 4431 1780 4494 enim
1842 4432 2196 4518 quicquam
2241 4434 2612 4520 praecessit
2651 4427 2816 4497 unde
