3042 5192
1297 471 1362 536 V
2305 477 2443 545 327

234 647 419 712 locuti
449 654 604 710 sunt
635 669 813 709 novo
839 667 1020 710 more
1039 694 1053 718 ‚
1087 654 1376 732 postque
1402 668 1518 710 eos
1542 645 1896 711 Phaedrus
1920 650 2107 734 iuryii
2124 699 2140 728 ‚
2171 651 2443 732 luscinii,

233 745 574 810 Columella
612 746 678 807 in
723 745 920 818 x‚ls2
966 745 1090 807 356
1128 745 1376 808 Caecilii
1415 753 1481 808 et
1509 746 1813 809 marrubii
1844 795 1856 808 .
1910 748 2125 812 minus
2156 757 2406 812 certum
2428 799 2443 820 ,

233 853 381 929 puto
400 893 414 918 ‚
443 844 509 907 in
531 843 819 927 Priapeo
848 843 930 906 50
957 843 1304 928 supercilii,
1335 842 1448 905 ubi
1478 842 1772 906 ablativo
1806 845 2056 927 pariter
2087 845 2275 910 locus
2306 854 2442 911 est:

231 942 444 1015 Dirae,
491 941 859 1016 Moretum‚
909 939 1218 1015 Gratius,
1272 940 1558 1024 epitome
1604 940 1886 1015 Iliados,
1947 942 2149 1018 Ciris,
2199 944 2441 1016 Culex,

225 1040 425 1102 neutri
450 1040 623 1123 parti
646 1038 909 1104 favent.
962 1046 1195 1103 tenent
1218 1059 1466 1101 novum
1492 1061 1738 1102 morem
1767 1039 2029 1103 Seneca
2048 1089 2062 1112 ‚
2097 1040 2438 1116 Lucanus,

225 1136 561 1201 Petronius
581 1185 596 1210 ‚
637 1136 947 1201 Valerius
977 1136 1257 1200 Flaccus
1278 1185 1292 1210 ‚
1338 1137 1593 1201 Statius
1612 1185 1625 1209 ,
1671 1138 1873 1202 Silius
1892 1187 1908 1213 ‚
1940 1139 2301 1214 Martialis,
2333 1142 2438 1204 Iu-

221 1234 485 1299 venalis.
516 1235 909 1319 Propertius
939 1258 1101 1299 vero
1134 1233 1537 1299 adiectivum
1569 1257 1839 1321 quoque
1872 1258 2114 1301 nomen
2144 1239 2433 1303 breviori

219 1334 316 1397 illa
353 1333 644 1417 genetivi
681 1332 1038 1398 inflexione
1085 1334 1364 1408 extulit,
1405 1334 1530 1398 sed
1572 1357 1774 1398 unum
1807 1385 1822 1411 ‚
1878 1337 1988 1400 N
1946 1360 2066 1400 unc
2096 1337 2307 1402 Iovis·
2282 1341 2434 1402 zaci-

208 1436 370 1518 piam
423 1458 641 1498 causas
700 1436 947 1519 aperire
990 1433 1273 1512 Feretri,
1321 1444 1390 1498 et
1423 1434 1591 1497 Hinc
1620 1433 1859 1498 Feretri
1886 1436 2049 1498 dicta
2077 1447 2164 1499 est
2187 1460 2305 1499 ara
2332 1460 2433 1500 su-

207 1533 386 1615 perba
421 1533 606 1597 Iovis.
664 1531 839 1596 idem
869 1533 980 1617 qui
1024 1540 1296 1618 praeter
1333 1532 1515 1596 hunc
1546 1533 1685 1596 ausi
1718 1532 1885 1606 sint,
1927 1532 2350 1597 Iuvenalem
2334 1556 2433 1597 in-

215 1630 392 1692 venio
412 1679 426 1702 ‚
472 1630 662 1693 cuius
708 1638 813 1694 est
851 1630 919 1693 in
963 1631 1168 1694 satira
1195 1630 1423 1702 v1,385
1453 1632 1715 1694 nominis
1742 1632 1913 1715 Appi
1926 1679 1944 1710 ‚
1978 1639 2047 1695 et
2076 1631 2395 1695 Senecam
2417 1680 2431 1704 ‚

213 1729 315 1811 qui
342 1728 612 1814 scripsit
631 1729 698 1791 in
719 1728 1096 1814 Hippolyto
1129 1727 1286 1792 1022
1309 1752 1533 1792 amnem
1558 1728 1871 1812 lspidaari
1891 1730 1988 1792 dei
2006 1779 2019 1792 .
2050 1750 2202 1793 nam
2224 1730 2435 1794 fuisse

212 1827 314 1909 qui
341 1828 553 1915 Satyri
594 1827 840 1891 Tarenti
880 1827 945 1890 in
988 1828 1321 1911 georgicis
1353 1826 1627 1912 Vergilii
1660 1850 1728 1900 11,
1754 1827 1868 1890 197
1901 1835 1971 1890 et
2007 1830 2268 1912 scopuli-3
2293 1852 2429 1892 sar-

210 1925 333 1988 dior
368 1927 563 2004 Icari,
614 1922 801 2009 quod
844 1933 951 1988 est
992 1923 1176 2011 apud
1203 1925 1559 1990 Horatium
1589 1946 1787 1988 carm.
1808 1948 1907 2001 111,
1924 1926 2067 2002 7,21
2092 1974 2107 2001 ‚
2137 1927 2231 1990 ita
2259 1927 2430 1991 acci-

209 2032 429 2107 perent
452 2025 650 2109 quasi
678 2031 860 2088 esset
882 2023 1117 2110 Satyrii
1145 2031 1212 2087 et
1241 2023 1460 2103 Icarii,
1490 2045 1711 2108 neque
1734 2022 2049 2087 credibile
2081 2034 2186 2088 est
2209 2046 2426 2109 neque

211 2120 468 2206 dignum
497 2123 816 2186 memoria
849 2170 863 2184 .
911 2143 1122 2207 nuper
1152 2129 1373 2185 tamen
1403 2121 1606 2184 homo
1640 2120 1907 2205 quidam
1940 2120 2183 2185 doctus
2215 2125 2430 2185 comici

203 2243 425 2283 versam
466 2242 666 2305 quem
711 2219 872 2284 dicit
913 2220 1165 2284 Plinius
1208 2219 1276 2282 in
1315 2219 1639 2283 naturalis
1687 2218 2006 2282 historiae
2046 2220 2427 2294 221v‚14‚16,

206 2339 316 2402 pro
347 2318 690 2383 Luciliano
733 2318 1126 2383 hexametro
1170 2315 1546 2381 venditavit
1584 2316 1775 2380 nimis
1817 2338 2051 2380 secure
2092 2318 2189 2380 ita
2216 2318 2424 2402 scrip-

201 2424 325 2480 tum
346 2466 360 2488 ,
409 2420 694 2504 Quinque
741 2419 927 2481 Thasi
969 2418 1092 2480 vini
1131 2419 1520 2501 depromam,
1565 2416 1709 2479 bina
1753 2414 2039 2478 Falerni.
2084 2415 2242 2478 mihi
2282 2437 2424 2479 cer-

201 2525 328 2578 tum
363 2516 639 2580 videtur
669 2516 950 2579 Plinium
997 2515 1174 2578 hune
1208 2536 1473 2578 versum
1513 2513 1765 2576 referre
1808 2512 1897 2576 ad
1936 2521 2244 2599 tempora
2274 2515 2421 2579 Sul-

198 2614 367 2678 lana:
400 2625 699 2679 ceteriun
724 2616 954 2700 copias
981 2614 1186 2698 Siligii
1211 2611 1671 2701 expectandas
1695 2634 1937 2676 censeo
1958 2661 1972 2686 ,
2001 2634 2127 2676 nec
2148 2635 2424 2699 possum

196 2711 408 2776 (licere
455 2736 657 2799 quam
704 2735 860 2777 vere
913 2711 1337 2777 scribendum
1393 2711 1788 2775 coniecerim
1836 2712 1999 2792 Quin
2054 2711 2262 2776 'l'luisii
2300 2714 2424 2775 viai

193 2812 340 2874 (lena
350 2835 648 2897 promam
665 2860 680 2888 ‚
711 2812 854 2875 bina
883 2811 1134 2875 Falerni
1152 2798 1349 2875 doliass
1382 2832 1589 2895 porro
1614 2811 2187 2874 substantivorum
2212 2809 2420 2874 Grae-

196 2931 415 2972 corum
445 2910 802 2995 genetivos
839 2909 907 2971 in
939 2909 1236 2972 vocalem
1277 2910 1301 2970 i
1343 2909 1705 2993 simplicem
1740 2917 2062 2972 exeuntes
2091 2928 2230 2970 non
2260 2907 2423 2970 nulli

193 3009 600 3090 probarunt,
644 3007 739 3070 ita
769 3015 987 3069 tamen
1021 3008 1076 3070 si
1107 3014 1262 3070 ante
1296 3027 1438 3069 eam
1471 3007 1697 3091 plures
1729 3027 1954 3069 morae
1985 3015 2243 3079 essent,
2284 3026 2418 3068 non

191 3125 314 3168 una
342 3115 641 3170 tantum:
673 3126 824 3168 nam
854 3104 1235 3168 Priscianus
1263 3104 1749 3189 imperitissime
1780 3104 1845 3166 in
1870 3100 2209 3166 Aeneidos
2240 3101 2418 3176 ι,222

193 3202 340 3268 Fata
371 3205 539 3292 Lyci
569 3205 1049 3289 interpretatur
1081 3203 1294 3288 Lycii,
1335 3224 1397 3286 p.
1415 3201 1571 3273 946,
1614 3208 1681 3263 et
1711 3199 1881 3263 dixit
1921 3200 2161 3263 Bromii
2201 3199 2418 3263 tribus

187 3303 460 3388 syllabis
493 3302 716 3366 Varro
757 3300 938 3385 apud
979 3301 1270 3364 Nonium
1311 3300 1485 3386 p.7l,
1509 3299 1584 3362 18
1616 3347 1630 3368 ,
1684 3299 2061 3384 qurondem
2087 3345 2105 3375 ‚
2174 3298 2419 3361 Bromii
2480 3285 2489 3296 ⁸

184 3403 606 3465 emmanitatis
643 3401 888 3464 avidam
916 3448 933 3478 ,
977 3398 1103 3461 nisi
1133 3407 1356 3461 tamen
1387 3396 1456 3460 id
1484 3418 1729 3460 nomen
1763 3396 1985 3482 potius
2014 3393 2419 3460 adiectivum

183 3507 316 3562 est.
361 3501 463 3563 sic
503 3499 708 3582 igitur
737 3497 1018 3561 Plautus
1061 3497 1333 3582 Talthybi
1361 3496 1427 3558 in
1460 3496 1696 3559 Sticho
1730 3495 1995 3569 11,2,33‚
2035 3495 2320 3581 gymnasi
2340 3494 2413 3558 in

181 3597 538 3661 Bacchisin
566 3597 728 3669 111‚3‚
743 3595 853 3671 21,
876 3595 1228 3659 Lucretius
1251 3597 1436 3680 Aeffl‘,
1459 3594 1748 3672 absinthi,
1780 3595 2079 3670 centauri,
2111 3592 2387 3680 conchyli
2397 3640 2414 3668 ‚

182 3697 489 3760 Catullus
549 3696 607 3758 P
600 3696 712 3759 elei
773 3694 1062 3759 montis
1139 3692 1344 3757 conch
1320 3693 1440 3779 stt,
1496 3693 1810 3779 gymnasi,
1878 3689 2161 3754 Ovidius
2211 3689 2417 3753 semel

179 3795 376 3880 Rheyi
422 3803 688 3858 metam.
707 3793 895 3866 x1v‚5
916 3794 1207 3867 ‚Aconti
1247 3792 1314 3854 in
1357 3789 1644 3874 Priapeo
1685 3812 1799 3852 xv¹
1833 3838 1848 3863 ‚
1906 3790 2168 3852 balaa-sti
2213 3788 2409 3851 Colu-

173 3894 425 3959 mella
407 3915 482 3957 m
513 3892 730 3965 x‚297‚
773 3892 1030 3955 Statius
1061 3889 1273 3953 Theb.
1291 3912 1381 3962 xi,
1396 3889 1519 3952 636
1551 3889 1711 3968 Lai,
1756 3886 1940 3973 quod
1970 3888 2208 3951 vitiose
2251 3886 2412 3949 scri-

169 3991 350 4056 bitur
384 3993 546 4057 Laii
563 4041 577 4054 .
611 3989 932 4054 Horatius
963 3988 1050 4054 ad
1092 3988 1270 4052 hunc
1300 3987 1571 4051 modum
1603 3986 1774 4051 dixit
1805 3987 2027 4050 Libros
2058 3986 2318 4048 Panaeti
2346 3993 2413 4046 et

173 4090 441 4178 szysi
464 4091 682 4179 filias:
729 4087 813 4152 de
854 4089 984 4152 hoc
1017 4088 1188 4150 enim
1218 4087 1500 4151 Bentleii
1532 4085 1925 4150 sententiam
1958 4083 2269 4170 probabit
2300 4084 2415 4166 qui

169 4211 246 4252 ea
274 4185 822 4253 consideraverit
852 4208 1024 4270 quae
1057 4186 1337 4250 Carolus
1368 4184 1624 4249 Keilius
1656 4185 1721 4247 in
1753 4184 2107 4268 specimine
2139 4201 2411 4243 onoma-

166 4287 380 4373 tologi
440 4286 684 4349 Graeci
719 4334 733 4358 ,
795 4284 1061 4370 Lipsiae
1112 4307 1288 4348 anno
1336 4283 1495 4346 1840
1543 4282 1724 4347 edito
1755 4329 1769 4352 ,
1819 4278 2187 4363 disputavit
2219 4277 2411 4363 1124,

163 4404 288 4447 nec
331 4382 540 4448 facile
581 4402 979 4466 quemquam
1021 4384 1334 4468 Dimzysus
1374 4380 1887 4445 Trimalchionis
1933 4397 2170 4440 servus
2212 4375 2408 4437 alior-

161 4501 308 4546 sum
357 4479 640 4545 trahet.
700 4477 823 4544 sed
864 4480 1060 4564 longe
1104 4481 1386 4543 maxima
1434 4500 1591 4566 pars
1642 4483 1988 4565 poctarum
2029 4474 2157 4537 hac
2199 4472 2409 4537 forma
