3042 5192
641 475 777 546 190
1711 471 1781 537 V

690 648 883 713 ‘Inde
913 667 1106 711 casas
1134 653 1296 734 post
1326 667 1524 732 quam
1555 667 1634 709 ac
1663 645 1857 733 pellis
1883 647 2237 732 ignemque
2266 660 2620 735 pararunt‚

637 773 705 829 et
731 764 963 828 mulier
995 762 1350 827 coniuncta
1375 763 1522 826 viro
1556 761 1894 825 concessit
1919 761 1989 824 in
2015 783 2220 825 unum

636 879 992 945 conubium
1011 926 1027 952 ‚
1050 877 1442 964 prolemque
1474 897 1559 940 ex
1587 897 1663 940 se
1690 875 1922 940 videre
1952 885 2242 941 creatam
2262 926 2277 953 ‚

630 1003 771 1059 tum
800 1014 1012 1078 genus
1041 992 1403 1055 humanum
1431 992 1714 1077 primum
1741 991 2132 1055 mollescere
2163 994 2390 1080 coepit
2407 1043 2420 1056 .

462 1129 589 1175 1015
633 1110 806 1194 ignis
839 1108 1009 1172 enim
1041 1107 1298 1171 curavit
1326 1113 1403 1170 ut
1433 1107 1599 1170 alsia
1629 1127 1919 1193 corpora
1944 1106 2156 1192 frigus

634 1246 771 1288 non
799 1224 899 1287 ita
925 1223 1055 1286 iam
1082 1230 1367 1306 possent
1395 1220 1561 1285 caeli
1592 1221 1717 1284 sub
1746 1220 2035 1306 tegmine
2062 1221 2240 1285 ferre
2258 1272 2273 1298 ,

632 1348 701 1404 et
729 1337 965 1402 Venus
994 1336 1299 1400 inminuit
1324 1336 1485 1400 viris
1504 1384 1519 1411 ‚
1542 1336 1868 1423 puerique
1898 1309 2252 1422 parentum

632 1451 972 1519 blanditiis
1001 1450 1196 1515 facile
1224 1450 1559 1536 ingenium
1586 1449 1850 1535 fregere
1881 1452 2244 1537 superbum
2265 1502 2279 1516 .

632 1577 794 1633 tunc
825 1574 895 1630 et
923 1566 1269 1629 amicitiem
1298 1572 1670 1650 coeperunt
1695 1565 1972 1651 iungere
2002 1575 2281 1631 aventes

460 1703 590 1750 1020
633 1682 887 1749 finitimi
914 1682 1091 1745 inter
1121 1701 1194 1744 se
1222 1702 1347 1744 nec
1376 1679 1645 1744 laedere
1674 1701 1799 1744 nec
1825 1680 2064 1744 violari
2082 1730 2098 1756 ‚

633 1806 702 1862 et
728 1818 976 1885 pueros
1009 1794 1564 1894 commendarant
1591 1795 2049 1881 muliebreque
2079 1798 2368 1861 saeclum
2386 1847 2402 1872 ‚

636 1912 917 1979 vocibus
949 1918 1017 1975 et
1046 1918 1244 1997 gestu
1274 1932 1424 1973 cum
1451 1910 1651 1974 balbe
1681 1910 2133 1996 significarent

633 2027 1112 2093 imbecillorum
1142 2047 1291 2090 esse
1320 2046 1553 2088 aecum
1579 2026 1955 2090 misererier
1985 2027 2200 2091 omnis
2221 2077 2235 2090 .

631 2165 757 2207 nec
788 2151 1010 2207 tamen
1040 2139 1436 2205 omnimodis
1465 2148 1739 2227 poterat
1767 2140 2130 2205 concordia
2157 2143 2337 2227 gigni
2355 2191 2370 2214 ‚

466 2277 592 2323 1025
637 2257 761 2323 sed
789 2258 970 2322 bona
997 2277 1370 2342 magnaque
1399 2276 1561 2342 pars
1591 2255 1909 2320 servabat
1933 2256 2212 2321 foedera
2242 2264 2460 2321 caste:

633 2382 751 2438 aut
779 2395 990 2459 genus
1019 2372 1381 2435 humanum
1409 2372 1539 2434 iam
1568 2377 1710 2435 tum
1736 2371 1918 2435 foret
1946 2393 2140 2435 omne
2166 2379 2586 2459 peremptum
2605 2423 2620 2447 ‚

631 2510 756 2552 nec
785 2488 1120 2574 potuisset
1149 2485 1372 2551 adhuc
1400 2484 1774 2573 perducere
1805 2486 2029 2550 saecla
2054 2509 2360 2574 propago
2381 2537 2395 2551 .

714 2604 806 2667 At
835 2602 1057 2666 varios
1087 2602 1351 2687 linguae
1382 2602 1641 2666 sonitus
1669 2608 1914 2665 natura
1942 2602 2208 2687 subegit

630 2719 892 2782 mittere
910 2767 926 2792 ‚
951 2725 1019 2781 et
1046 2717 1298 2781 utilitas
1330 2717 1663 2803 expressit
1691 2717 1959 2780 nomina
1987 2739 2208 2781 rerum
2227 2765 2243 2793 ‚

463 2851 595 2899 1030
639 2855 778 2898 non
808 2833 938 2897 alia
965 2832 1164 2918 longe
1194 2832 1454 2896 ratione
1484 2837 1688 2916 atque
1718 2832 1868 2919 ipsa
1894 2830 2165 2896 videtur

630 2947 1030 3037 protrahere
1061 2946 1150 3010 ad
1178 2953 1441 3032 gestum
1469 2967 1722 3032 pueros
1751 2945 2028 3011 infantia
2055 2947 2317 3032 linguae
2337 2996 2353 3024 ‚

632 3086 781 3128 cum
808 3063 970 3127 facit
997 3069 1074 3126 ut
1103 3060 1312 3147 digito
1347 3082 1518 3147 quae
1549 3061 1686 3125 sint
1711 3062 2093 3149 praesentia
2119 3070 2496 3127 monstrent
2515 3112 2529 3126 .

633 3180 839 3244 sentit
869 3179 1040 3242 enim
1067 3178 1201 3242 vim
1231 3177 1515 3262 quisque
1547 3197 1735 3240 suam
1767 3198 1901 3261 quo
1933 3176 2021 3240 ad
2050 3178 2268 3263 possit
2296 3179 2480 3242 abuti
2500 3227 2513 3240 .

630 3315 885 3359 cornua
912 3300 1075 3357 nata
1102 3292 1287 3379 prius
1318 3291 1529 3355 vitulo
1562 3312 1760 3376 quam
1788 3290 2125 3356 frontibus
2157 3300 2419 3368 extent,

462 3425 588 3472 1035
631 3409 761 3473 illis
788 3408 1000 3472 iratus
1028 3407 1200 3494 petit
1229 3414 1432 3492 atque
1462 3406 1746 3470 infestus
1774 3408 2044 3493 inurget
2062 3457 2076 3470 .

632 3532 703 3587 at
732 3522 932 3586 catuli
960 3521 1439 3609 pantherarum
1469 3522 1862 3609 scymnique
1890 3522 2158 3586 leonum

628 3638 962 3723 unguibus
992 3659 1071 3701 ac
1099 3636 1386 3724 pedibus
1414 3639 1547 3702 iam
1575 3646 1715 3702 tum
1743 3659 2107 3723 morsuque
2135 3647 2516 3725 repugnant
2534 3689 2548 3714 ,

629 3754 744 3817 vix
775 3754 970 3816 etiam
1001 3775 1149 3817 cum
1180 3760 1339 3816 sunt
1367 3751 1607 3816 dentes
1637 3773 2030 3839 unguesque
2063 3755 2268 3818 creati
2289 3803 2302 3817 .

629 3869 901 3933 alituum
930 3891 1136 3956 porro
1168 3889 1379 3954 genus
1411 3868 1534 3931 alis
1565 3889 1759 3931 omne
1787 3867 2091 3932 videmus

455 4001 586 4046 1040
631 3983 839 4049 fidere
871 3993 939 4049 et
968 4006 1008 4048 a
1038 3984 1258 4071 pinnis
1287 3982 1641 4046 tremulum
1670 3992 1901 4070 petere
1930 3984 2310 4049 auxiliatum
2332 4033 2345 4047 .

638 4299 765 4347 1011
806 4310 988 4347 cassas
1027 4292 1047 4362 ΙΙ
1084 4293 1258 4364 pellus
1294 4292 1314 4361 ΙΙ
1359 4300 1486 4346 1013
1529 4294 1761 4364 Cognita
1783 4301 1908 4347 sunt
1945 4293 1965 4362 ΙΙ
2009 4298 2140 4347 1016
2177 4292 2333 4347 ferri.
2373 4293 2394 4361 ΙΙ
2435 4299 2568 4346 1020
2594 4292 2798 4346 violare.
2821 4289 2836 4354 ΙΙ

634 4383 763 4431 1023
804 4377 975 4431 omni.
1046 4375 1066 4446 ΙΙ
1127 4383 1254 4430 1025
1293 4379 1456 4432 casti.
1511 4375 1531 4447 ΙΙ
1591 4384 1719 4431 1033
1759 4379 1838 4432 vis
1895 4380 1915 4449 ΙΙ
1969 4377 2112 4448 quod
2162 4375 2183 4447 ΙΙ
2239 4385 2364 4431 1035
2403 4378 2635 4433 infessus
2673 4378 2691 4447 ΙΙ
2729 4377 2837 4428 1038

633 4463 757 4515 tiam
796 4461 815 4532 ΙΙ
862 4468 988 4514 1039
1024 4479 1294 4533 proporro
