3042 5192
577 459 715 529 108
1636 456 1732 524 III

566 634 819 720 frigore
838 681 853 707 ‚
878 651 1027 695 cum
1057 651 1313 695 summo
1342 628 1547 716 gelidi
1575 629 1779 695 cubat
1806 649 2102 715 aequore
2132 630 2276 694 saxi
2292 679 2307 704 ,

567 747 871 834 urgerive
901 766 1191 832 superne
1221 744 1543 810 obtritum
1570 742 1876 830 pondere
1903 751 2130 808 terrae
2149 793 2163 807 .

643 857 811 926 ‘Iam
838 860 968 925 iam
995 881 1135 924 non
1164 858 1405 924 domus
1436 858 1720 945 accipiet
1747 865 1818 922 te
1846 857 2026 923 laeta
2042 906 2058 935 ‚
2079 879 2301 945 neque
2330 881 2507 924 uxor

410 996 508 1040 895
564 976 817 1063 optima
841 996 969 1040 nec
999 973 1232 1039 dulces
1261 980 1621 1038 occurrent
1649 973 1882 1037 oscula
1907 973 2050 1037 nati

460 1167 465 1174 ,
566 1091 950 1180 praeripere
982 1097 1052 1155 et
1076 1088 1283 1155 tacita
1310 1095 1552 1175 pectus
1581 1085 1937 1152 dulcedine
1971 1093 2285 1174 tangent.

561 1228 703 1274 non
729 1205 985 1292 poteris
1011 1202 1209 1270 factis
1237 1203 1635 1269 florentibus
1664 1223 1814 1267 esse
1832 1250 1847 1278 ,
1875 1202 2145 1287 tuisque

564 1318 969 1408 praesidium
988 1368 1003 1382 .
1026 1319 1269 1384 misero
1299 1318 1556 1383 misere’
1585 1317 1772 1381 aiunt
1793 1309 2034 1381 ‘omnia
2062 1315 2311 1382 ademit

563 1455 700 1499 una
728 1432 872 1498 dies
898 1432 1144 1498 infesta
1172 1433 1293 1499 tibi
1319 1439 1426 1497 tot
1452 1431 1750 1519 praemia
1774 1432 1990 1496 vitae!

410 1568 510 1614 900
565 1548 732 1614 illud
758 1549 827 1612 in
855 1548 962 1612 his
990 1548 1192 1613 rebus
1220 1569 1359 1612 non
1387 1546 1653 1612 addunt
1670 1595 1686 1623 ‚
1703 1540 1848 1611 ‘nec
1877 1546 1997 1611 tibi
2027 1567 2252 1611 earum

564 1666 694 1729 iam
727 1662 1127 1728 desiderium
1155 1684 1377 1727 rerum
1406 1683 1610 1747 super
1636 1660 1888 1726 insidet
1913 1683 2049 1726 una
2066 1663 2099 1725 .’

566 1777 754 1865 quod
780 1779 953 1842 bene
983 1778 1041 1842 si
1067 1776 1344 1842 videant
1370 1776 1589 1840 animo
1620 1774 1950 1864 dictisque
1980 1784 2349 1862 sequantur
2369 1827 2385 1852 ‚

566 1892 940 1959 dissoluant
968 1892 1164 1957 animi
1190 1912 1432 1978 magno
1463 1912 1538 1955 se
1568 1912 1821 1979 angore
1849 1899 2166 1976 metuque
2184 1941 2197 1954 .

565 2016 638 2073 tu
669 2006 939 2094 quidem
965 2017 1044 2072 ut
1073 2028 1145 2072 es
1173 2006 1311 2072 leto
1342 2006 1605 2093 sopitus
1622 2055 1638 2083 ,
1663 2007 1759 2072 sic
1789 2008 1919 2072 eris
1949 2006 2096 2071 aevi

409 2142 508 2189 905
569 2123 757 2211 quod
785 2144 988 2209 super
1018 2130 1122 2187 est
1150 2122 1409 2186 cunctis
1438 2121 1725 2208 privatu‘
1755 2120 2102 2187 doloribus
2131 2120 2382 2208 aegris:

565 2247 637 2305 at
662 2261 792 2303 nos
819 2238 1132 2303 horrifico
1164 2236 1563 2302 cinefactum
1591 2244 1660 2301 tc
1689 2258 1905 2322 prope
1934 2238 2138 2301 busto

564 2354 1022 2419 insatiabiliter
1053 2351 1439 2417 deflevimus
1457 2401 1473 2429 ‚
1496 2359 1976 2436 aeternumque

566 2469 748 2533 nulla
778 2467 922 2533 dies
950 2468 1145 2532 nobis
1174 2488 1502 2532 merorem
1535 2488 1571 2531 e
1598 2473 1876 2552 pectore
1906 2465 2130 2531 demet
2147 2514 2161 2529 .

562 2582 731 2648 illud
759 2584 843 2648 ab
871 2583 1004 2647 hoc
1031 2582 1232 2668 igitur
1261 2580 1718 2667 quaerendum
1749 2588 1855 2646 est
1871 2629 1886 2658 ,
1911 2580 2074 2667 quid
2103 2581 2191 2646 sit
2219 2583 2424 2646 amari

409 2715 508 2762 910
560 2705 752 2763 tanto
785 2718 990 2784 opere
1008 2746 1024 2774 ‚
1047 2695 1137 2761 ad
1164 2717 1466 2761 somnum
1496 2697 1554 2760 si
1581 2717 1693 2760 res
1719 2695 1898 2760 redit
1926 2704 2129 2783 atque
2161 2697 2447 2783 quietem
2469 2747 2484 2772 ‚

565 2834 684 2877 cur
715 2813 1065 2899 quisquam
1095 2820 1371 2878 aeterno
1401 2811 1623 2897 possit
1649 2811 1997 2877 tabescere
2026 2811 2210 2876 luctu
2230 2860 2243 2874 .

646 2928 799 2993 Hoc
830 2929 1028 2994 etiam
1052 2927 1307 2993 faciunt
1332 2927 1447 2991 ubi
1478 2925 1880 2991 discubuere
1907 2933 2272 3012 tenentque

562 3044 806 3132 pocula
835 3065 1037 3130 saepe
1064 3044 1369 3109 homines
1398 3050 1467 3108 et
1493 3043 1876 3107 inumbrant
1904 3062 2026 3106 ora
2053 3041 2320 3106 coronis
2338 3091 2354 3118 ‚

565 3181 650 3225 ex
678 3160 896 3224 animo
924 3166 1003 3224 ut
1033 3157 1263 3224 dicant
1284 3152 1540 3222 ‘brevis
1567 3157 1679 3221 hic
1710 3164 1815 3221 est
1841 3155 2101 3221 fructus
2129 3156 2467 3222 homullis:

406 3292 505 3338 915
560 3276 689 3339 iam
716 3274 918 3339 fuerit
935 3322 951 3349 ‚
971 3294 1193 3358 neque
1220 3279 1382 3359 post
1408 3292 1722 3356 umquam
1748 3292 2070 3336 revocare
2098 3271 2324 3337 licebit
2342 3272 2374 3335 .’

560 3397 699 3453 tam
728 3409 929 3475 quam
956 3389 1024 3451 in
1052 3393 1267 3451 morte
1296 3384 1449 3448 mali
1479 3406 1630 3449 cum
1658 3384 1887 3470 primis
1914 3384 2049 3448 hoc
2078 3386 2168 3451 sit
2204 3408 2429 3451 eorum
2449 3435 2466 3462 ‚

565 3500 751 3588 quod
781 3503 925 3566 sitis
956 3509 1195 3565 exurat
1222 3499 1502 3564 miseros
1533 3506 1737 3585 atque
1765 3497 1956 3562 arida
1983 3507 2207 3566 torres
2226 3550 2242 3578 ‚

565 3625 682 3681 aut
710 3616 876 3681 aliae
905 3615 1092 3680 cuius
1124 3612 1529 3679 desiderium
1556 3612 1849 3678 insideat
1873 3614 2003 3679 rei.

561 3753 688 3796 nec
718 3731 843 3796 sibi
872 3730 1042 3795 enim
1075 3730 1425 3816 quisquam
1454 3736 1598 3793 tum
1627 3751 1701 3795 se
1729 3731 2072 3817 vitamque
2100 3730 2380 3816 requirit
2398 3780 2412 3807 ,

408 3861 507 3910 020
562 3868 709 3911 cum
737 3847 990 3934 pariter
1017 3867 1204 3910 mens
1237 3853 1306 3909 et
1336 3865 1583 3930 corpus
1614 3846 1835 3932 sopita
1865 3846 2251 3932 quiescunt:

565 3983 718 4026 nam
745 3963 904 4027 licet
931 3970 1274 4027 aeternum
1302 3982 1425 4047 per
1452 3981 1581 4024 nos
1611 3960 1708 4026 sic
1739 3982 1889 4025 esse
1920 3981 2234 4046 soporem
2254 4008 2269 4035 ‚

562 4099 691 4142 nec
719 4077 1122 4144 desiderium
1147 4075 1363 4142 nostri
1391 4097 1519 4140 nos
1551 4073 1778 4140 adficit
1804 4076 2041 4140 ullum:

872 4275 971 4284 ——.--

573 4357 670 4405 893
708 4352 953 4406 obrutum
1002 4353 1024 4422 ΙΙ
1071 4358 1169 4405 894
1208 4355 1314 4406 Am
1359 4353 1381 4424 ΙΙ
1419 4359 1516 4406 897
1565 4352 1688 4408 facti
1736 4356 1758 4424 ΙΙ
1803 4360 1901 4407 902
1942 4353 2064 4418 Quo
2112 4354 2135 4424 ΙΙ
2192 4358 2293 4406 906
2339 4351 2509 4405 ciuem
2546 4352 2740 4406 factum
2776 4351 2795 4417 ΙΙ

572 4442 670 4490 908
709 4444 761 4490 et
796 4437 818 4507 ss
856 4441 956 4490 910
992 4453 1051 4491 se
1087 4436 1109 4505 ΙΙ
1134 4441 1232 4490 914
1270 4437 1462 4492 fluctus
1499 4437 1520 4506 ΙΙ
1559 4443 1656 4492 917
1696 4445 1897 4492 torret.
1935 4437 1957 4505 ΙΙ
1997 4442 2095 4490 919
2132 4436 2393 4507 requiret.
2432 4437 2454 4506 ΙΙ
2491 4441 2592 4488 922
2631 4435 2798 4505 adigit
