3042 5192
605 476 694 543 18
1699 470 1730 538 Ι

598 672 722 714 nec
752 671 875 735 per
904 669 977 712 sc
1008 667 1407 732 quemquam
1440 654 1704 731 tempus
1735 645 1987 707 sentire
2013 643 2429 708 fatendumst

599 772 927 829 semotum
957 764 1042 827 ab
1073 784 1295 826 rerum
1324 769 1507 826 motu
1539 759 1941 847 placidaque
1973 760 2196 843 quiete
2216 809 2229 822 .

600 879 889 964 denique
920 875 1383 966 Tyndaridem
1411 884 1673 962 raptam
1703 876 2015 959 belloque
2045 875 2362 940 subactas

446 1012 541 1057 465
600 994 1042 1078 Troiiugenas
1073 992 1292 1076 gentis
1322 1013 1472 1055 cum
1503 991 1738 1054 dicunt
1768 1011 1947 1065 esse,
1967 988 2402 1054 videndumst

600 1130 685 1172 ne
713 1108 891 1172 forte
921 1107 1089 1170 haec
1118 1128 1242 1192 per
1271 1127 1343 1170 se
1376 1114 1623 1191 cogant
1649 1127 1778 1170 nos
1809 1126 1956 1169 esse
1985 1104 2179 1168 fateri
2198 1153 2213 1179 ,

603 1222 876 1308 quando
909 1244 989 1286 ea
1017 1222 1241 1286 saecla
1268 1221 1636 1296 hominum,
1661 1242 1946 1305 quorum
1976 1219 2144 1283 haec
2178 1228 2418 1283 eventa
2445 1219 2746 1291 fuerunt,

600 1337 1063 1402 inrevocabilis
1093 1337 1450 1400 abstulerit
1476 1338 1606 1400 iam
1637 1337 2001 1421 praeterita
2030 1345 2246 1399 aetas:

602 1473 889 1537 namque
920 1452 1082 1515 aliut
1108 1472 1230 1536 per
1261 1458 1403 1513 sest
1421 1499 1436 1525 ,
1461 1452 1626 1514 aliut
1653 1452 2036 1536 regionibus
2064 1452 2229 1536 ipsis

446 1585 543 1632 470
600 1574 908 1631 eventum
941 1564 1071 1628 dici
1099 1566 1351 1650 poterit
1380 1565 1568 1649 quod
1599 1586 1882 1649 cumque
1913 1566 2041 1628 erit
2069 1574 2291 1629 actum
2311 1616 2324 1628 .

603 1681 892 1766 denique
920 1680 1232 1744 materies
1262 1681 1319 1743 si
1345 1701 1570 1743 rerum
1598 1680 1780 1743 nulla
1807 1679 2044 1743 fuisset
2061 1729 2076 1755 ‚

598 1818 724 1860 nec
753 1797 945 1860 locus
977 1817 1054 1858 ac
1087 1795 1409 1880 spatium,
1431 1816 1544 1857 res
1569 1796 1640 1857 in
1672 1817 1808 1880 quo
1844 1817 2153 1880 quaeque
2183 1804 2506 1881 geruntur
2526 1848 2539 1861 .

598 1933 962 1996 numquam
992 1908 1406 1997 Tyndaridis
1435 1909 1692 1973 formae
1722 1910 2051 1974 conflatus
2081 1933 2307 1975 amore

597 2028 767 2112 ignis
787 2076 801 2101 ,
825 2025 1189 2090 Alexandri
1218 2025 1517 2112 Phrygio
1549 2026 1674 2089 sub
1703 2034 1981 2112 pectore
2009 2027 2297 2111 gliscens
2316 2075 2331 2097 ,

447 2161 544 2207 475
603 2144 785 2207 clara
815 2139 1235 2204 accendisset
1265 2142 1446 2204 saevi
1478 2142 1838 2205 certamina
1865 2141 2020 2204 belli
2038 2190 2054 2215 ‚

601 2281 724 2322 nec
756 2258 924 2321 clam
955 2255 1276 2319 durateus
1305 2255 1638 2319 Troiianis
1667 2256 1994 2342 Pergama
2023 2264 2222 2341 partu

597 2373 1072 2438 inflammasset
1101 2393 1314 2455 equos
1343 2378 1677 2435 nocturno
1712 2372 2292 2455 Graiiugenarum3

591 2489 976 2577 perspicere
1004 2494 1081 2549 ut
1121 2487 1346 2571 possis
1383 2507 1493 2549 res
1524 2493 1750 2570 gestas
1779 2485 2083 2549 funditus
2112 2487 2325 2548 omnis

598 2623 735 2664 non
763 2603 857 2665 ita
882 2602 981 2665 uti
1012 2623 1259 2686 corpus
1298 2622 1422 2686 per
1463 2622 1538 2663 se
1569 2608 1879 2664 constare
1908 2621 2128 2684 neque
2162 2621 2310 2662 esse
2329 2648 2344 2671 ‚

442 2732 539 2779 480
594 2738 719 2778 nec
747 2717 1008 2780 ratione
1040 2716 1260 2778 cluere
1292 2714 1526 2779 eadem
1557 2737 1691 2800 qua
1721 2723 1987 2779 constet
2013 2715 2209 2778 inane
2228 2763 2244 2788 ‚

598 2830 721 2895 sed
747 2832 956 2917 magis
984 2839 1062 2893 ut
1090 2832 1325 2894 merito
1355 2833 1580 2916 possis
1611 2837 1854 2895 eventa
1881 2851 2131 2894 vocare

600 2948 907 3033 corporis
926 2995 941 3021 ‚
964 2954 1169 3031 atque
1195 2945 1326 3008 loci
1344 2994 1360 3021 ‚
1381 2967 1491 3009 res
1520 2946 1590 3008 in
1622 2968 1757 3031 quo
1791 2967 2097 3031 quaeque
2124 2953 2446 3029 gerantur
2463 2993 2478 3006 .

683 3062 988 3148 Corpora
1017 3068 1174 3124 sunt
1200 3082 1408 3146 porro
1438 3062 1682 3146 partim
1711 3060 2077 3147 primordia
2103 3081 2323 3123 rerum
2342 3108 2358 3133 ‚

596 3167 839 3262 partim
872 3177 1150 3241 concilio
1185 3196 1356 3259 quae
1388 3184 1705 3239 constant
1732 3176 2211 3260 principiorum
2231 3224 2245 3237 .

442 3307 541 3351 485
598 3291 721 3353 sed
751 3312 922 3375 quae
953 3298 1111 3353 sunt
1138 3311 1359 3352 rerum
1392 3288 1790 3372 primordia,
1813 3289 1994 3350 nulla
2021 3296 2252 3373 potest
2279 3290 2382 3353 vis

598 3405 967 3488 stinguere:
990 3424 1143 3465 nam
1174 3402 1390 3466 solido
1420 3402 1699 3465 vincunt
1728 3421 1807 3462 ea
1838 3421 2120 3485 corpore
2153 3401 2446 3466 demum.

599 3519 724 3581 etsi
756 3517 1020 3581 difficile
1053 3537 1200 3579 esse
1229 3514 1498 3579 videtur
1528 3514 1804 3577 credere
1836 3516 2192 3600 quicquam

596 3634 665 3695 in
693 3634 894 3697 rebus
926 3630 1143 3696 solido
1174 3631 1451 3716 reperiri
1480 3651 1766 3715 corpore
1795 3652 2031 3715 posse.

600 3747 839 3811 transit
868 3747 1039 3810 enim
1066 3745 1315 3809 fulmen
1345 3745 1599 3808 caelum
1618 3793 1633 3820 ,
1656 3766 1778 3830 per
1808 3756 2044 3831 saepta
2074 3745 2424 3811 domorum

442 3877 540 3924 490
597 3862 847 3926 clamor
872 3862 926 3925 it
954 3882 1032 3924 ac
1061 3882 1264 3925 voces
1284 3908 1298 3934 ‚
1328 3859 1579 3923 ferrum
1610 3860 1952 3925 candescit
1978 3862 2047 3925 in
2073 3862 2244 3947 igni,

599 3975 1061 4061 dissiliuntque
1090 3975 1234 4039 fero
1264 3974 1594 4039 ferventia
1623 3998 1786 4041 saxa
1814 3998 2100 4064 vapore:

601 4099 740 4154 tum
769 4091 1212 4156 labefactatus
1241 4091 1424 4176 rigor
1453 4092 1595 4155 auri
1626 4094 1906 4157 solvitur
1933 4101 2158 4158 aestu:

599 4354 696 4401 467
736 4348 921 4403 stiterit.
956 4353 978 4420 ΙΙ
1017 4356 1116 4404 469
1153 4350 1281 4404 aliut
1316 4354 1472 4405 terris
1506 4354 1528 4423 ΙΙ
1576 4359 1674 4405 473
1714 4354 1884 4405 forma
1929 4353 1950 4422 Η
1997 4358 2095 4406 480
2132 4353 2276 4407 luere
2321 4360 2341 4425 Η
2387 4362 2486 4409 484
2524 4373 2627 4426 qna
2664 4359 2685 4425 ΙΙ
2724 4362 2821 4407 489

596 4433 789 4486 flumen
825 4435 956 4487 caeli
994 4436 1015 4503 ΙΙ
1052 4440 1150 4487 490
1187 4444 1245 4488 ut
1279 4434 1347 4488 ad
1383 4436 1402 4505 ΙΙ
1442 4442 1536 4488 491
1579 4435 1801 4489 ferventi
1838 4437 1860 4505 ΙΙ
1896 4442 1993 4488 492
2035 4437 2167 4490 Cum
