3042 5192
1318 496 1415 563 III
2343 506 2478 574 113

250 677 505 734 mortua
535 669 645 732 cui
673 668 819 732 vita
848 675 955 732 est
978 688 1197 753 prope
1224 669 1353 732 iam
1382 670 1539 733 vivo
1569 680 1772 756 atque
1800 671 2056 738 videnti
2075 723 2089 750 ‚

252 785 355 870 qui
382 804 625 848 somno
653 789 918 869 partem
946 782 1265 847 maiorem
1294 784 1587 848 conteris
1617 787 1798 862 aevi,

253 908 313 962 et
336 898 627 984 vigilans
657 898 891 962 stertis
919 917 1046 960 nec
1074 898 1331 961 somnia
1360 915 1635 963 cernere
1666 920 1895 966 cessas
1914 950 1929 977 ,

250 1012 732 1098 sollicitamque
762 1011 939 1097 geris
970 1032 1165 1076 cassa
1190 1010 1544 1077 formidine
1571 1022 1860 1079 mentem
1878 1065 1894 1092 ‚

102 1143 198 1208 1050
251 1147 365 1190 nec
392 1126 699 1213 reperire
728 1133 928 1211 potes
954 1126 1077 1189 tibi
1108 1124 1271 1211 quid
1299 1127 1388 1190 sit
1414 1148 1618 1213 saepe
1646 1129 1800 1192 mali
1817 1178 1833 1205 ‚
1856 1152 2006 1194 cum

253 1242 463 1306 ebrius
492 1240 764 1326 urgeris
792 1239 1016 1304 multis
1043 1239 1244 1305 miser
1270 1240 1572 1326 undique
1604 1243 1780 1307 curis

251 1363 441 1441 atque
474 1355 682 1419 animi
709 1355 969 1418 incerto
999 1353 1267 1419 fluitans
1297 1376 1531 1419 errore
1559 1357 1825 1442 vagaris
1843 1360 1877 1420 .’

327 1469 398 1534 Si
422 1483 721 1556 possent
746 1467 1049 1532 homines
1068 1518 1084 1545 ,
1105 1467 1391 1555 proinde
1420 1490 1499 1533 ac
1529 1472 1778 1536 sentire
1804 1472 2122 1538 videntur

253 1581 521 1669 pondus
548 1583 773 1647 inesse
801 1583 1018 1647 animo
1036 1631 1053 1659 ,
1078 1582 1265 1669 quod
1294 1605 1367 1648 se
1394 1584 1724 1668 gravitate
1749 1585 2019 1672 fatiget,

101 1714 201 1759 1055
259 1719 292 1760 e
320 1699 565 1783 quihus
592 1696 667 1761 id
694 1697 813 1762 fiat
844 1697 1061 1761 causis
1092 1718 1365 1783 quoque
1392 1719 1677 1762 noscere
1707 1705 1775 1763 et
1801 1699 1982 1764 unde

256 1821 431 1877 tanta
462 1811 621 1876 mali
649 1820 786 1876 tam
818 1833 1019 1898 quam
1044 1812 1254 1876 moles
1280 1812 1351 1875 in
1376 1820 1655 1898 pectore
1690 1823 1958 1879 constet
1974 1864 1989 1891 ,

258 1926 413 1991 haut
438 1928 539 1990 ita
567 1927 774 1992 vitam
804 1934 1082 2012 agerent
1097 1975 1113 2003 ‚
1134 1933 1214 1990 ut
1239 1946 1420 1990 nunc
1448 1926 1842 2014 plerumque
1869 1928 2173 2001 videmus

261 2040 413 2127 quid
441 2041 571 2105 sibi
603 2041 890 2126 quisque
914 2040 1079 2105 velit
1104 2041 1363 2105 nescire
1380 2089 1396 2117 ‚
1420 2048 1488 2105 et
1519 2063 1843 2127 quaerere
1875 2065 2139 2130 semper

257 2164 662 2220 commutare
692 2155 913 2218 locum
930 2203 947 2231 ‚
972 2156 1164 2240 quasi
1195 2176 1364 2220 onus
1394 2141 1736 2240 deponere
1764 2159 1986 2243 possit
2003 2207 2017 2221 .

99 2284 205 2330 1060
262 2271 393 2334 exit
419 2291 631 2356 saepe
656 2268 842 2334 foras
870 2271 1127 2355 magnis
1157 2291 1241 2334 ex
1270 2269 1551 2334 aedibus
1578 2271 1689 2334 ille
1706 2320 1721 2347 ‚

256 2405 397 2448 esse
428 2383 617 2448 domi
646 2404 843 2469 quem
871 2391 1323 2470 pertaesumst
1338 2432 1355 2460 ‚
1378 2384 1737 2470 subitoque
1766 2386 2045 2451 revertit
2062 2435 2078 2464 ‚

260 2500 506 2585 quippe
535 2498 704 2563 foris
733 2497 869 2563 nilo
899 2497 1131 2562 melius
1161 2499 1276 2583 qui
1305 2499 1552 2563 sentiat
1582 2519 1760 2564 esse.

260 2614 462 2677 currit
491 2633 703 2699 agens
731 2633 1014 2676 mannos
1044 2610 1133 2675 ad
1159 2612 1381 2677 villam
1408 2613 1927 2700 praecipitanter
1945 2664 1960 2691 ,

261 2727 569 2791 auxilium
598 2727 797 2791 tectis
827 2726 1019 2812 quasi
1046 2726 1222 2791 ferre
1252 2726 1645 2793 ardentibus
1673 2729 1966 2793 instans:

98 2855 203 2901 1065
263 2843 503 2906 oscitat
531 2841 866 2928 extemplo
885 2889 901 2916 ,
922 2841 1142 2927 tetigit
1169 2862 1318 2904 cum
1344 2839 1570 2905 limina
1596 2842 1790 2906 villae
1810 2894 1824 2918 ‚

259 2966 373 3020 aut
400 2956 543 3020 abit
569 2957 639 3020 in
666 2976 973 3020 somnum
999 2955 1223 3041 gravis
1251 2962 1456 3041 atque
1487 2956 1730 3020 oblivia
1761 2959 2023 3043 quaerit
2039 3008 2054 3034 ,

260 3077 373 3134 aut
400 3070 602 3134 etiam
628 3090 1005 3157 properans
1034 3070 1267 3134 urbem
1294 3072 1467 3158 petit
1495 3080 1700 3156 atque
1729 3072 1962 3136 revisit
1980 3121 1994 3134 .

260 3182 389 3248 hoc
416 3206 493 3248 se
522 3185 806 3269 quisque
833 3183 1036 3249 modo
1064 3182 1268 3271 fugit:
1291 3193 1363 3249 at
1394 3207 1594 3271 quom
1612 3233 1628 3261 ‚
1652 3185 1934 3262 scilicet,
1955 3193 2034 3250 ut
2060 3186 2136 3251 fit
2153 3236 2166 3262 ‚

266 3298 550 3384 effugere
578 3297 748 3363 haut
776 3300 959 3385 potis
990 3306 1095 3363 est
1112 3348 1128 3375 ,
1148 3299 1428 3385 ingratis
1457 3299 1695 3364 haeret
1725 3307 1793 3364 et
1823 3299 1968 3365 odit

98 3424 206 3471 1070
264 3421 658 3500 propterea,
679 3413 894 3479 morbi
925 3413 1081 3499 quia
1110 3434 1378 3478 causam
1404 3435 1545 3479 non
1573 3422 1761 3479 tenet
1788 3436 2023 3501 aeger3

264 3547 456 3611 quam
484 3529 661 3592 bene
692 3528 750 3592 si
775 3526 1038 3604 videat,
1058 3529 1191 3592 iam
1216 3529 1419 3593 rebus
1451 3530 1738 3615 quisque
1766 3530 2015 3594 relictis

261 3651 567 3707 naturam
594 3642 878 3730 primum
908 3641 1183 3708 studeat
1213 3664 1625 3729 cognoscere
1653 3665 1876 3708 rerum
1893 3694 1908 3721 ‚

260 3757 581 3844 temporis
610 3757 866 3820 aeterni
897 3758 1207 3843 quoniam
1224 3806 1241 3834 ,
1262 3778 1401 3820 non
1428 3758 1625 3821 unius
1652 3758 1864 3823 horae
1882 3808 1898 3835 ‚
1993 3791 2000 3796 ·

262 3871 614 3958 ambigitur
642 3879 861 3936 status
880 3920 897 3948 ,
918 3871 986 3935 in
1018 3893 1153 3958 quo
1184 3873 1274 3936 sit
1299 3872 1694 3937 mortalibus
1726 3874 1939 3938 omnis

96 3994 204 4042 1⁰75
264 3993 443 4050 aetas
462 4036 477 4063 ‚
500 3993 667 4073 post
694 3994 977 4052 mortem
1008 4007 1180 4072 quae
1211 3993 1425 4050 restat
1454 4008 1738 4073 cumque
1767 3985 2129 4054 manenda.

276 4295 396 4364 1050
431 4290 577 4361 quod
616 4292 638 4362 ΙΙ
680 4298 807 4345 1052
845 4293 1020 4346 animo
1070 4295 1091 4365 ΙΙ
1145 4300 1268 4347 1061
1310 4312 1407 4365 per
1446 4312 1602 4366 quem
1650 4297 1671 4364 ΙΙ
1718 4299 1940 4351 revertit
1974 4306 2246 4353 mnis-sum.
2293 4297 2314 4366 ΙΙ
2372 4302 2499 4350 1063

272 4371 609 4445 praecipiter.
646 4376 667 4442 ΙΙ
712 4380 841 4429 1064
879 4376 1076 4431 instas.
1114 4377 1136 4445 ΙΙ
1176 4382 1305 4431 1068
1342 4396 1494 4450 quem
1533 4379 1554 4448 ΙΙ
1594 4385 1723 4434 1069
1760 4381 2018 4452 ingratius
2056 4382 2078 4448 ΙΙ
2120 4386 2247 4434 1073
2276 4380 2497 4433 Aeterni

273 4459 519 4528 temporis
557 4459 581 4526 ΙΙ
625 4465 754 4513 1075
793 4459 1085 4514 manendo.

2056 4563 2098 4624 8
