3042 5192
652 476 682 543 l
698 476 738 543 4
748 475 788 542 4
1695 471 1822 540 1111

645 657 712 713 et
739 646 998 712 facilest
1025 644 1205 709 factu
1225 693 1241 720 ‚
1272 644 1583 730 quoniam
1613 646 1970 711 coniuncta
1996 653 2263 711 tenetur
2283 696 2297 710 .

487 782 585 829 890
637 762 793 828 inde
825 783 904 826 ea
930 780 1264 846 proporro
1296 779 1544 845 corpus
1571 758 1728 823 ferit
1745 809 1760 837 ‚
1784 768 1989 845 atque
2018 761 2112 826 ita
2141 769 2286 826 tota

644 877 959 966 paulatim
986 874 1196 938 moles
1223 872 1648 959 protruditur
1677 882 1882 961 atque
1908 883 2215 941 movetur
2233 926 2248 939 .

640 1000 993 1081 praeterea
1020 997 1161 1052 tum
1189 988 1472 1052 rarescit
1502 1010 1773 1075 quoque
1804 1011 2052 1077 corpus
2070 1039 2085 1066 ‚
2109 998 2178 1054 et
2205 997 2320 1055 aer
2340 1040 2356 1066 ,

642 1107 926 1180 scilicet,
947 1111 1026 1168 ut
1055 1102 1259 1167 debet
1290 1103 1404 1189 qui
1432 1125 1697 1191 semper
1725 1104 1987 1170 mobilis
2019 1113 2237 1180 extat,

640 1244 763 1309 per
790 1218 1132 1308 patefacta
1157 1218 1341 1282 venit
1367 1225 1812 1304 penetratque
1840 1217 2166 1284 foramina
2191 1219 2416 1306 largus
2435 1270 2451 1294 ‚

485 1355 582 1402 895
642 1346 710 1402 et
739 1334 1148 1422 dispargitur
1177 1331 1268 1396 ad
1293 1333 1506 1419 partis
1535 1334 1628 1397 ita
1658 1354 1960 1419 quasque
1989 1335 2276 1398 minutas

643 1449 946 1536 corporis
965 1497 979 1511 .
1003 1447 1114 1512 hic
1142 1447 1343 1534 igitur
1370 1449 1578 1514 rebus
1604 1447 1681 1512 fit
1708 1448 2041 1534 utrimque
2073 1446 2334 1513 duabus
2352 1497 2368 1522 ‚

642 1564 946 1650 corporis
975 1569 1053 1627 ut
1078 1562 1269 1627 navis
1298 1563 1464 1627 velis
1493 1570 1834 1649 ventoque
1861 1560 2117 1627 feratur
2136 1613 2150 1627 .

641 1701 768 1745 nec
796 1687 1018 1743 tamen
1045 1675 1210 1741 illud
1237 1677 1307 1740 in
1334 1675 1441 1741 his
1469 1678 1675 1740 rebus
1702 1677 1999 1741 mirabile
2030 1686 2299 1742 constat
2315 1728 2330 1752 ‚

643 1793 902 1861 tantula
932 1791 1116 1879 quod
1146 1799 1406 1856 tantum
1436 1812 1686 1877 corpus
1718 1793 2118 1879 corpuscula
2145 1801 2432 1880 possunt

484 1928 583 1975 900
641 1917 1089 1994 contorquere
1120 1915 1189 1971 et
1218 1929 1389 1971 onus
1418 1914 1635 1971 totum
1665 1914 2059 1971 convertere
2087 1915 2425 1973 nostrum:

642 2026 890 2112 quippe
922 2023 1163 2086 etenim
1190 2029 1436 2086 ventus
1465 2021 1693 2108 suptili
1723 2043 2007 2109 corpore
2037 2023 2256 2087 tenvis

642 2138 856 2204 trudit
885 2159 1092 2224 agens
1120 2157 1424 2222 magnam
1453 2157 1695 2221 magno
1723 2137 2054 2202 molimine
2083 2158 2321 2202 navem
2340 2187 2355 2214 ‚
2433 2183 2438 2186 -

643 2261 711 2318 et
737 2275 973 2318 manus
1003 2273 1138 2316 una
1164 2251 1338 2336 regit
1368 2257 1621 2335 quanto
1651 2251 1754 2314 vis
1783 2251 2028 2338 impete
2061 2261 2326 2317 euntem

641 2376 845 2454 atque
875 2365 1350 2454 gubernaclum
1379 2372 1788 2451 contorquet
1818 2389 1953 2452 quo
1984 2367 2148 2432 libet
2175 2389 2411 2442 unum,

486 2500 584 2546 905
640 2483 983 2568 multaque
1002 2531 1017 2557 ‚
1041 2502 1163 2569 per
1193 2481 1483 2545 trocleas
1515 2489 1585 2545 et
1613 2489 1966 2567 tympana,
1983 2481 2288 2569 pondera
2316 2502 2556 2567 magna

645 2604 1020 2662 commovet
1049 2604 1253 2682 atque
1281 2596 1414 2661 levi
1443 2596 1738 2661 sustollit
1765 2595 2071 2660 machina
2098 2598 2250 2661 nisu
2267 2647 2280 2661 .

722 2710 920 2776 Nunc
953 2712 1195 2797 quibus
1224 2711 1332 2775 ille
1360 2709 1580 2775 modis
1610 2732 1883 2774 somnus
1911 2733 2034 2798 per
2060 2712 2356 2776 membra
2387 2712 2670 2797 quietem

641 2827 884 2913 inriget
911 2832 1114 2912 atque
1145 2825 1341 2889 animi
1371 2846 1567 2889 curas
1599 2847 1634 2888 e
1663 2834 1940 2913 pectore
1971 2826 2225 2902 solvat,

640 2939 1003 3007 suavidicis
1032 2941 1258 3026 potius
1290 2963 1489 3026 quam
1515 2941 1741 3006 multis
1769 2941 2078 3007 versibus
2109 2939 2335 3019 edam3

485 3077 585 3123 910
640 3080 892 3146 parvus
919 3064 1000 3121 ut
1029 3063 1133 3120 est
1162 3055 1358 3142 cycni
1384 3055 1618 3119 melior
1647 3078 1853 3121 canor
1872 3105 1887 3132 ,
1908 3057 2017 3120 ille
2046 3077 2284 3142 gruum
2314 3078 2512 3143 quam

642 3173 890 3238 clamor
917 3172 987 3235 in
1015 3170 1332 3236 aetheriis
1364 3171 1712 3259 dispersus
1741 3172 2029 3237 nubibus
2059 3172 2268 3235 austri
2284 3221 2299 3234 .

639 3297 717 3353 tu
744 3286 903 3351 mihi
932 3285 1023 3349 da
1050 3286 1270 3350 tenuis
1299 3308 1495 3351 aures
1527 3287 1943 3373 animumque
1975 3308 2283 3372 sagacem
2300 3334 2316 3362 ‚

640 3424 729 3466 ne
756 3401 900 3465 fieri
925 3401 1186 3488 negites
1218 3422 1390 3486 quae
1421 3400 1637 3466 dicam
1665 3423 1868 3489 posse
1887 3450 1903 3478 ‚
1926 3408 2244 3488 retroque

639 3536 803 3580 vera
830 3514 1202 3602 repulsanti
1231 3514 1544 3580 discedas
1572 3524 1849 3603 pectore
1881 3515 2092 3593 dicta,

484 3647 583 3694 915
639 3638 921 3694 tutemet
947 3630 1017 3692 in
1047 3631 1243 3717 culpa
1271 3652 1421 3696 cum
1451 3632 1543 3695 sis
1570 3652 1791 3718 neque
1821 3653 2097 3697 cernere
2124 3632 2347 3719 possis
2367 3680 2380 3693 .

640 3744 967 3833 principio
999 3767 1270 3810 somnus
1297 3745 1375 3810 fit
1400 3747 1517 3810 ubi
1547 3753 1652 3810 est
1682 3744 2008 3812 distracta
2036 3768 2159 3835 per
2188 3754 2374 3811 artus

639 3860 742 3924 vis
773 3860 1026 3925 animae
1054 3861 1431 3947 partimque
1459 3862 1646 3926 foras
1679 3862 1890 3926 eiecta
1914 3862 2198 3927 recessit

643 3982 711 4039 et
738 3975 982 4062 partim
1012 3983 1333 4040 contrusa
1361 3977 1572 4062 magis
1604 3978 1940 4041 concessit
1965 3978 2037 4040 in
2066 3978 2308 4042 altum:

645 4089 1108 4155 dissoluuntur
1140 4092 1311 4155 enim
1339 4098 1479 4156 tum
1512 4091 1776 4156 demum
1805 4093 2102 4157 membra
2128 4091 2479 4177 fluuntque
2500 4141 2513 4154 .

648 4373 747 4420 889
785 4366 982 4419 factum
1019 4365 1038 4434 ΙΙ
1077 4371 1176 4418 890
1211 4367 1354 4436 perit
1388 4368 1408 4437 ΙΙ
1446 4373 1543 4420 897
1581 4375 1702 4421 utac
1739 4370 1760 4438 ΙΙ
1798 4374 1896 4420 899
1929 4368 2162 4421 Tantuia
2197 4370 2218 4439 ΙΙ
2258 4374 2355 4422 905
2393 4366 2636 4438 pondere
2659 4380 2859 4434 magno·

649 4457 747 4504 907
788 4448 931 4502 modi
971 4449 991 4517 ΙΙ
1026 4449 1230 4518 quiete.
1269 4447 1289 4518 ΙΙ
1328 4456 1428 4502 909
1466 4451 1772 4505 Suautdicis
1809 4449 1829 4520 ΙΙ
1868 4457 1966 4504 915
2006 4451 2246 4504 Tutimet
