3042 5192
694 433 835 502 236
1756 430 1856 499 VI

771 605 974 687 Quod
1005 626 1210 692 super
1240 614 1345 670 est
1363 654 1379 682 ,
1401 625 1603 691 agere
1629 605 1939 692 incipiam
1968 627 2103 692 quo
2134 604 2415 672 foedere
2442 607 2558 673 fiat

686 729 968 787 naturae
988 769 1003 797 ,
1024 721 1196 807 lapis
1225 721 1335 785 hic
1360 728 1440 784 ut
1466 719 1717 785 ferrum
1747 720 1994 785 ducere
2022 721 2245 807 possit
2262 770 2279 798 ,

695 858 892 923 quem
922 835 1242 921 Magneta
1268 842 1519 900 vocant
1545 837 1768 922 patrio
1799 834 1886 899 de
1911 836 2179 900 nomine
2211 836 2403 913 Grai,

686 951 1078 1037 Magnetum
1109 951 1265 1035 quia
1290 949 1367 1015 fit
1392 950 1630 1038 patriis
1655 950 1726 1015 in
1752 950 1995 1016 finibus
2026 958 2183 1015 ortu
2201 1001 2214 1015 .

532 1083 631 1129 910
684 1065 867 1130 hunc
894 1065 1202 1130 homines
1232 1064 1520 1151 lapidem
1547 1065 1905 1130 mirantur:
1930 1065 2182 1152 quippe
2211 1074 2514 1132 catenam
2539 1062 2544 1065 ’

687 1201 891 1267 saepe
922 1202 1007 1246 ex
1037 1181 1267 1245 anellis
1294 1178 1522 1245 reddit
1548 1179 2004 1266 pendentibus
2036 1202 2121 1245 ex
2149 1201 2224 1245 se
2243 1232 2256 1245 .

686 1297 982 1382 quinque
1012 1296 1255 1360 etenim
1280 1295 1438 1360 licet
1463 1296 1640 1360 inter
1670 1293 1829 1359 dum
1855 1295 2223 1382 pluresque
2248 1295 2481 1362 videre

686 1410 921 1475 ordine
952 1408 1279 1475 demissos
1307 1410 1568 1475 levibus
1598 1410 1909 1475 iactarier
1936 1410 2116 1474 auris
2134 1459 2151 1487 ‚

686 1548 859 1590 unus
887 1526 1005 1590 ubi
1034 1547 1117 1589 ex
1144 1546 1281 1589 uno
1313 1524 1656 1612 dependet
1684 1532 1919 1611 supter
1948 1523 2326 1591 adhaerens
2343 1575 2361 1602 ‚

531 1658 629 1704 915
687 1662 772 1705 ex
799 1640 1063 1726 alioque
1093 1640 1260 1704 alius
1287 1638 1534 1726 lapidis
1560 1640 1693 1704 vim
1720 1640 2077 1725 vinclaque
2104 1641 2359 1706 noscit:

684 1776 901 1841 usque
930 1753 1101 1820 adeo
1129 1761 1602 1840 permananter
1630 1754 1732 1819 vis
1761 1755 2073 1841 pervolat
2101 1756 2242 1819 eius
2262 1805 2275 1819 .

764 1870 917 1935 Hoc
945 1890 1157 1956 genus
1185 1870 1254 1933 in
1282 1869 1486 1934 rebus
1513 1868 1982 1935 firmandumst
2008 1870 2217 1935 multa
2241 1871 2429 1957 prius
2461 1892 2650 1957 quam

682 1986 893 2074 ipsius
922 1986 1019 2050 rei
1047 1985 1374 2049 rationem
1402 1983 1692 2050 reddere
1721 1985 1944 2071 possis
1963 2034 1980 2062 ,

687 2111 756 2166 et
781 2102 1049 2165 nimium
1077 2100 1300 2185 longis
1330 2100 1720 2186 ambagibus
1751 2107 1856 2165 est
1884 2098 2300 2177 adeundum3

528 2235 626 2280 920
684 2239 821 2303 quo
849 2216 1061 2303 magis
1091 2222 1385 2280 attentas
1415 2215 1595 2279 auris
1625 2214 2047 2301 animumque
2075 2236 2389 2302 reposco.

763 2331 1100 2419 Principio
1132 2330 1439 2395 omnibus
1468 2330 1555 2396 ab
1583 2331 1789 2396 rebus
1807 2378 1822 2408 ,
1848 2352 2015 2416 quas
2047 2351 2329 2416 cumque
2354 2328 2688 2404 videmuS,

679 2453 1009 2534 perpetuo
1038 2445 1246 2510 fluere
1276 2466 1356 2508 ac
1385 2445 1555 2509 mitti
1585 2446 1945 2532 spargique
1973 2438 2320 2509 necessest

682 2581 973 2648 corpora
1002 2581 1174 2645 quae
1202 2559 1447 2625 feriant
1475 2560 1712 2624 oculos
1741 2560 2090 2646 visumque
2119 2560 2489 2626 lacessant:

680 2683 1146 2763 perpetuoque
1174 2674 1391 2739 fluunt
1419 2676 1623 2740 certis
1651 2676 1736 2740 ab
1766 2675 1969 2741 rebus
2000 2674 2284 2753 odores3

525 2809 625 2854 925
678 2789 892 2876 fi-igus
919 2797 997 2855 ut
1026 2812 1067 2854 a
1092 2789 1309 2854 fluviis
1327 2838 1343 2865 ‚
1367 2789 1551 2854 calor
1580 2790 1666 2854 ab
1697 2790 1839 2855 sole
1858 2839 1874 2867 ‚
1896 2799 2125 2856 aestus
2154 2791 2240 2856 ab
2269 2790 2469 2855 undis

680 2906 993 2991 aequoris
1012 2955 1028 2982 ,
1052 2926 1294 2970 exesor
1323 2926 1702 2969 moerorum
1720 2953 1736 2980 ‚
1757 2905 1959 2970 litora
1983 2912 2300 2992 propter:

678 3042 805 3086 nec
833 3021 999 3086 varii
1027 3027 1297 3086 cessant
1324 3020 1585 3084 sonitus
1615 3041 1884 3084 manare
1912 3039 2036 3106 per
2064 3041 2298 3085 auras:

677 3136 968 3221 denique
994 3136 1065 3199 in
1095 3156 1172 3199 os
1202 3134 1362 3199 salsi
1388 3135 1576 3200 venit
1603 3156 1796 3199 umor
1825 3155 2028 3223 saepe
2058 3135 2319 3221 saporis
2338 3184 2354 3211 ‚

675 3272 826 3316 cum
854 3271 1033 3314 mare
1061 3270 1407 3315 versamur
1435 3257 1721 3337 propter
1737 3299 1754 3327 ,
1778 3248 2122 3337 dilutaque
2151 3257 2390 3315 contra

524 3383 623 3429 934
679 3387 829 3430 cum
856 3366 1102 3430 tuimur
1130 3366 1394 3429 misceri
1422 3365 1761 3430 absinthia
1777 3414 1793 3442 ‚
1818 3366 2035 3452 tangit
2062 3386 2326 3430 amaror
2344 3414 2358 3429 .

677 3501 894 3566 usque
924 3478 1096 3544 adeo
1130 3481 1435 3545 omnibus
1465 3481 1551 3545 ab
1581 3480 1786 3546 rebus
1815 3502 1927 3545 res
1960 3501 2268 3566 quaeque
2295 3480 2584 3546 fluenter

522 3612 620 3659 930
674 3594 889 3660 fertur
920 3603 989 3660 et
1015 3595 1084 3658 in
1113 3603 1389 3660 cunctas
1420 3594 1773 3660 dimittitur
1801 3594 2099 3681 undique
2127 3596 2341 3681 partis
2358 3644 2375 3672 ,

676 3730 805 3774 nec
832 3732 1021 3775 mora
1044 3733 1172 3776 nec
1200 3711 1469 3797 requies
1496 3711 1674 3775 inter
1704 3709 1906 3776 datur
1934 3709 2071 3775 ulla
2097 3709 2347 3774 fluendi
2365 3758 2382 3786 ,

675 3833 1007 3913 perpetuo
1041 3827 1354 3913 quoniam
1384 3825 1706 3889 sentimus
1737 3833 1809 3888 et
1836 3825 2057 3889 omnia
2087 3846 2351 3911 semper
2375 3874 2389 3888 .

680 4056 1017 4064 ——--.-———--——
1044 4056 1083 4063 —.

685 4167 784 4215 907
821 4161 955 4231 lapsi
1004 4161 1025 4231 ΙΙ
1073 4168 1173 4216 908
1212 4163 1385 4228 Quam
1437 4165 1457 4236 ΙΙ
1502 4172 1601 4220 909
1641 4171 1816 4218 ortus.
1865 4163 1887 4234 ΙΙ
1935 4171 2034 4217 912
2077 4163 2183 4228 Qui
2217 4180 2392 4235 neque
2430 4165 2451 4234 ΙΙ
2488 4168 2586 4217 913
2622 4159 2833 4214 demisso
2862 4157 2878 4216 ΙΙ
2981 4203 2982 4216 ,

684 4247 908 4299 iactaret
944 4261 1126 4300 auras.
1175 4245 1196 4315 ΙΙ
1245 4252 1342 4300 915
1382 4250 1656 4320 vinclaque
1702 4247 1724 4318 ΙΙ
1763 4253 1862 4301 916
1898 4255 2236 4320 permanater
2271 4246 2292 4319 ΙΙ
2329 4246 2572 4318 pervalet
2605 4245 2626 4315 ss
2660 4247 2754 4296 919
2787 4254 2878 4290 am·

679 4330 964 4401 baginibus
1013 4328 1035 4401 ss
1083 4335 1182 4382 922
1220 4332 1331 4384 miti
1368 4333 1649 4403 spurcique
1696 4330 1717 4400 ΙΙ
1767 4338 1863 4385 923
1901 4348 2038 4402 aque
2075 4332 2097 4402 ΙΙ
2133 4336 2231 4384 925
2273 4348 2302 4383 a
2339 4338 2601 4386 omissum.
2637 4328 2657 4398 u
2690 4322 2835 4379 ssavis
2867 4317 2880 4381 j

664 4432 713 4466 a
749 4414 864 4470 sole
913 4414 934 4484 ΙΙ
983 4420 1080 4468 928
1119 4423 1245 4469 vent
1290 4413 1312 4485 ΙΙ
1361 4422 1456 4470 931
1496 4417 1676 4487 requis
1725 4415 1745 4485 ΙΙ
1798 4421 2220 4483 933=1v,229.
