3042 5192
635 456 774 523 272
1369 463 1374 468 ’
1694 456 1795 523 IV

634 631 941 694 Cererem
974 637 1316 702 ornasset;
1350 651 1484 713 quo
1517 629 1698 694 facto
1734 639 2111 705 constaret,
2151 632 2338 715 quod
2376 654 2553 696 nunc
2582 655 2849 720 prorsus

631 727 1017 792 incredibile
1058 727 1234 790 duco
1267 776 1282 802 ‚
1325 727 1565 790 Latine
1590 730 1896 811 yemiaam
1926 728 2057 792 dici
2086 751 2288 814 posse
2329 731 2461 813 (ita
2491 731 2655 794 enim
2683 730 2849 793 Tur-

633 829 842 890 nebus
867 830 1346 911 interpretatur
1369 824 1632 888 advers,
1652 849 1860 900 xxvn,
1878 827 1995 910 34)
2026 827 2287 913 plenam
2309 876 2325 902 ‚
2356 828 2667 913 amplam,
2698 830 2852 890 obe·

632 949 768 990 sam
805 976 817 987 .
863 931 968 987 est
1012 931 1232 986 autem
1274 922 1384 985 hic
1425 945 1664 987 versus
1713 945 1795 986 ex
1838 946 1917 986 eo
1950 945 2195 1010 genere
2227 973 2241 998 ‚
2290 928 2405 1010 qui
2434 928 2547 990 vix
2576 939 2851 1013 possunt

631 1032 817 1087 certa
874 1021 1337 1085 emendatione
1397 1021 1659 1084 restitui
1693 1070 1705 1083 .
1765 1022 1923 1084 mihi
1975 1024 2255 1085 maxime
2304 1024 2629 1109 probatur
2672 1023 2853 1108 quod

631 1122 959 1185 Avantius
1002 1121 1070 1183 in
1110 1119 1349 1183 ceteris
1390 1117 1587 1182 valde
1631 1141 1920 1203 peccans
1965 1120 2155 1184 dedit
2187 1170 2203 1194 ‚
2243 1127 2333 1185 Ac
2370 1122 2635 1184 LAmA
2669 1172 2682 1185 .
2730 1123 2853 1186 La-

602 1223 820 1282 ·miam
850 1227 1070 1282 autem
1099 1240 1234 1280 non
1265 1225 1398 1281 tam
1427 1241 1672 1280 saevam
1702 1225 1771 1280 et
1781 1218 2061 1304 ferocem
2091 1218 2221 1283 dici
2255 1220 2563 1283 existimo
2581 1268 2598 1292 ‚
2640 1229 2718 1283 ut
2748 1243 2854 1283 ex-

635 1302 903 1403 ponitur
943 1319 1011 1379 in
1054 1316 1380 1400 glossario
1413 1315 1573 1378 Maii
1613 1316 1683 1378 in
1724 1324 2073 1380 auctorum
2117 1317 2551 1381 classicorum
2580 1326 2764 1382 tomo
2788 1341 2852 1380 vi

633 1439 694 1501 p.
715 1417 830 1479 531
865 1463 879 1488 ‚
923 1436 1119 1498 quam
1147 1423 1406 1477 vastam
1433 1412 1831 1477 manducam
1858 1436 2202 1479 voracem:
2244 1423 2313 1480 et
2342 1417 2428 1480 ab
2457 1417 2753 1502 ingluvie
2783 1439 2854 1480 ac

629 1515 1000 1577 voracitate
1031 1513 1322 1576 Lamiam
1352 1511 1755 1597 appellatam
1786 1534 1935 1575 esse
1966 1513 2346 1576 Lobeckius
2385 1516 2625 1578 stat-uit
2651 1516 2725 1577 in
2756 1515 2853 1599 ῥω-

631 1611 875 1699 Marmei>
907 1636 969 1697 p.
989 1611 1142 1675 326.
1185 1610 1400 1673 altero
1437 1622 1660 1673 tamen
1690 1611 1801 1673 illo
1832 1609 2036 1674 modo
2080 1612 2306 1697 potius
2351 1635 2631 1675 uxorem
2673 1635 2853 1676 suam

630 1712 865 1774 ΛᾶμιαΝ
920 1709 1080 1773 dicit
1134 1730 1341 1772 senex
1398 1707 1579 1792 apud
1621 1707 2065 1772 Menandrum
2122 1710 2189 1772 in
2236 1710 2506 1774 comicis
2546 1711 2855 1775 Meinekii

629 1833 692 1895 p.
712 1810 834 1873 945
865 1809 988 1892 (ιν,
1013 1831 1074 1892 p.
1101 1807 1289 1890 191).

799 1906 1312 1971 1169.S11=1111.A
1343 1927 1640 1968 sumu.
1670 1928 1770 1969 Ac
1802 1927 2254 1980 sATURAST,
2277 1929 2649 1971 LABEOSA
2682 1929 2854 1970 Pin-

631 2028 837 2070 LEMA
871 2054 884 2068 .
930 2004 1277 2088 Oblongus
1321 2004 1535 2088 prima
1569 2025 1768 2066 manu
1799 2005 2117 2068 Simulena
2143 2006 2335 2068 Silena
2364 2055 2377 2067 .
2421 2014 2727 2069 ceterum
2758 2007 2855 2070 hic

631 2103 851 2167 codex
882 2102 1141 2165 Graeca
1169 2101 1499 2164 vocabula
1529 2100 2062 2165 emendatissime
2093 2105 2345 2189 scripta
2373 2104 2651 2168 exhibet
2680 2155 2697 2178 ,
2744 2105 2855 2168 sed

629 2203 869 2266 litteris
897 2199 1153 2263 Latinis
1188 2224 1203 2275 3
1253 2221 1422 2283 quas
1468 2197 1765 2263 editores
1799 2249 1814 2274 ‚
1856 2198 2102 2287 perditi
2147 2201 2400 2264 scilieet
2443 2203 2856 2266 litteratores

631 2301 930 2363 Graecae
959 2298 1220 2381 linguae
1239 2345 1254 2370 ‚
1286 2317 1432 2359 cum
1463 2297 1755 2361 tolerare
1777 2320 1914 2362 non
1940 2307 2255 2384 possent,
2284 2300 2551 2363 nomina
2584 2303 2853 2386 propria

631 2419 903 2483 quoque
937 2445 953 2470 ‚
1011 2415 1183 2479 quae
1228 2393 1582 2458 Lucretius
1629 2397 1848 2459 omnia
1892 2396 2131 2460 Latina
2178 2395 2369 2460 dedit
2398 2445 2417 2476 ,
2464 2398 2856 2476 Palladiam,

630 2496 1046 2580 Lampadium
1077 2541 1095 2572 ‚
1139 2492 1352 2556 Silena
1380 2541 1398 2571 ,
1442 2493 1675 2557 Satura
1701 2543 1719 2573 ,
1761 2493 1942 2558 nulla
1971 2515 2118 2557 eum
2144 2493 2278 2556 fide
2310 2495 2586 2559 Graecis
2621 2497 2857 2560 litteris

630 2599 1042 2657 exornarunt
1070 2640 1084 2654 .
1127 2612 1278 2653 nam
1319 2599 1585 2654 veteres
1626 2592 1715 2655 illi
1748 2614 1919 2676 quae
1954 2593 2145 2656 nimis
2178 2591 2437 2656 Graeca
2464 2593 2859 2659 viderentur

625 2693 720 2754 ita
759 2690 1070 2753 solebant
1106 2688 1445 2752 inflectere
1479 2713 1494 2766 ς
1541 2698 1615 2754 ut
1648 2689 1941 2754 Lucilius
1982 2689 2165 2775 apud
2202 2691 2492 2755 Nonium
2530 2693 2769 2778 p.359‚
2792 2694 2857 2757 14

630 2789 868 2875 Siquod
890 2788 1134 2850 verbum
1161 2789 1509 2851 inusitatum
1546 2800 1654 2852 aut
1676 2791 2055 2852 zetematium
2083 2790 2454 2877 offenderam
2482 2838 2501 2869 ,
2539 2789 2858 2875 idemque

626 2889 695 2951 in
735 2886 1041 2949 versibus
1084 2886 1168 2949 ab
1209 2885 1507 2971 Hauptio
1549 2888 1619 2950 in
1658 2886 2013 2972 Philologo
2061 2886 2553 2951 Schneidewini
2586 2911 2613 2951 1
2648 2913 2717 2975 p.
2749 2890 2859 2953 163

629 2986 860 3050 eximie
902 2984 1227 3048 restitutis
1268 2985 1325 3047 T
1311 3007 1428 3070 yro
1465 2986 1873 3069 eupatereiam
1915 2986 2191 3071 aliquam
2238 3009 2371 3049 rem
2406 2987 2713 3070 insiynem
2751 2989 2857 3050 lta-

628 3086 820 3148 buisse
849 3132 867 3162 ‚
906 3083 1063 3145 item
1108 3082 1236 3144 alio
1280 3081 1429 3143 loco
1473 3106 1552 3145 ne
1584 3082 2022 3146 rhetoricotero’
2050 3093 2115 3146 tu
2141 3084 2254 3145 sis.
2302 3091 2596 3147 ceterum
2638 3106 2855 3170 neque

629 3183 905 3245 Graecis
935 3201 1154 3265 neque
1183 3179 1437 3243 Latinis
1468 3181 1706 3243 litteris
1736 3181 1934 3244 scribi
1965 3180 2257 3245 debebat
2286 3181 2491 3244 Silene
2519 3207 2597 3245 ac
2630 3183 2860 3270 Satyra

627 3292 745 3343 est:
765 3300 916 3342 nam
937 3278 1206 3341 vocales
1232 3276 1528 3341 Graecas
1554 3277 1925 3362 productas
1946 3284 2189 3363 poetae
2212 3278 2431 3341 Latini
2452 3291 2616 3365 post
2640 3280 2857 3345 Plauti

628 3386 913 3441 aetatem
939 3399 1077 3440 non
1110 3377 1426 3439 eliserunt
1443 3425 1458 3450 ‚
1488 3377 1614 3439 nisi
1641 3377 1839 3460 pauci
1864 3377 2043 3461 iique
2071 3398 2226 3440 raro
2247 3425 2262 3439 .
2286 3376 2566 3440 Plautus
2590 3378 2665 3440 in
2690 3379 2859 3463 Cap-

629 3477 782 3539 tivis
822 3475 984 3550 1v‚2,
1008 3475 1124 3537 110
1165 3498 1241 3537 ne
1278 3485 1375 3538 ton
1416 3476 1659 3558 Apollo,
1702 3485 1759 3538 et
1793 3476 2093 3538 servolum
2118 3523 2137 3553 ‚
2180 3475 2249 3537 in
2289 3473 2575 3559 Epidico
2622 3477 2763 3550 νςῖ.
2790 3478 2858 3540 17

626 3574 984 3659 Apolactizo
1023 3573 1299 3636 inimicos
1338 3574 1530 3636 omnis
1560 3621 1573 3635 .
1618 3571 1908 3635 Lucilius
1938 3571 2140 3635 Nonii
2168 3596 2232 3658 p.
2253 3573 2492 3646 540‚28
2527 3576 2863 3662 awfitajm

626 3683 682 3735 et
707 3721 720 3734 .
763 3671 1059 3754 tragicus
1101 3669 1168 3731 in
1210 3667 1482 3734 Tuscul.
1513 3693 1585 3744 11,
1616 3670 1696 3732 36
1748 3670 1964 3748 Quibu'
2000 3672 2183 3754 maqi'
2212 3671 2535 3755 palaestra
2575 3673 2858 3736 Eurota.

626 3769 1019 3853 Propertius
1049 3768 1160 3831 Ino
1190 3770 1369 3831 etiam
1385 3817 1404 3847 ‚
1443 3769 1683 3832 Callisto
1711 3768 2052 3845 Arcadios,
2087 3768 2157 3830 in
2186 3790 2283 3843 111,
2302 3767 2400 3842 28,
2426 3768 2500 3830 19
2529 3767 2613 3832 23
2634 3819 2649 3832 .
2682 3769 2859 3832 Ver·

626 3867 820 3952 gilius
861 3868 1030 3930 Girce
1063 3868 1128 3930 in
1153 3914 1170 3944 ,
1213 3867 1445 3930 Allecto
1473 3866 1697 3952 insecta
1713 3913 1731 3944 ,
1762 3866 1996 3929 Allecto
2024 3867 2089 3928 in
2126 3867 2424 3944 Teucros,
2454 3865 2620 3929 Aen.
2638 3891 2760 3942 vn,
2778 3867 2860 3929 :20

625 3965 743 4029 341
776 3965 900 4028 476
931 4013 944 4026 .
989 3963 1422 4027 Germanicus
1452 3963 1574 4027 262
1607 3964 1857 4028 Electra
1885 3965 2275 4049 Alcyoneque
2305 4012 2319 4025 .
2362 3963 2563 4027 Silius
2596 3966 2859 4029 Par-Hw-

623 4087 778 4148 πορθ
807 4087 915 4143 ac,
949 4063 1158 4127 Mel-ite
1187 4073 1272 4140 et,
1304 4062 1606 4146 Drepane
1634 4073 1845 4148 atque,
1874 4085 2016 4135 vm,
2038 4062 2160 4125 536
2189 4085 2329 4134 xxv,
2347 4062 2464 4124 251
2499 4062 2623 4125 269
2641 4112 2656 4125 .
2699 4064 2856 4126 Sta-

627 4163 758 4226 tius
802 4162 1122 4246 Tim'plzmze
1161 4172 1218 4225 et
1257 4160 1471 4223 Theb.
1505 4183 1648 4235 vm,
1677 4160 1758 4222 66
1788 4208 1801 4222 .
1842 4182 1996 4222 nam
2026 4159 2359 4244 Vergilius
2402 4181 2538 4223 non
2580 4161 2855 4246 scripsit

627 4262 833 4324 Beroe
879 4261 1123 4324 Ismarii
1161 4282 1223 4334 v,
1242 4259 1364 4323 620
1395 4306 1409 4332 ,
1456 4279 1674 4342 neque
1723 4259 1950 4344 Cinyra
1992 4270 2050 4322 et
2085 4257 2321 4334 x‚186,
2359 4280 2486 4321 nee
2519 4257 2757 4321 Cicero
2790 4260 2855 4320 in

621 4360 888 4422 Arateis
920 4356 1041 4441 (de
1070 4365 1315 4421 natura
1344 4355 1622 4419 deorum
1652 4379 1722 4430 11,
1748 4357 1897 4440 111)
1936 4358 2336 4420 Andromeda
2374 4357 2691 4443 aufaqiens
2733 4371 2853 4419 aut

622 4456 745 4518 436
774 4456 1172 4520 Andromeda
1210 4466 1268 4518 et
1294 4503 1307 4516 .
1353 4453 1475 4517 sed
1505 4452 1864 4518 Terentius
1905 4461 2090 4518 recte
2122 4455 2426 4540 Hecyrast
2459 4456 2597 4518 huic
2630 4477 2853 4516 nomeu
