3042 5192
617 476 705 542 44
1695 475 1754 543 11

609 648 1000 712 consociare
1030 648 1225 712 etiam
1253 656 1476 712 motus
1505 655 1788 736 potuere
1818 658 2090 736 recepta
2108 698 2122 715 .

606 765 791 828 cuius
810 813 825 839 ‚
846 764 944 827 uti
971 784 1267 827 memoro
1286 811 1301 837 ‚
1325 763 1418 827 rei
1449 763 1872 828 simulacrum
1900 773 1970 830 et
1997 765 2214 851 imago

607 887 761 944 ante
794 878 1026 943 oculos
1056 898 1317 966 semper
1347 879 1542 942 nobis
1570 887 1879 944 versatur
1909 888 1978 944 et
2003 881 2242 945 instat.

606 993 1098 1081 contemplator
1129 993 1299 1056 enim
1319 1041 1334 1067 ‚
1361 1014 1508 1056 cum
1540 995 1701 1059 solis
1728 994 1972 1058 lumina
2002 1017 2286 1082 cumque

455 1128 548 1174 115
606 1110 839 1174 inserti
863 1107 1158 1172 fundunt
1183 1107 1351 1172 radii
1381 1131 1502 1196 per
1532 1130 1746 1197 opaca
1776 1108 2157 1174 domorum:

604 1225 815 1289 multa
840 1225 1092 1288 minuta
1120 1222 1339 1287 modis
1368 1223 1595 1288 multis
1621 1245 1745 1312 per
1772 1224 1969 1289 inane
1997 1223 2256 1291 videbis
2294 1262 2300 1269 ·

606 1361 895 1427 corpora
922 1339 1182 1402 misceri
1201 1387 1216 1414 ‚
1239 1337 1584 1403 radiorum
1611 1339 1854 1403 lumine
1883 1340 1951 1403 in
1978 1341 2127 1427 ipso
2147 1390 2163 1416 ‚

607 1461 676 1518 et
702 1455 812 1519 vel
837 1461 915 1518 ut
942 1461 1216 1517 aeterno
1246 1455 1607 1518 certamine
1634 1455 1893 1541 proelia
1918 1476 2182 1543 pugnas

607 1566 807 1632 edere
833 1568 1171 1632 turmatim
1199 1568 1527 1631 certantia
1553 1588 1677 1631 nec
1707 1566 1870 1632 dare
1896 1591 2176 1657 pausam
2193 1619 2209 1645 ‚

452 1702 547 1747 120
602 1683 896 1748 conciliis
927 1691 997 1746 et
1025 1681 1320 1746 discidiis
1351 1683 1647 1746 exercita
1677 1683 1963 1760 crebri83

603 1799 907 1863 conicere
935 1806 1013 1862 ut
1038 1798 1261 1886 possis
1291 1819 1375 1860 ex
1401 1796 1537 1861 1100
1555 1846 1571 1873 ,
1593 1797 1958 1885 primordia
1984 1819 2204 1863 rerum

605 1913 801 1998 quale
830 1913 919 1977 sit
944 1913 1013 1977 in
1038 1933 1282 1999 magno
1311 1912 1543 1976 iactari
1575 1933 1841 2001 semper
1867 1914 2049 1977 inani
2067 1964 2080 1977 .

604 2026 761 2091 dum
790 2036 1013 2103 taxat,
1034 2050 1256 2093 rerum
1284 2049 1665 2114 magnarum
1699 2051 1910 2116 parva
1938 2037 2168 2116 potest
2193 2051 2304 2094 res

602 2144 979 2232 exemplare
1011 2142 1175 2208 dare
1204 2152 1273 2209 et
1304 2145 1589 2230 vestigia
1616 2144 1876 2208 notitiai
1893 2194 1908 2207 .

448 2276 543 2322 125
598 2258 732 2323 hoc
763 2259 960 2323 etiam
987 2259 1197 2345 magis
1227 2258 1395 2323 haec
1425 2260 1713 2322 animum
1741 2268 1809 2322 te
1840 2258 2192 2325 advertere
2220 2283 2347 2348 par
2377 2270 2482 2324 est

601 2395 889 2461 corpora
918 2393 1088 2459 quae
1117 2374 1187 2436 in
1213 2375 1374 2438 solis
1402 2372 1609 2438 radiis
1637 2374 1912 2439 turbare
1940 2373 2255 2439 videntur
2273 2424 2288 2451 ‚

599 2487 786 2573 quod
814 2487 981 2551 tales
1010 2487 1247 2551 turbae
1275 2496 1496 2552 motus
1527 2509 1798 2573 quoque
1825 2487 2122 2553 materiai

597 2601 968 2687 significant
996 2598 1450 2665 clandestinos
1482 2622 1856 2686 caecosque
1886 2602 2162 2665 subesse
2182 2650 2195 2663 .

594 2715 801 2779 multa
828 2714 1087 2780 videbis
1118 2715 1289 2778 enim
1317 2714 1535 2802 plagis
1562 2715 1653 2779 ibi
1683 2716 1939 2801 percita
1967 2716 2183 2779 caecis

446 2847 539 2894 130
594 2838 998 2895 commutare
1027 2831 1201 2894 viam
1228 2838 1549 2916 retroque
1578 2831 1851 2918 repulsa
1877 2830 2125 2895 reverti
2142 2878 2158 2905 ‚

594 2968 772 3010 1111110
798 2946 932 3010 11110
961 2967 1138 3011 1111110
1166 2945 1320 3011 illuc
1339 2995 1354 3023 ‚
1375 2947 1444 3010 in
1474 2954 1751 3011 cunctas
1780 2945 2076 3031 undique
2105 2944 2348 3032 partis.

598 3062 882 3139 scilicet,
904 3061 1013 3126 hic
1045 3082 1085 3125 a
1111 3062 1455 3151 principiis
1497 3069 1605 3126 est
1645 3061 1952 3126 omnibus
1982 3082 2169 3124 error
2188 3109 2201 3123 .

594 3179 808 3265 prima
836 3186 1188 3243 moventur
1219 3179 1391 3241 enim
1416 3198 1541 3265 per
1571 3198 1642 3241 se
1671 3175 2036 3264 primordia
2064 3197 2317 3239 rerum:

593 3292 750 3356 inde
782 3314 861 3356 ea
891 3314 1064 3378 quae
1089 3313 1304 3379 parvo
1337 3299 1497 3355 sunt
1526 3311 1817 3376 corpora
1847 3290 2199 3354 conciliatu

444 3422 538 3469 135
597 3416 665 3469 et
694 3406 885 3489 quasi
911 3406 1221 3492 proxima
1250 3413 1408 3469 sunt
1435 3403 1524 3467 ad
1554 3404 1712 3467 viris
1741 3404 2216 3490 principiorum
2235 3452 2249 3473 ,

593 3519 836 3582 ictibus
862 3519 1123 3583 illorum
1154 3520 1369 3583 caecis
1398 3517 1664 3603 inpulsa
1693 3518 1951 3581 cientur
1969 3567 1984 3593 ‚

596 3633 877 3718 ipsaque
904 3654 1241 3720 proporro
1271 3632 1473 3721 paulo
1502 3632 1756 3697 maiora
1782 3633 2154 3697 lacessunt.

593 3746 687 3810 sic
717 3769 758 3811 a
785 3748 1124 3835 principiis
1154 3746 1460 3812 ascendit
1485 3755 1709 3811 motus
1741 3753 1809 3810 et
1838 3747 1975 3812 exit

592 3862 910 3949 paulatim
937 3870 1212 3927 nostros
1242 3861 1330 3926 ad
1361 3884 1600 3926 sensus
1617 3910 1633 3937 ‚
1655 3870 1732 3926 ut
1759 3871 2150 3927 moveantur

443 3994 536 4041 140
588 3977 703 4042 illa
733 3999 1001 4064 quoque
1020 4028 1035 4052 ,
1058 3978 1126 4041 111
1154 3977 1315 4043 solis
1347 3999 1516 4064 quae
1547 3977 1789 4041 lumine
1820 3998 2093 4043 cernere
2125 3979 2383 4065 quimus

592 4114 714 4157 nec
747 4093 986 4179 quibus
1015 4091 1085 4156 id
1116 4091 1363 4157 faciant
1390 4093 1605 4180 plagis
1633 4101 1919 4182 apparet
1948 4102 2214 4182 aperte.

674 4208 868 4272 Nunc
901 4229 1069 4293 quae
1100 4208 1431 4273 mobilitas
1461 4209 1549 4273 sit
1577 4206 1843 4273 reddita
1869 4209 2168 4273 materiai

602 4459 693 4506 112
732 4467 995 4505 memoror
1031 4453 1051 4521 ΙΙ
1088 4452 1364 4508 simulacra
1405 4454 1425 4521 Η
1466 4460 1556 4507 134
1598 4452 1897 4507 conciliata.
1938 4456 1957 4523 11
2001 4460 2093 4507 136
2131 4456 2367 4525 gientur.
2407 4455 2427 4523 Η
2473 4461 2565 4509 137
2605 4474 2769 4527 porro
