3042 5192
615 478 752 546 150
1679 470 1773 539 111

608 651 1039 737 grammatica
1068 647 1463 711 Germanica
1500 652 1549 710 t.
1581 667 1658 708 ιιι
1704 669 1768 732 p.
1801 644 1924 708 745
1957 668 1971 707 :
2016 641 2328 706 Handius
2356 642 2612 707 frustra
2638 652 2823 729 negat

610 748 968 813 Tursellini
999 754 1046 810 t.
1067 769 1137 810 ιν
1168 769 1231 830 p.
1262 745 1378 807 167
1411 750 1479 807 et
1506 743 1630 806 255
1652 791 1665 804 .
1696 748 1994 805 ceterum
2021 739 2257 804 Lucilii
2283 762 2525 804 versus
2562 740 2633 803 in
2660 740 2822 805 hunc

609 845 880 910 modum
909 843 1170 909 restitui
1202 841 1438 915 debet,
1473 841 1603 906 Sed
1626 852 1827 904 tamen
1855 840 1969 903 hoc
1996 839 2168 902 dicas
2196 839 2351 924 quid
2376 849 2533 919 rest,
2563 841 2619 902 si
2643 862 2822 903 metm

609 946 978 1009 molestum-st
989 991 1007 1022 ‚
1038 963 1188 1005 cum
1216 941 1285 1004 in
1306 940 1491 1004 libris
1514 939 1605 1003 sit
1625 939 1778 1025 quid
1796 949 1884 1002 est
1897 963 1919 1001 .-
1944 959 2099 1001 nam
2119 937 2446 1002 Lucilium
2466 962 2537 1002 re
2559 936 2824 1012 dixisse,

610 1065 748 1107 non
764 1045 856 1107 rei
874 1038 1366 1112 Μοκοεγλλέιῦωε
1383 1088 1396 1112 ,
1413 1038 1837 1102 manifestum
1856 1045 1962 1100 est
1979 1057 2065 1099 ex
2080 1035 2305 1099 Nonio
2323 1057 2389 1120 p.
2404 1036 2549 1111 500,
2572 1036 2823 1100 17et21.

611 1164 873 1206 noenum
899 1145 1169 1224 praeter
1185 1135 1564 1200 Varronem
1591 1136 1872 1200 Plautus
1905 1156 2178 1221 quoque
2208 1134 2379 1200 dixit
2404 1136 2475 1199 in
2504 1136 2827 1200 Aulularia

613 1263 656 1314 1,
675 1238 824 1313 1,28
847 1238 1136 1302 Noenum
1155 1246 1452 1299 mecastor
1466 1283 1485 1313 ,
1508 1236 1663 1321 quid
1687 1257 1795 1319 eqo
1825 1258 1929 1299 ero
1958 1235 2165 1298 dicam
2188 1257 2357 1315 meo,
2385 1272 2455 1281 —
2493 1236 2667 1314 Queo
2688 1258 2825 1300 com-

612 1338 885 1401 minisci:
906 1336 1000 1399 ita
1017 1335 1190 1398 enim
1205 1341 1403 1398 vetus
1423 1333 1781 1397 Camerarii
1799 1381 1814 1408 ,
1836 1332 1966 1396 nisi
1988 1331 2177 1417 quod
2194 1331 2499 1396 ordinem
2522 1333 2827 1420 pervertit

615 1437 709 1499 ita
720 1484 735 1511 ,
752 1436 905 1521 quid
918 1457 1023 1498 ero
1041 1456 1149 1518 eqo
1168 1479 1181 1495 .
1206 1431 1363 1495 dum
1380 1431 1553 1495 haec
1571 1433 1794 1498 scribo
1806 1481 1823 1508 ‚
1841 1430 2147 1496 adfertur
2163 1432 2636 1518 glossariolum
2651 1433 2824 1496 Plau·

618 1534 828 1597 tinum
857 1553 898 1596 a
918 1529 1286 1597 Ritschelio
1311 1529 1563 1595 editum
1591 1551 1750 1595 vere
1772 1530 1971 1595 huius
2001 1531 2157 1594 anni
2178 1552 2563 1595 uncccxmn
2582 1579 2598 1603 ,
2618 1533 2691 1594 in
2712 1553 2823 1616 quo

613 1655 871 1696 noenum
891 1652 974 1694 ex
990 1628 1334 1693 Aulularia
1350 1635 1419 1692 et
1436 1651 1521 1691 ex
1538 1628 1991 1694 Bacchidibus
2013 1635 2320 1693 notatum
2340 1636 2448 1693 est
2463 1678 2477 1693 .
2499 1631 2573 1693 in
2594 1631 2825 1694 nostris

615 1736 835 1793 autem
853 1726 1306 1793 Bacchidibus
1323 1749 1461 1791 non
1476 1727 1740 1813 legitur,
1759 1748 2160 1813 quamquam
2176 1748 2310 1791 non
2335 1726 2726 1793 incredibile
2741 1736 2827 1792 est

616 1834 772 1890 actu
803 1826 1064 1901 1v,4‚84
1092 1824 1518 1889 scribendum
1550 1846 1700 1889 esse
1732 1825 1896 1905 Quia
1923 1826 2030 1889 tibi
2059 1848 2285 1889 aunam
2311 1826 2590 1907 reddidi,
2620 1840 2679 1890 et
2701 1829 2823 1914 quia

614 1948 874 1989 noenum
888 1936 942 1989 te
942 1924 1399 2012 fraudaverim
1415 1924 1531 1987 ubi
1546 1945 1728 1987 nunc
1746 1932 1851 1988 est
1866 1946 1989 1988 non
2003 1972 2017 1986 .
2041 1944 2264 2009 neque
2282 1921 2724 1988 dubitandum
2738 1932 2823 1989 est

617 2022 780 2107 quin
806 2022 1067 2086 Ennius
1098 2022 1447 2107 scripserit
1474 2023 1765 2086 Noenum
1792 2044 2069 2087 rumores
2085 2022 2357 2108 ponebat
2383 2028 2535 2086 ame
2556 2024 2818 2105 saltuem,
2807 2048 2821 2062 ·

614 2122 684 2185 in
726 2144 862 2207 quo
905 2143 1111 2186 versu
1159 2120 1564 2205 exemplaria
1604 2120 1945 2186 Ciceronis
1984 2128 2377 2185 constanter
2417 2120 2673 2186 habent
2696 2070 2819 2187 Novi

617 2223 777 2286 enim
813 2244 1140 2286 rumores.
1182 2219 1417 2284 Cicero
1461 2239 1737 2304 quoque
1771 2220 1967 2305 ipse,
2009 2219 2067 2283 si
2094 2218 2404 2283 Mediceo
2436 2218 2654 2284 codici
2680 2218 2819 2284 fides

619 2327 767 2397 est,
808 2343 1068 2386 noenum
1109 2319 1360 2385 rebatur
1399 2318 1488 2382 ad
1516 2318 1814 2382 Atticum
1857 2339 1977 2391 vu,
1990 2317 2047 2391 3,
2059 2317 2144 2389 8,
2187 2316 2482 2382 fortasse
2526 2340 2665 2382 non
2700 2319 2819 2382 sine

617 2420 768 2482 ioco
803 2441 818 2482 t
860 2440 1014 2482 nam
1051 2418 1119 2480 in
1162 2439 1242 2480 111
1288 2415 1373 2480 de
1415 2424 1686 2482 oratore
1720 2416 1839 2479 153
1867 2439 1991 2480 non
2018 2416 2204 2479 rebar
2228 2416 2405 2480 inter
2435 2437 2517 2479 ea
2544 2424 2817 2481 recenset

620 2517 861 2600 quibus
891 2515 1130 2602 positis
1161 2514 1484 2600 grandior
1513 2523 1719 2599 atque
1743 2515 2081 2599 antiquior
2112 2515 2329 2578 oratio
2352 2512 2571 2579 videri
2601 2515 2814 2578 soleat.

619 2612 744 2677 sed
771 2614 839 2676 in
860 2612 1157 2676 Lucretii
1184 2633 1385 2676 versu
1413 2613 1565 2677 Itali
1593 2620 1863 2677 veteres
1883 2659 1898 2686 ‚
1931 2633 2104 2697 quos
2136 2620 2457 2676 secuntur
2484 2613 2677 2698 primi
2701 2610 2813 2675 edi-

619 2719 804 2775 tores
836 2717 903 2774 et
922 2709 1252 2774 Marullus
1271 2759 1287 2787 ,
1320 2732 1470 2773 cum
1489 2711 1892 2775 vocabulum
1922 2711 2217 2774 anticum
2242 2710 2664 2796 ignorarent,
2690 2731 2813 2774 sen·

619 2809 896 2873 tentiam
919 2808 1244 2873 Lambino
1277 2809 1606 2873 curiosius
1638 2808 2140 2896 expenderunt.
2170 2809 2326 2873 huic
2357 2810 2530 2873 enim
2558 2812 2714 2875 satis
2735 2809 2813 2871 vi-

619 2928 766 2971 sum
795 2913 900 2971 est
931 2955 947 2983 ‚
986 2908 1041 2971 si
1088 2928 1253 2971 aura
1289 2929 1582 2992 suspensa
1610 2910 1871 2995 levisque
1898 2907 2194 2994 lapidum
2223 2927 2538 2972 acervum
2569 2908 2815 2973 disicere

614 3029 877 3070 noenum
904 3027 1108 3090 posse
1140 3004 1479 3069 diceretur
1507 3028 1522 3069 t
1565 3005 1695 3070 illis
1724 3006 1857 3070 hoc
1886 3007 2124 3070 mirum
2151 3027 2291 3070 non
2319 3005 2447 3071 fuit
2464 3055 2480 3083 ,
2511 3005 2635 3071 sed
2661 3002 2814 3092 quod

618 3103 688 3168 id
731 3126 895 3169 aura
924 3106 1125 3169 Nulla
1166 3111 1404 3191 posset
1434 3154 1449 3180 ‚
1492 3103 1629 3168 hoc
1674 3112 1780 3169 est
1816 3125 1903 3168 ne
1931 3104 2517 3169 vehementissima
2547 3104 2814 3191 quidem:

617 3203 985 3268 rectissime
1005 3252 1020 3278 ‚
1049 3204 1177 3267 nisi
1206 3201 1393 3289 quod
1422 3224 1543 3267 eos
1586 3201 1986 3267 emendandi
2011 3203 2185 3267 ratio
2213 3201 2451 3267 fefellit
2468 3254 2482 3267 .
2514 3226 2710 3267 unum
2734 3210 2813 3266 ta-

618 3323 770 3364 men
803 3300 1167 3364 Lambinus
1210 3309 1396 3366 reete
1439 3301 1611 3366 vidit
1638 3351 1655 3377 ,
1707 3300 2004 3386 lapidum
2044 3302 2423 3388 congeriem
2465 3323 2605 3366 non
2643 3321 2817 3389 posse

621 3399 952 3464 coniectum
982 3397 1111 3461 dici
1130 3446 1145 3471 ‚
1181 3398 1305 3463 sed
1335 3400 1562 3485 potius
1594 3421 1802 3464 com,
1820 3421 2085 3463 Eorum
2116 3421 2265 3463 cum
2292 3399 2569 3465 Mureto
2587 3450 2603 3479 ,
2630 3416 2815 3485 neque

620 3520 819 3583 aquae
863 3496 1193 3560 coniectum
1233 3498 1302 3561 in
1341 3497 1513 3563 libro
1544 3498 1771 3573 1v‚414
1802 3546 1817 3573 ,
1865 3497 1990 3561 sed
2020 3499 2352 3562 conlectum
2379 3547 2393 3561 .
2435 3520 2604 3564 vera
2631 3508 2815 3563 autem

617 3594 761 3657 vitii
801 3593 1001 3657 sedes
1032 3595 1232 3659 estin
1257 3597 1691 3683 spicarumque
1716 3645 1734 3676 ,
1778 3596 2062 3682 primum
2092 3596 2249 3681 quia
2275 3596 2441 3661 nihil
2471 3619 2512 3661 a
2538 3620 2614 3662 re
2640 3595 2816 3681 magis

620 3692 905 3756 alienum
935 3694 1300 3779 excogitari
1331 3701 1565 3779 potest
1607 3715 1803 3778 quam
1834 3702 1952 3758 aut
1979 3693 2112 3759 hoc
2142 3702 2261 3759 aut
2291 3695 2479 3781 quod
2499 3696 2818 3761 Veronen-

621 3791 713 3855 sis
768 3791 990 3856 editor
1037 3800 1105 3856 et
1144 3791 1519 3878 Naugerius
1565 3790 1902 3856 dederunt
1934 3839 1949 3866 ‚
1991 3793 2485 3881 spicaedonnnque
2512 3844 2532 3876 ,
2579 3816 2659 3859 ex
2710 3812 2817 3879 quo

619 3889 981 3955 Lambinus
1008 3892 1455 3977 spiclonmnque
1494 3890 1636 3955 sive
1667 3892 2093 3978 &icor-umque
2120 3890 2501 3956 faciendum
2530 3890 2817 3957 iudicavit

620 3988 875 4072 (neque
919 3989 1091 4051 enim
1130 3988 1265 4052 hoc
1292 3988 1653 4054 Homerico
1696 3989 1788 4053 illi
1830 3990 2038 4053 simile
2079 3999 2229 4063 est,
2273 3989 2461 4076 quod
2499 3991 2734 4078 legitur
2760 3990 2815 4051 in

622 4083 976 4172 Odysseae
1004 4109 1066 4162 v,
1091 4086 1260 4161 328,
1281 4085 1402 4149 ‘sse
1435 4088 1483 4150 A’
1507 4088 1595 4151 ὅτ’
1618 4086 1937 4173 ὀπωρικὸε
1970 4088 2196 4172 ΒορέΗε
2229 4089 2539 4178 ΦοΡὲΗειΗ
2571 4087 2809 4154 ἄκανθα(

607 4183 743 4246 ΑΜ
772 4185 1025 4258 nemon,
1055 4186 1295 4257 πγκιΗΑὶ
1328 4182 1400 4248 Δὲ
1433 4184 1591 4269 πρὸς
1623 4186 1958 4273 immanem
1991 4185 2313 4273 ἔχοκται);
2354 4195 2497 4253 tum
2529 4188 2679 4273 quia
2702 4185 2813 4249 Lu·

621 4282 919 4358 cretius,
962 4282 1288 4346 Graecam
1315 4281 1512 4346 Ennii
1542 4283 1597 4346 Ι
1600 4284 1910 4369 uciliique
1948 4285 2322 4361 licentiam,
2368 4307 2568 4371 quam
2606 4291 2815 4370 postea

622 4388 691 4444 ct
720 4378 1022 4445 Catullus
1054 4389 1123 4444 et
1143 4379 1482 4465 Vergilius
1523 4383 1881 4448 artificiose
1915 4392 2354 4459 revocarunt,
2386 4406 2661 4457 exosus,
2687 4400 2812 4445 ver-

620 4478 803 4542 sibus
841 4479 912 4542 in
950 4487 1091 4544 tres
1133 4478 1480 4564 spondeos
1526 4483 1924 4547 exeuntibus
1966 4483 2236 4547 omnino
2281 4483 2599 4548 abstinuit
2630 4506 2645 4544 ε
2684 4495 2810 4543 nam
