3042 5192
1138 497 1553 544 mmNnM-xo
2367 477 2397 545 l
2413 477 2452 545 3

224 647 608 713 Lucretium
659 647 897 711 itemm
948 644 1182 710 ederet
1228 669 1457 713 mense
1508 648 1816 713 Ianuario
1873 649 2028 713 1515
2057 697 2073 725 ‚
2117 650 2456 736 exemplar

220 746 694 811 Marullianum
721 765 935 832 prope
978 752 1196 809 totum
1214 794 1230 821 ‚
1257 746 1381 811 sed
1411 746 1793 831 diligentius
1823 745 2206 812 distinctum
2226 796 2242 824 ‚
2262 769 2453 835 repe-

217 845 359 920 tiit,
379 845 531 930 ipse
559 863 777 929 pauca
803 843 1082 908 novavit
1110 863 1335 933 eaque·
1352 844 1726 931 prudenter
1743 894 1757 908 .
1782 845 1971 909 annis
2010 868 2221 911 xnvm
2249 847 2453 911 inter-

216 944 409 1007 iactis
453 941 825 1028 Dionysius
872 940 1213 1006 Lambimoe
1255 941 1450 1026 (utor
1489 942 1631 1006 eius
1671 941 1964 1007 editione
2006 944 2203 1008 tertia
2229 991 2247 1019 ‚
2278 965 2452 1029 quae

216 1041 399 1105 sacta
440 1047 548 1104 est
574 1039 884 1103 Lutetiae
925 1059 1104 1104 anno
1141 1038 1332 1124 1570)
1351 1088 1368 1114 ‚
1402 1039 1606 1105 homo
1635 1041 1881 1126 ingenii
1907 1040 2116 1106 felicis
2141 1041 2452 1129 idemque

217 1137 694 1228 philosophiae
722 1134 1070 1201 studiosus
1101 1143 1171 1200 et
1196 1136 1462 1223 linguae
1490 1139 1770 1203 Latinae
1807 1139 1876 1202 in
1902 1140 2133 1224 primis
2161 1141 2418 1227 peritus
2437 1190 2453 1214 ‚

215 1247 482 1303 tantum
519 1235 892 1322 praestitit,
927 1242 1005 1299 ut
1041 1235 1346 1319 proxime
1385 1243 1547 1321 post
1573 1237 1929 1302 Marullum
1948 1286 1963 1313 ,
1996 1238 2201 1323 longo
2230 1245 2451 1303 tamen

214 1334 575 1400 intervallo
593 1382 610 1408 ‚
632 1331 1070 1398 collocandus
1108 1332 1229 1409 sit,
1251 1332 1462 1418 siquis
1500 1335 1570 1398 in
1611 1343 1903 1420 utroque
1945 1355 2025 1400 ea
2062 1356 2235 1424 quae
2272 1337 2453 1401 bona

216 1443 380 1498 sunt
408 1433 557 1499 sola
594 1438 933 1496 numeret:
953 1452 1109 1495 nam
1150 1438 1220 1495 et
1246 1431 1575 1497 Marullus
1606 1432 1991 1519 saepissime
2019 1436 2359 1519 peccavit,
2384 1444 2451 1499 et

218 1532 583 1597 Lambinus
601 1579 618 1606 ‚
649 1537 921 1617 praeter
957 1529 1167 1594 multa
1203 1529 1549 1594 verissima
1564 1579 1581 1606 ‚
1618 1531 1898 1595 mirabili
1939 1531 2226 1617 quadam
2255 1534 2450 1597 animi

212 1630 493 1695 levitate
506 1629 855 1692 innumera
870 1627 998 1692 alia
1009 1635 1259 1691 temere
1272 1627 1495 1692 intulit
1508 1628 1693 1693 nulla
1706 1649 1909 1694 causa
1923 1630 2242 1716 nulloque
2261 1640 2450 1696 certo

214 1727 499 1792 consilio
518 1774 534 1802 ‚
558 1747 731 1811 quae
772 1725 1204 1811 possessione
1245 1726 1481 1790 iniuria
1521 1736 1853 1815 occupata
1895 1728 2166 1792 tandem
2195 1730 2452 1816 expulit

216 1823 681 1891 Wakefieldus
700 1874 715 1888 .
752 1825 1039 1889 triennio
1081 1832 1242 1911 post
1278 1824 1529 1910 primas
1569 1825 1872 1891 Lambini
1911 1849 2107 1892 curas
2153 1827 2450 1892 Obertus

222 1925 522 2011 anam‘m
548 1922 804 2008 prodiit
819 1970 837 1999 ‚
856 1922 1076 1987 indice
1106 1943 1227 1987 seu
1255 1923 1706 1989 conlectaneis
1725 1973 1741 2001 ‚
1763 1925 1936 1990 libro
1973 1925 2104 1990 illis
2133 1926 2448 2012 tempori-

214 2023 345 2087 bus
386 2021 735 2087 utilissimo
755 2069 771 2096 ‚
811 2020 1054 2085 clarior
1090 2019 1313 2085 factus
1352 2042 1551 2106 quam
1595 2022 2060 2088 emendatione
2093 2047 2111 2101 ς
2159 2025 2273 2109 qui
2312 2046 2449 2109 quo

214 2123 360 2186 iure
404 2128 524 2185 aut
561 2119 953 2184 Lambinum
993 2125 1114 2183 aut
1151 2118 1319 2183 alios
1363 2120 1760 2206 compilasse
1804 2120 2024 2185 dictus
2079 2128 2262 2185 esset
2310 2143 2450 2185 non

216 2219 553 2305 quaesivi:
589 2239 675 2282 ex
716 2215 1007 2282 editione
1047 2216 1260 2281 altera
1274 2264 1291 2292 ‚
1324 2238 1497 2302 quae
1537 2217 1718 2282 facta
1755 2227 1859 2283 est
1896 2217 2206 2304 Lugduni
2249 2217 2450 2283 Bata-

214 2340 456 2383 vorum
502 2338 681 2381 anno
716 2315 874 2380 1595
893 2364 910 2391 ‚
938 2336 1081 2380 non
1121 2313 1295 2380 adeo
1324 2315 1533 2380 multa
1558 2323 1791 2402 petere
1818 2316 2009 2404 potui
2027 2364 2043 2392 ‚
2069 2336 2241 2401 quae
2270 2317 2449 2402 prio·

214 2438 324 2480 res
364 2416 497 2480 visi
538 2423 767 2479 essent
805 2413 1180 2499 neglexisse
1199 2463 1213 2477 .
1244 2435 1465 2499 neque
1504 2414 1665 2479 mihi
1704 2416 1912 2479 multo
1952 2422 2071 2479 aut
2110 2416 2307 2501 plura
2332 2424 2452 2480 aut

216 2513 664 2599 exquisitiora
719 2512 1031 2600 praebuit
1089 2511 1423 2597 Tanaquil
1467 2513 1673 2578 Faber
1702 2562 1718 2590 ‚
1755 2514 1958 2578 homo
2003 2520 2241 2578 acutus
2269 2562 2285 2590 ‚
2326 2513 2451 2577 sed

215 2613 393 2678 idem
432 2614 827 2677 temerarius
846 2660 862 2687 ‚
899 2611 1013 2697 qui
1039 2610 1423 2676 Lucretium
1464 2610 1678 2676 edidit
1708 2612 2015 2677 Salmurii
2044 2633 2219 2677 anno
2256 2612 2415 2676 1662
2433 2663 2447 2675 .

217 2710 519 2777 eiusdem
547 2710 702 2775 anni
728 2729 957 2774 mense
983 2709 1294 2775 Ianuario
1323 2709 1706 2776 Richardus
1736 2710 2053 2775 Bentleius
2078 2718 2280 2775 natus
2310 2719 2415 2775 est
2433 2761 2449 2786 ‚

216 2831 417 2897 quem
456 2830 635 2873 anno
679 2807 839 2872 1689
879 2806 968 2871 ad
1005 2807 1204 2871 finem
1239 2815 1562 2894 vergente
1607 2808 1851 2873 Oxonii
1888 2809 2271 2873 Lucretium
2308 2817 2448 2874 stu·

218 2909 407 2974 diose
454 2909 701 2994 legisse
740 2906 1060 2971 Monkius
1103 2903 1597 2971 demonstravit
1643 2907 1713 2969 in
1750 2908 1892 2971 vita
1927 2906 2215 2970 Bentleii
2252 2929 2317 2991 p.
2338 2908 2447 2970 16:

217 3028 431 3094 eoque
468 3015 805 3092 tempore,
836 3004 971 3069 hoc
1011 3011 1118 3070 est
1155 3011 1312 3069 ante
1352 3004 1602 3069 editam
1645 3025 1820 3068 anno
1857 3003 2011 3068 1691
2054 3003 2144 3066 ad
2171 3004 2447 3067 Millium

216 3105 620 3192 epistulam,
652 3103 908 3189 scripta
950 3123 1106 3167 esse
1146 3123 1227 3168 ea
1266 3123 1439 3187 quae
1483 3102 1937 3187 Glasguenses
1977 3106 2162 3164 tomo
2204 3107 2447 3184 quarto

216 3225 477 3291 mes
525 3225 687 3267 mnv
725 3209 889 3288 post
930 3200 1054 3266 402
1095 3199 1489 3277 ediderunt,
1509 3197 2002 3264 Wakefieldum
2046 3204 2115 3262 et
2139 3196 2448 3262 Eichsta-

218 3301 397 3367 dium
425 3323 568 3366 non
605 3301 917 3386 ignorare
944 3320 1069 3387 par
1095 3299 1266 3364 fuit.
1306 3319 1461 3363 nam
1499 3297 1869 3384 Forbigero
1906 3296 2208 3361 iniuriam
2245 3294 2450 3360 faciat

217 3402 327 3485 qui
359 3421 513 3464 eum
540 3399 653 3463 vel
678 3398 1007 3462 minimam
1034 3418 1175 3461 rem
1204 3419 1327 3483 per
1356 3418 1431 3462 se
1457 3397 1845 3483 intellegere
1874 3395 2206 3483 postulet:
2230 3401 2301 3459 et
2326 3394 2446 3458 ha·

212 3497 415 3563 bebat
458 3498 569 3562 cui
614 3495 924 3561 crederet
950 3545 964 3571 ‚
1001 3495 1347 3581 Birgerum
1395 3495 1826 3560 Thorlacium
1851 3543 1867 3572 ‚
1907 3493 2022 3580 qui
2064 3493 2449 3558 Lucretium

207 3590 317 3660 ‘ex
344 3596 746 3661 recensione
766 3593 1073 3658 Bentleio
1086 3592 1673 3658 -Wakefieldiana'
1704 3591 1957 3658 editum
1977 3590 2255 3656 ridicule
2283 3612 2447 3676 prae

212 3714 284 3757 se
320 3694 597 3759 tulisset
634 3690 940 3756 Hauniae
982 3712 1159 3754 anno
1208 3691 1366 3756 1813
1397 3741 1411 3755 .
1447 3692 1573 3757 sed
1624 3692 1692 3755 in
1727 3691 2123 3756 iuvenilibus
2162 3690 2447 3755 Bentleii

212 3791 722 3858 schediasmatis
763 3789 1092 3876 permulta
1121 3797 1280 3853 sunt
1307 3811 1564 3854 summo
1596 3797 1664 3853 et
1691 3787 1991 3875 perfecto
2021 3789 2274 3854 artifice
2304 3787 2446 3874 dig-

210 3890 521 3967 nissima3
554 3910 842 3975 quorum
869 3895 1132 3973 partem
1157 3885 1426 3953 videtur
1467 3910 1618 3952 cum
1646 3887 1911 3952 Thoma
1947 3887 2228 3952 &eet-hio
2267 3907 2445 3951 com·

208 3989 585 4053 municasse
626 3994 767 4051 tum
804 3987 875 4049 in
920 3984 1153 4050 eadem
1194 3984 1563 4049 Oxoniensi
1612 3984 2048 4049 universitate
2088 3982 2447 4050 editionem

210 4095 529 4170 parante,
551 4106 726 4172 quae
752 4087 823 4149 in
854 4085 1070 4149 lucem
1096 4081 1352 4170 prodiit
1378 4103 1557 4148 anno
1591 4082 1786 4160 1695,
1817 4083 2107 4171 repetita
2136 4091 2241 4148 est
2267 4084 2445 4148 Lon·

210 4182 349 4247 dini
381 4186 574 4249 1717:
614 4183 822 4248 habet
850 4184 1025 4247 enim
1044 4182 1437 4247 Bentleiana
1466 4181 1813 4295 complura
1834 4181 2233 4256 Creechius,
2274 4201 2445 4266 quae

208 4282 596 4367 simpliciter
625 4280 951 4347 adscribit
980 4283 1155 4362 aliis,
1195 4280 1449 4345 scilicet
1474 4301 1562 4344 ne
1589 4279 1850 4373 iuvenis
1877 4280 2120 4343 artium
2146 4277 2446 4362 magistri

204 4379 483 4465 eiusque
528 4379 1095 4466 Cantabrigiensis
1134 4400 1380 4443 nomen
1421 4376 1709 4443 diceret.
1747 4378 1894 4464 ipse
1937 4374 2205 4462 quidem
2247 4373 2444 4436 Cree·

204 4476 401 4542 chius
428 4479 635 4545 multa
661 4479 912 4546 rectius
940 4477 1419 4563 interpretatus
1443 4483 1549 4540 est
1578 4497 1776 4562 quam
1807 4474 2108 4559 scripsit,
2130 4472 2196 4535 in
2227 4469 2444 4557 philo-
