3042 5192
619 447 756 516 170
1682 444 1777 513 ΠΙ

610 620 924 685 vertisset
951 668 967 691 ,
1013 619 1127 704 qui
1155 625 1313 682 ante
1352 618 1593 684 librum
1622 627 1933 703 quartum
1956 667 1972 695 ‚
2020 638 2155 704 quo
2190 616 2277 681 de
2305 620 2680 685 simulacris
2710 621 2837 687 dis-

609 718 872 807 putavit
888 767 903 794 ‚
931 717 1173 782 horum
1199 738 1286 780 ne
1314 717 1579 780 nomine
1603 716 1871 802 quidem
1898 717 1997 781 uti
2016 716 2308 781 voluerit
2323 766 2337 780 .
2359 739 2515 782 nam
2538 722 2837 804 quamvis

609 817 903 882 Lucilius
922 864 936 891 ,
967 814 1212 879 doctus
1240 814 1444 878 homo
1471 863 1486 891 ‚
1534 817 1728 899 quasi
1759 815 1845 879 de
1871 837 1948 880 re
1980 824 2146 880 nota
2175 814 2459 882 dixisset
2488 818 2727 883 Eidola
2756 832 2836 884 αι-

609 939 727 1003 que
756 926 987 979 atomm
1012 914 1251 977 vincere
1281 913 1548 998 Epicuri
1572 914 1774 978 volam
1803 913 2011 1002 (apud
2031 913 2324 979 Nonium
2343 939 2407 1002 p.
2420 916 2591 1001 478),
2620 925 2835 982 tamen

609 1014 743 1077 hoc
784 1010 964 1076 idem
1002 1011 1289 1098 physica
1332 1010 1687 1075 docentem
1726 1033 1865 1075 non
1910 1011 2239 1077 decebat.
2288 1020 2583 1078 ceterum
2614 1036 2705 1079 ex
2735 1037 2836 1080 eo-

610 1113 762 1176 dem
789 1111 1024 1175 Lucilii
1051 1111 1222 1175 libro
1251 1133 1471 1174 xxvm
1494 1109 1757 1174 Nonius
1780 1111 1908 1174 alia
1931 1110 2263 1195 quaedam
2284 1111 2375 1175 ad
2392 1111 2837 1200 philosophos

607 1211 1012 1300 pertinentia
1039 1209 1325 1273 rettulit.
1365 1231 1429 1294 Ρ.
1443 1207 1584 1283 237,
1600 1209 1640 1271 6
1682 1208 1997 1273 Socratem
2044 1209 2315 1288 Quidam
2350 1221 2615 1297 tyr-aomo
2669 1215 2839 1275 nvi-sse

607 1311 992 1395 Aristippum
1020 1318 1368 1371 aummam.
1401 1305 1487 1369 de
1509 1306 1897 1370 Xenocrate
1924 1330 1988 1393 p.
2005 1308 2147 1383 410,
2164 1309 2202 1370 7
2225 1309 2405 1373 Adde
2433 1309 2679 1388 eodem,
2709 1312 2835 1373 tris-

607 1410 683 1471 tis
710 1430 787 1471 ac
821 1428 1059 1471 severus
1087 1404 1514 1491 philosophus.
1565 1403 1652 1467 de
1696 1404 1933 1469 eodem
1970 1406 2176 1493 Ρ.414
2205 1407 2539 1471 Polemona
2582 1410 2833 1487 amavit,

605 1517 796 1570 morte
821 1505 964 1568 haic
991 1504 1323 1567 transmisit
1341 1525 1520 1566 suam
1551 1502 1811 1567 Scholen
1838 1528 2026 1592 quam
2051 1506 2291 1569 dicunt.
2339 1503 2520 1568 adde
2548 1504 2833 1569 Nonium

607 1604 825 1691 p.280,
844 1604 919 1666 10
947 1601 1186 1677 318,18
1213 1601 1355 1675 289,
1368 1600 1449 1664 26
1467 1647 1481 1674 ,
1511 1600 1808 1667 Probum
1837 1601 1928 1664 ad
1958 1603 2076 1666 ecl.
2090 1625 2154 1688 p.
2175 1603 2269 1679 18,
2287 1603 2364 1666 16
2382 1650 2398 1664 .

772 1701 912 1764 431.
946 1698 1174 1779 Quon
1221 1720 1480 1763 onnus
1527 1722 1612 1762 11⁴1
1654 1722 1955 1764 somuls
1986 1749 2001 1777 ,
2061 1721 2329 1764 somn
2371 1722 2508 1764 um
2554 1724 2830 1764 cmun-

608 1822 757 1864 mus
802 1819 1013 1861 ,ΠΛ-Λ
1058 1796 1447 1860 ExALARE
1490 1819 1795 1861 wiron:
1835 1819 2202 1862 Ara-Anu
2241 1820 2668 1874 FERREQUE
2709 1821 2828 1863 121:-

604 1900 803 1961 itum.
827 1894 936 1960 Ad
964 1895 1204 1960 librum
1235 1918 1302 1971 11,
1322 1895 1441 1959 194
1471 1894 1673 1959 docui
1693 1894 1932 1960 Latine
1960 1918 2097 1961 non
2128 1896 2258 1961 dici
2282 1897 2465 1977 Quod
2480 1919 2685 1982 qm
2708 1898 2828 1975 ubi,

606 1994 731 2060 sed
767 1996 946 2075 Quod
964 2017 1155 2081 yenus
1183 2005 1268 2058 est
1304 1994 1456 2057 ubi.
1494 2001 1848 2080 praeterea
1872 1994 2227 2059 Lucretius
2268 1995 2422 2059 alibi
2466 1994 2646 2059 dixit
2681 1998 2827 2082 sopi-

604 2108 730 2160 tum
757 2096 983 2181 quiete,
1014 2095 1155 2172 lete,
1187 2103 1480 2157 castoreo.
1515 2114 1677 2178 ergo
1706 2092 1819 2156 hic
1848 2091 2274 2158 scribendum
2304 2101 2411 2159 est
2444 2093 2633 2174 Quod
2650 2118 2827 2180 qemoe

604 2217 780 2269 ssr,
821 2194 1046 2257 somnis
1071 2193 1249 2277 sopiti
1274 2192 1378 2254 ubi
1407 2192 1742 2254 cemimus.
1775 2190 1897 2256 sed
1926 2213 2134 2278 porro
2166 2193 2296 2256 alta
2334 2192 2571 2256 altaria
2596 2194 2823 2257 nimiae

606 2291 1043 2378 simplicitatis
1098 2290 1385 2375 speciem
1435 2291 1808 2374 praebent,
1859 2312 2081 2376 neque
2128 2291 2446 2376 intellego
2490 2289 2823 2375 quomodo

606 2392 834 2455 altaria
846 2389 1329 2476 ferantfumum
1348 2438 1361 2452 .
1391 2389 1621 2474 itaque
1655 2437 1669 2464 ,
1706 2397 1787 2453 ut
1816 2387 2120 2453 dematur
2151 2386 2338 2473 quod
2368 2397 2689 2473 superest
2713 2438 2728 2465 ‚
2763 2396 2823 2452 et

604 2486 789 2573 quod
821 2485 1016 2549 deest
1041 2485 1609 2571 reprehendatur,
1647 2486 1965 2551 faciemus
1994 2509 2090 2550 At.
2109 2509 2201 2549 rr:
2235 2487 2349 2550 ubi
2379 2494 2487 2550 est
2516 2488 2679 2568 alta,
2720 2489 2822 2552 alte

604 2586 897 2650 exhalare
921 2585 1220 2671 ferreque
1250 2634 1262 2647 .
1304 2592 1650 2672 postremo
1678 2589 1749 2650 in
1776 2587 1948 2650 libro
1977 2608 2040 2660 v,
2052 2584 2174 2648 253
2206 2592 2311 2649 est
2338 2584 2621 2649 Rdveris
2650 2585 2817 2650 exha-

603 2686 693 2749 lat
715 2684 1026 2762 nebulam,
1054 2682 1213 2745 item
1236 2683 1358 2746 463
1385 2682 1666 2748 Exalare
1694 2686 1863 2749 lacus
1881 2684 2195 2763 nebulam,
2219 2683 2372 2747 alibi
2394 2682 2661 2747 similia:
2685 2684 2815 2769 quis

604 2802 763 2867 ergo
806 2802 946 2843 non
987 2779 1225 2844 credat
1268 2786 1537 2867 poetam
1572 2781 1683 2845 hic
1735 2783 2087 2868 scripsisse
2127 2781 2410 2845 Exalare
2461 2803 2815 2846 vinnons!

602 2881 830 2944 altaria
855 2877 888 2941 5
926 2878 1322 2963 praesertim
1365 2900 1514 2942 cum
1568 2878 1805 2943 eodem
1845 2878 2050 2944 modo
2097 2900 2327 2943 omnes
2370 2880 2641 2944 locutos
2682 2902 2811 2945 esse

602 2985 870 3043 constet
897 3026 913 3053 ,
955 2976 1083 3040 nisi
1114 2976 1301 3061 quod
1331 2999 1414 3041 ex
1445 2978 1641 3042 Statii
1672 2977 2064 3043 Thebaidos
2092 3002 2156 3052 x,
2176 2977 2296 3041 108
2332 2985 2613 3042 notatur
2640 2980 2809 3044 exha-

600 3080 733 3142 lant
755 3087 937 3141 vestes
966 3074 1273 3139 absolute
1302 3076 1595 3159 positum
1622 3124 1635 3138 .
1669 3098 1890 3161 neque
1917 3078 1986 3139 in
2017 3075 2239 3141 Ovidii
2264 3077 2706 3164 metamorph.
2716 3099 2806 3151 nr,

601 3176 724 3239 528
764 3175 922 3238 mihi
963 3174 1127 3237 satis
1169 3174 1513 3259 proprium
1554 3173 1823 3239 videtur
1848 3176 2205 3262 fessamque
2240 3177 2475 3239 videres
2504 3176 2806 3241 Exhalare

601 3275 904 3353 animam,
938 3269 1122 3356 quod
1151 3271 1488 3358 Hauptius
1515 3272 1586 3335 in
1610 3274 2193 3339 observationibus
2223 3273 2468 3337 criticis
2494 3296 2564 3359 p.
2579 3273 2659 3337 23
2684 3273 2804 3336 sor·

597 3378 781 3434 tasse
834 3366 1105 3431 defendi
1153 3391 1357 3454 posse
1408 3368 1570 3435 dicit
1596 3394 1609 3433 :
1672 3371 1765 3434 ibi
1815 3393 1899 3435 ex
1948 3372 2419 3456 antiquissimis
2477 3371 2803 3436 codicibus

598 3467 855 3531 Heinsii
891 3466 1377 3553 Neapolitanus
1420 3468 1628 3533 habet
1668 3469 1989 3535 Exhalare
2013 3518 2031 3549 ‚
2078 3471 2391 3535 Exhalat-i
2416 3470 2705 3535 Urbinas
2746 3478 2803 3532 et

597 3566 1153 3651 Berneggeranus
1187 3616 1200 3629 .
1262 3574 1557 3631 ceterum
1600 3568 1641 3631 h
1683 3568 1973 3632 litteram
2025 3569 2094 3631 in
2137 3590 2474 3634 consensu
2516 3569 2801 3633 codicum

596 3686 733 3728 non
760 3662 975 3727 infero
1007 3713 1020 3726 .
1067 3666 1318 3730 exalare
1344 3666 1676 3751 oblongus
1705 3666 1889 3730 solus
1918 3667 2122 3739 11‚417
2150 3690 2214 3744 v,
2228 3667 2352 3732 253
2378 3668 2630 3743 v1‚811‚
2657 3686 2798 3753 qua-

598 3761 833 3825 dratus
863 3763 1085 3825 alantis
1112 3761 1330 3837 v1‚221
1365 3770 1435 3826 et
1462 3765 1809 3828 exaltantur
1837 3788 1923 3839 ιν,
1938 3764 2063 3829 864
2081 3814 2094 3829 .

763 3858 904 3922 437.
937 3858 1262 3923 Cinam-:o
1292 3884 1652 3926 ANIMAM.
1683 3862 1834 3926 Itali
1866 3872 1933 3928 et
1958 3864 2266 3950 impressi
2297 3865 2596 3929 Casus.

758 3957 900 4021 438.
935 3956 1192 4022 Omns
1222 4008 1237 4034 ‚
1275 3983 1370 4023 ΕΤ
1402 3983 1670 4026 ornus
1702 3983 2089 4027 mssoLv1
2137 3984 2510 4026 conr-ons
2540 3982 2792 4026 riuum.

597 4055 655 4119 O
672 4076 706 4118 c
723 4077 746 4117 1
760 4076 803 4118 U
816 4077 849 4118 s
868 4063 1212 4120 corrector
1231 4057 1542 4142 quadrati
1568 4067 1637 4123 et
1656 4060 1991 4145 impressi.
2015 4068 2156 4125 tum
2180 4085 2255 4125 ac
2274 4062 2599 4148 impressi,
2620 4058 2787 4123 male.

592 4174 801 4240 porro
845 4161 1188 4217 corrector
1231 4155 1541 4240 quadrati
1580 4159 1820 4222 dissolvi
1857 4181 1945 4222 IN
1986 4182 2247 4245 corpora
2278 4161 2526 4246 pri-ma,
2567 4157 2784 4247 perite:

594 4257 970 4314 ceterorum
1012 4252 1233 4315 nullus
1274 4251 1443 4317 vidit
1471 4303 1486 4331 ,
1543 4256 1666 4320 sed
1694 4256 2154 4322 Wakefieldus
2209 4280 2358 4322 eum
2399 4264 2583 4322 recte
2625 4273 2783 4320 secu-

592 4355 704 4413 tus
734 4356 842 4413 est
860 4398 873 4411 .

761 4446 903 4510 439.
939 4446 1109 4511 Cum
1140 4470 1549 4517 comesus
1580 4475 1916 4528 mmm-r.
1948 4456 2132 4520 Bene
2160 4454 2487 4521 Marullus
2516 4454 2758 4533 QUAM·
