3042 5192
679 455 819 523 220
1745 455 1845 522 VI

675 650 873 714 quam
903 650 1052 692 cum
1082 625 1353 693 discidit
1370 676 1385 704 ,
1408 626 1566 691 hinc
1596 629 2056 715 prorumpitur
2079 629 2150 691 in
2179 650 2363 726 mare
2392 632 2576 694 venti

675 745 776 809 vis
808 752 877 808 et
904 742 1240 808 fervorem
1269 744 1503 806 mirum
1535 743 1896 808 concinnat
1921 745 1990 808 in
2019 743 2253 808 undis:

673 857 1141 926 versabundus
1173 858 1345 921 enim
1374 857 1577 922 turbo
1611 856 1963 923 descendit
1993 866 2063 922 et
2091 858 2268 923 illam

674 971 948 1036 deducit
975 973 1230 1059 pariter
1257 971 1444 1036 lento
1477 993 1627 1035 cum
1657 993 1944 1058 corpore
1973 974 2252 1051 nubeme,

522 1106 620 1151 440
678 1110 878 1173 quam
908 1086 1101 1151 simul
1130 1109 1208 1150 ac
1238 1086 1586 1172 gravidam
1615 1085 1906 1152 detrusit
1934 1087 2024 1152 ad
2053 1109 2352 1174 aequora
2380 1092 2607 1176 ponti,

673 1202 781 1267 ille
808 1202 878 1266 in
907 1223 1149 1288 aquam
1178 1202 1401 1265 subito
1434 1208 1652 1264 totum
1682 1224 1755 1266 se
1783 1203 2057 1267 inmittit
2086 1209 2156 1267 et
2184 1225 2377 1267 omne

674 1318 923 1381 excitat
950 1316 1201 1402 ingenti
1231 1316 1455 1379 sonitu
1482 1337 1667 1380 mare
1694 1316 1958 1381 fervere
1989 1338 2244 1403 cogens
2262 1367 2276 1381 .

672 1432 749 1495 fit
781 1452 1050 1516 quoque
1078 1439 1156 1493 ut
1181 1429 1485 1494 involvat
1512 1431 1697 1495 venti
1727 1453 1803 1495 se
1832 1432 2123 1497 nubibus
2151 1433 2298 1517 ipse

673 1553 913 1609 vertex
930 1593 946 1620 ,
970 1543 1349 1609 conradens
1380 1566 1466 1608 ex
1492 1551 1649 1608 aere
1681 1545 1932 1608 semina
1961 1545 2157 1611 nubis
2175 1594 2190 1620 ‚

522 1679 617 1723 445
676 1669 744 1724 et
774 1661 966 1746 quasi
997 1659 1360 1724 demissum
1389 1659 1574 1724 caelo
1604 1667 1910 1745 prestera
1937 1661 2264 1724 imitetur:

672 1775 782 1840 hic
810 1776 924 1839 ubi
955 1796 1027 1839 se
1054 1775 1124 1838 in
1152 1782 1370 1838 terras
1404 1773 1670 1838 demisit
1700 1771 2150 1860 dissoluitque
2169 1824 2186 1850 ‚

672 1889 956 1955 turbinis
982 1891 1312 1954 inmanem
1340 1889 1473 1952 vim
1500 1890 1839 1975 provomit
1868 1898 2072 1975 atque
2100 1889 2468 1975 procellae.

677 2004 800 2070 sed
829 2006 987 2090 quia
1013 2006 1091 2069 fit
1118 2026 1272 2069 raro
1306 2005 1573 2068 omnino
1604 2005 1988 2090 montisque
2015 2013 2363 2069 necessest

675 2120 943 2185 officere
972 2121 1039 2183 in
1068 2121 1269 2184 terris
1290 2167 1305 2195 ‚
1329 2127 1615 2203 apparet
1645 2120 1945 2184 crebrius
1973 2119 2148 2183 idem

521 2255 620 2299 450
674 2241 1045 2322 prospectu
1073 2234 1272 2297 maris
1300 2235 1370 2297 in
1397 2255 1641 2320 magno
1672 2234 1994 2319 caeloque
2021 2237 2280 2320 patenti
2300 2285 2313 2298 .

758 2349 1006 2414 Nubila
1035 2356 1482 2412 concrescunt
1500 2397 1515 2425 ‚
1537 2349 1654 2413 ubi
1682 2371 1973 2436 corpora
1999 2351 2207 2415 multa
2235 2349 2530 2414 volando

672 2466 807 2529 hoe
838 2485 1085 2549 supero
1112 2464 1183 2526 in
1214 2463 1378 2527 caeli
1410 2465 1629 2548 spatio
1663 2467 1885 2528 coiere
1913 2474 2194 2551 repente

672 2580 1049 2665 asperiora,
1070 2579 1275 2643 moris
1306 2599 1477 2663 quae
1507 2580 1774 2666 possint
1799 2579 2198 2666 indupedita

673 2695 927 2780 exiguis
956 2702 1179 2758 tamen
1207 2694 1381 2757 inter
1411 2715 1485 2758 se
1516 2715 1914 2779 comprensa
1941 2696 2156 2760 teneri
2174 2745 2188 2759 .

516 2828 611 2873 455
666 2810 838 2874 haec
866 2808 1119 2873 faciunt
1146 2810 1428 2895 primum
1458 2830 1705 2895 parvas
1735 2810 2107 2875 consistere
2135 2810 2382 2875 nubes:

669 2924 828 2990 inde
856 2925 1024 2989 haec
1055 2922 1548 3011 comprendunt
1571 2925 1747 2988 inter
1776 2946 1851 2988 se
1882 2946 2145 3010 conque
2173 2933 2540 3012 gregantur

670 3049 739 3105 et
768 3039 1237 3127 coniungendo
1271 3047 1587 3104 crescunt
1612 3040 1967 3125 ventisque
1995 3039 2303 3105 feruntur

665 3179 882 3242 usque
912 3154 1084 3221 adeo
1115 3153 1334 3219 donec
1364 3162 1733 3242 tempestas
1764 3176 1967 3220 saeva
1995 3163 2327 3220 coortast.

664 3273 742 3336 fit
771 3271 1168 3358 quoqueuti
1195 3271 1441 3334 montis
1468 3270 1688 3334 vicina
1717 3272 2059 3334 cacumina
2086 3271 2271 3334 caelo

516 3404 613 3449 460
671 3408 869 3472 quam
900 3388 1034 3450 sint
1065 3405 1335 3471 quoque
1363 3386 1575 3470 magis
1594 3434 1609 3457 ,
1634 3392 1825 3449 tanto
1855 3386 2065 3470 magis
2098 3384 2278 3449 edita
2303 3385 2562 3449 fument

672 3499 952 3566 adsidue
980 3500 1214 3564 furvae
1244 3499 1440 3563 nubis
1472 3500 1750 3585 caligine
1781 3521 2013 3564 crassa

668 3624 1031 3703 propterea
1062 3616 1249 3700 quia,
1274 3636 1422 3679 cum
1454 3616 1833 3679 consistunt
1859 3615 2087 3679 nubila
2115 3615 2397 3702 primum
2414 3665 2430 3691 ‚

672 3739 826 3794 ante
856 3728 1087 3794 videre
1118 3730 1291 3794 oculi
1322 3750 1521 3814 quam
1551 3730 1850 3815 possint,
1873 3730 2132 3805 tenvia,
2154 3731 2338 3794 venti

668 3852 1021 3931 portantes
1052 3852 1305 3930 cogunt
1333 3843 1421 3907 ad
1452 3864 1708 3908 summa
1737 3845 2078 3909 cacumina
2103 3845 2382 3909 montis:

516 3979 611 4023 465
668 3959 778 4023 hic
810 3959 1071 4024 demum
1097 3960 1175 4024 fit
1202 3961 1300 4023 uti
1332 3961 1530 4023 turba
1557 3960 1804 4023 maiore
1838 3968 2073 4023 coorta

675 4275 775 4323 436
812 4276 962 4322 vent.
1018 4268 1039 4338 ΙΙ
1093 4274 1194 4321 440
1233 4267 1431 4323 deti-uit
1479 4272 1499 4339 ΙΙ
1548 4278 1647 4324 444
1686 4272 1793 4324 aeri
1839 4269 1860 4339 ΙΙ
1909 4278 2007 4324 447
2044 4270 2328 4342 procellat.
2375 4270 2397 4338 ΙΙ
2449 4274 2548 4321 449
2587 4266 2824 4320 officeret
2861 4263 2874 4321 i=

679 4359 776 4406 452
824 4370 986 4423 super
1040 4352 1061 4420 ΙΙ
1107 4352 1251 4406 coire
1287 4351 1308 4421 ΙΙ
1357 4360 1453 4406 453
1492 4354 1665 4408 modis
1702 4356 1722 4421 ΙΙ
1760 4362 1858 4407 454
1895 4371 2206 4425 compressa
2243 4355 2263 4422 ΙΙ
2301 4358 2400 4405 456
2438 4370 2502 4406 ea
2536 4352 2557 4420 ΙΙ
2593 4355 2682 4404 461
2719 4344 2877 4400 sulm

676 4437 843 4490 nubes
881 4436 902 4504 ΙΙ
940 4442 1036 4489 465
1076 4453 1246 4489 mmor
