3042 5192
1301 474 1370 540 V
2310 483 2445 551 173

224 650 283 712 in
308 646 522 712 medio
552 657 633 712 ut
664 647 990 735 propulsa
1020 668 1144 712 suo
1177 647 1520 714 condensa
1550 651 1759 716 coiret
1776 700 1791 727 ‚

226 773 343 828 tam
369 764 581 849 magis
614 784 980 849 expressus
1008 763 1226 827 salsus
1259 762 1346 827 de
1376 785 1662 851 corpore
1692 764 1903 831 sudor

224 878 494 964 augebat
520 899 710 943 mare
739 876 1076 942 manando
1108 899 1516 965 camposque
1546 882 1844 945 natantis
1860 930 1876 956 ‚

225 1000 283 1056 et
306 1000 490 1056 tanto
519 993 737 1078 magis
763 992 876 1056 illa
901 992 1088 1058 foras
1119 992 1347 1058 elabsa
1373 993 1696 1059 volabant

108 1123 179 1171 490
225 1127 493 1193 corpora
518 1107 736 1172 multa
762 1107 1035 1193 vaporis
1065 1115 1136 1171 et
1162 1109 1334 1173 aeris
1352 1157 1369 1184 ‚
1391 1108 1663 1194 altaque
1694 1110 1858 1175 caeli

225 1220 585 1286 densebant
612 1222 857 1307 procul
883 1243 924 1286 a
951 1223 1149 1288 terris
1174 1221 1500 1309 fulgentia
1527 1223 1778 1310 templa
1795 1274 1809 1287 .

223 1335 514 1401 sidebant
543 1336 798 1421 campi,
822 1338 1217 1402 crescebant
1242 1338 1583 1402 montibus
1615 1337 1765 1403 altis

225 1471 557 1515 ascensus:
579 1472 806 1537 neque
835 1452 1006 1516 enim
1034 1459 1353 1539 poterant
1380 1452 1730 1518 subsidere
1760 1473 1925 1517 saxa

224 1586 335 1629 nec
362 1567 612 1652 pariter
640 1565 1040 1630 tantundem
1068 1588 1301 1631 omnes
1330 1569 1763 1633 succumbere
1790 1570 2004 1654 partis
2022 1619 2036 1632 .

102 1695 177 1742 495
299 1681 401 1745 Sic
426 1681 633 1767 igitur
664 1688 883 1746 terrae
914 1689 1235 1747 concreto
1268 1703 1556 1770 corpore
1586 1681 1857 1768 pondus

226 1796 502 1860 constitit
518 1845 534 1871 ,
558 1802 769 1882 atque
812 1797 1026 1861 omnis
1056 1795 1287 1860 mundi
1316 1797 1509 1883 quasi
1537 1797 1731 1861 limus
1757 1798 1828 1861 in
1853 1799 2055 1863 imum

226 1909 523 1975 confluxit
549 1911 782 1996 gravis
812 1917 882 1976 et
910 1909 1215 1976 subsedit
1241 1910 1545 1976 funditus
1575 1919 1652 1976 ut
1677 1911 1868 1990 faex3

224 2022 365 2086 inde
392 2046 566 2089 mare
587 2074 604 2102 ‚
628 2024 785 2090 inde
815 2031 930 2089 aer
947 2075 963 2102 ‚
983 2022 1143 2089 inde
1172 2026 1408 2090 aether
1434 2026 1676 2112 ignifer
1701 2027 1848 2113 ipse
1868 2077 1882 2091 .

226 2140 603 2223 corporibus
631 2138 904 2226 liquidis
934 2147 1092 2204 sunt
1121 2141 1342 2205 omnia
1367 2162 1539 2227 pura
1566 2141 1831 2207 relicta:

104 2267 178 2313 500
228 2260 287 2316 et
310 2253 554 2318 leviora
584 2254 731 2318 aliis
760 2255 922 2331 alia,
947 2261 1015 2318 et
1041 2253 1519 2340 liquidissimus
1550 2257 1784 2322 aether

220 2375 403 2453 atque
430 2370 806 2434 levissimus
835 2370 1048 2434 aerias
1076 2387 1281 2456 super
1306 2369 1524 2434 influit
1553 2391 1752 2436 auras
1770 2421 1785 2448 ‚

221 2504 331 2546 nec
358 2483 681 2569 liquidum
712 2506 961 2571 corpus
987 2484 1415 2550 turbantibus
1443 2486 1618 2550 aeris
1648 2487 1827 2551 auris

221 2599 582 2663 commiscet
602 2650 615 2662 .
642 2600 798 2664 sinit
824 2599 935 2663 hic
962 2600 1276 2665 violentis
1307 2600 1529 2664 omnia
1555 2602 1728 2666 verti

218 2712 572 2780 turbinibus
590 2763 607 2790 ‚
630 2714 789 2779 sinit
813 2714 1086 2779 incertis
1116 2715 1392 2780 turbare
1419 2716 1734 2801 procellis
1754 2766 1770 2792 ‚

103 2839 175 2884 505
218 2825 349 2911 ipse
377 2850 537 2893 suos
564 2829 739 2914 ignis
768 2837 957 2894 certo
987 2830 1122 2894 fert
1148 2831 1395 2918 impete
1422 2830 1659 2895 labens
1680 2882 1694 2894 .

218 2962 355 3004 nam
380 2943 645 3007 modice
672 2944 878 3009 fluere
907 2953 1110 3030 atque
1138 2967 1273 3009 uno
1304 2967 1510 3031 posse
1542 2946 1821 3010 aethera
1847 2948 1997 3011 nisu

220 3056 531 3142 significat
554 3058 819 3124 Pontos
836 3107 852 3135 ,
872 3079 1055 3124 mare
1086 3066 1272 3124 certo
1304 3059 1492 3146 quod
1517 3061 1665 3125 fluit
1692 3068 1885 3126 aestu

220 3193 403 3237 unum
430 3172 706 3238 labendi
735 3180 1143 3239 conservans
1170 3197 1387 3261 usque
1415 3184 1721 3241 tenorem
1738 3227 1752 3240 .

293 3287 629 3372 [Motibus
657 3296 999 3354 astrorum
1025 3312 1204 3355 nunc
1234 3313 1407 3377 quae
1438 3291 1526 3356 sit
1556 3312 1758 3356 causa
1788 3311 2133 3355 canamus.

102 3413 175 3460 510
220 3403 530 3490 principio
558 3425 841 3490 magnus
870 3406 1034 3469 caeli
1065 3406 1122 3470 si
1148 3406 1438 3471 vortitur
1468 3407 1652 3471 orbis
1670 3456 1685 3483 ‚

219 3537 293 3581 ex
317 3527 602 3605 utraque
630 3520 859 3607 polum
885 3522 1065 3607 parti
1090 3541 1394 3608 premere
1424 3527 1581 3586 aera
1607 3521 1804 3585 nobis

217 3628 557 3698 dicendum
587 3641 694 3699 est
723 3642 1048 3721 extraque
1081 3643 1309 3700 tenere
1341 3644 1410 3701 et
1440 3634 1752 3700 claudere
1781 3634 2148 3721 utrimque3

213 3745 351 3810 inde
379 3749 580 3813 alium
610 3771 815 3837 supra
841 3750 1047 3814 fluere
1075 3758 1280 3836 atque
1308 3750 1656 3816 intendere
1688 3750 2005 3815 deorsum
2022 3800 2038 3825 ‚

95 3872 167 3918 515
214 3858 355 3927 hinc
383 3864 584 3928 alium
615 3871 847 3951 supter
865 3914 879 3942 ‚
903 3874 1141 3931 contra
1172 3867 1285 3953 qui
1316 3866 1649 3931 subvehat
1677 3866 1944 3943 orbem3

211 3985 279 4040 ut
303 3977 543 4044 fluvios
569 3999 844 4044 versare
873 3989 1062 4045 rotas
1092 3989 1297 4068 atque
1327 3988 1559 4045 austra
1584 3981 1889 4046 videmus
1907 4030 1921 4044 .

94 4101 167 4149 51⁴
214 4113 335 4176 quo
363 4092 702 4160 volvenda
728 4095 977 4159 micant
1004 4096 1259 4162 aeterni
1290 4095 1514 4162 sidera
1540 4095 1771 4162 mundi
1787 4147 1801 4160 .

220 4291 607 4300 ..φ-...κῇ

216 4370 299 4419 491
338 4366 649 4423 Dennabant
700 4371 722 4438 ΙΙ
769 4377 870 4425 500
906 4372 1075 4425 levior
1122 4373 1144 4441 ΙΙ
1190 4378 1287 4427 503
1328 4372 1615 4426 Commisci
1652 4373 1674 4441 ΙΙ
1711 4373 1837 4425 haec
1875 4371 1896 4438 ΙΙ
1935 4376 2032 4422 507
2070 4374 2239 4439 ponto
2276 4366 2296 4434 ΙΙ
2333 4371 2431 4417 513

217 4449 419 4505 eodem.
456 4453 478 4522 ΙΙ
516 4459 614 4506 515
652 4456 767 4508 Aut
802 4455 823 4523 ΙΙ
859 4457 978 4526 quis
1014 4456 1035 4525 ΙΙ
1074 4462 1172 4510 516
1208 4457 1401 4510 fluvius
