3042 5192
449 1111 547 1156 215

447 1684 545 1730 220

443 2260 540 2305 225

440 2832 539 2880 230

435 3408 533 3454 235

436 3984 534 4029 240

616 461 702 527 10
1699 456 1730 524 Ι

604 653 775 720 (11188
803 654 930 697 1108
958 629 1283 696 fecundas
1312 638 1652 695 vertentes
1679 651 1949 696 vomere
1979 630 2209 716 glebas

603 747 942 834 terraique
970 747 1184 812 solum
1215 745 1601 831 subigentes
1631 745 1837 810 cimus
1867 744 1956 809 ad
1985 753 2210 810 ortus:

605 861 792 948 quod
821 863 876 927 si
904 862 1088 926 nulla
1110 860 1336 926 forent
1352 910 1368 936 ‚
1389 868 1626 925 nostro
1658 860 1801 924 sine
1832 881 2138 946 quaeque
2167 860 2398 925 labore

607 986 850 1064 sponte
881 998 1004 1041 sua
1030 976 1239 1041 multo
1268 976 1411 1040 fieri
1438 976 1713 1040 meliora
1739 974 2006 1040 videres
2025 1023 2039 1037 .

686 1092 839 1156 Huc
868 1091 1129 1156 accedit
1156 1092 1253 1156 uti
1285 1092 1575 1177 quicque
1603 1091 1672 1154 in
1702 1111 1826 1155 sua
1855 1111 2144 1177 corpora
2169 1111 2432 1154 rursum

605 1207 936 1272 dissoluat
963 1215 1206 1271 natura
1231 1228 1451 1293 neque
1482 1206 1573 1270 ad
1601 1205 1806 1270 nilum
1831 1207 2184 1271 interemat
2210 1226 2320 1270 res
2339 1255 2352 1268 .

601 1344 756 1386 nam
786 1320 1013 1407 siquid
1040 1322 1324 1386 mortale
1354 1343 1391 1385 e
1423 1323 1683 1389 cunctis
1712 1321 2017 1408 partibus
2046 1329 2228 1385 esset
2245 1370 2261 1397 ‚

604 1438 689 1501 ex
719 1436 929 1500 oculis
958 1457 1069 1500 res
1100 1456 1409 1522 quaeque
1436 1443 1717 1523 repente
1748 1444 1983 1522 erepta
2008 1436 2290 1522 periret:

599 1551 781 1615 nulla
807 1551 875 1614 vi
902 1548 1079 1614 foret
1104 1571 1266 1614 usus
1298 1551 1470 1614 enim
1487 1599 1503 1624 ,
1528 1571 1701 1636 quae
1730 1551 2036 1636 partibus
2067 1549 2208 1615 eius

601 1664 953 1730 discidium
982 1685 1221 1751 parere
1253 1672 1322 1728 et
1348 1685 1563 1728 nexus
1595 1665 1946 1730 exsolvere
1974 1672 2212 1750 posset
2230 1714 2243 1727 .

602 1780 790 1868 quod
816 1802 995 1845 nunc
1015 1829 1032 1856 ‚
1055 1788 1329 1844 aeterno
1362 1779 1519 1865 quia
1549 1786 1865 1844 constant
1894 1779 2143 1844 semine
2174 1800 2480 1866 quaeque
2499 1831 2514 1856 ‚

600 1894 818 1959 donec
846 1896 948 1961 vis
979 1895 1176 1971 obiit,
1203 1915 1376 1981 quae
1405 1915 1515 1959 res
1547 1893 1933 1960 diverberet
1960 1895 2097 1959 ictu

604 2019 722 2075 aut
748 2011 929 2076 intus
959 2018 1269 2096 penetret
1295 2031 1419 2095 per
1446 2010 1669 2074 inania
1698 2009 2157 2095 dissoluatque
2178 2061 2193 2085 ‚

599 2126 842 2191 nullius
871 2124 1142 2189 exitium
1169 2126 1422 2211 patitur
1449 2134 1692 2189 natura
1717 2124 1928 2189 videri
1947 2175 1961 2189 .

600 2250 956 2329 praeterea
985 2261 1158 2326 quae
1190 2260 1473 2326 cumque
1501 2247 1841 2304 vetustate
1870 2250 2138 2306 amovet
2166 2251 2352 2307 aetas
2371 2293 2385 2319 ‚

598 2358 655 2421 81
693 2357 962 2443 penitus
1000 2355 1281 2441 peremit
1312 2375 1713 2419 consumens
1742 2355 2082 2420 materiem
2112 2378 2371 2421 omnem
2393 2408 2407 2431 ‚

596 2471 777 2536 unde
806 2470 1085 2534 animale
1114 2490 1324 2555 genus
1354 2468 1719 2554 generatim
1747 2469 1816 2532 in
1843 2469 2092 2534 lumina
2116 2472 2295 2535 vitae

594 2584 909 2649 redducit
936 2583 1172 2648 Venus
1190 2632 1205 2659 ‚
1228 2592 1345 2648 aut
1371 2582 1774 2648 redductum
1806 2581 2093 2648 daedala
2125 2586 2321 2650 tellus

592 2699 775 2765 unde
805 2700 922 2764 alit
948 2707 1152 2785 atque
1182 2707 1384 2785 auget
1410 2699 1778 2784 generatim
1804 2698 2053 2785 pabula
2079 2701 2456 2785 praebens?

595 2814 777 2879 unde
805 2835 988 2880 mare
1006 2864 1021 2891 ‚
1043 2814 1352 2901 ingenuei
1377 2812 1605 2878 fontes
1621 2862 1637 2889 ‚
1662 2822 2070 2900 extentaque
2098 2814 2298 2901 longe

593 2930 861 2995 flumina
889 2928 1375 3016 suppeditant?
1394 2926 1580 2992 unde
1610 2929 1844 2994 aether
1873 2928 2099 2994 sidera
2126 2931 2393 3017 pascit?

594 3046 816 3110 omnia
844 3045 1016 3109 enim
1045 3043 1283 3120 debet,
1304 3043 1570 3109 mortali
1598 3065 1885 3131 corpore
1917 3067 2090 3131 quae
2119 3055 2312 3121 sunt,

591 3162 847 3227 infinita
876 3168 1063 3225 aetas
1093 3181 1494 3246 consumpse
1524 3167 1683 3224 ante
1712 3168 1868 3225 acta
1897 3159 2176 3247 diesque
2195 3211 2210 3225 .

593 3276 782 3363 quod
809 3276 864 3340 si
892 3275 961 3339 in
992 3296 1072 3339 80
1104 3275 1323 3360 spatio
1355 3282 1561 3358 atque
1591 3282 1747 3337 ante
1777 3282 1929 3338 acta
1957 3283 2177 3338 aetate
2205 3275 2391 3340 fuero

592 3413 628 3454 e
660 3390 901 3476 quibus
928 3389 1098 3453 haec
1126 3408 1349 3453 rerum
1380 3388 1689 3451 consistit
1717 3408 1970 3451 summa
1995 3389 2280 3465 refecta,

590 3503 924 3568 inmortali
954 3510 1111 3567 sunt
1137 3511 1380 3567 natura
1407 3498 1717 3587 praedita
1745 3509 1929 3567 certe
1947 3552 1963 3579 ‚

589 3619 758 3683 haut
784 3618 988 3704 igitur
1015 3624 1307 3704 possunt
1335 3614 1426 3680 ad
1452 3615 1657 3679 nilum
1688 3637 1993 3703 quaeque
2022 3621 2304 3684 reverti.

591 3733 880 3820 denique
909 3754 1019 3797 res
1049 3732 1263 3796 omnis
1294 3730 1531 3795 eadem
1558 3732 1663 3796 vis
1693 3752 2030 3819 causaque
2058 3735 2261 3820 volgo

589 3848 950 3913 conficeret
966 3896 982 3923 ‚
1003 3847 1129 3911 nisi
1156 3846 1468 3911 materies
1497 3854 1772 3911 aeterna
1798 3855 2060 3913 teneret
2077 3898 2093 3925 ‚

587 3965 762 4029 inter
790 3984 865 4027 se
892 3984 1072 4027 nexu
1099 3962 1316 4026 minus
1345 3970 1463 4027 aut
1488 3964 1700 4049 magis
1727 3962 2157 4050 indupedita:

587 4085 809 4143 tactus
838 4078 1010 4141 enim
1049 4078 1165 4142 leti
1195 4078 1359 4142 satis
1399 4086 1579 4143 esset
1612 4099 1816 4143 causa
1844 4079 2187 4165 profecto;

589 4194 838 4280 quippe
856 4242 872 4269 ‚
893 4193 1008 4257 ubi
1035 4192 1218 4258 nulla
1246 4192 1472 4258 forent
1500 4201 1774 4258 aeterno
1807 4214 2096 4281 corpore
2115 4245 2130 4272 ‚
2153 4217 2436 4282 quorum

588 4436 686 4482 215
725 4427 974 4500 quicquid
1009 4430 1061 4482 in
1099 4430 1119 4496 ΙΙ
1158 4435 1254 4482 217
1294 4448 1323 4483 8
1358 4439 1621 4487 omissum.
1664 4430 1683 4495 ΙΙ
1722 4436 1820 4484 230
1858 4439 2178 4503 externaque
2216 4434 2235 4499 ΙΙ
2275 4439 2373 4486 240
2412 4450 2578 4486 nexus
