<?xml version="1.0" encoding="UTF-8"?>
<!DOCTYPE html PUBLIC "-//W3C//DTD XHTML 1.0 Transitional//EN"
    "http://www.w3.org/TR/xhtml1/DTD/xhtml1-transitional.dtd">
<html xmlns="http://www.w3.org/1999/xhtml" xml:lang="en" lang="en">
 <head>
  <title>
</title>
<meta http-equiv="Content-Type" content="text/html;charset=utf-8" />
  <meta name='ocr-system' content='tesseract 3.04.00' />
  <meta name='ocr-capabilities' content='ocr_page ocr_carea ocr_par ocr_line ocrx_word'/>
</head>
<body>
  <div class='ocr_page' id='page_1' title='image "./tlucreticarider04unkngoog_0067.png"; bbox 0 0 3042 5192; ppageno 0'>
   <div class='ocr_carea' id='block_1_1' title="bbox 1317 466 2459 538">
    <p class='ocr_par' dir='ltr' id='par_1_1' title="bbox 1317 466 2459 538">
     <span class='ocr_line' id='line_1_1' title="bbox 1317 466 2459 538; baseline 0.004 -5"><span class='ocrx_word' id='word_1_1' title='bbox 1317 466 1382 534; x_wconf 90' lang='lat'><strong>11</strong></span> <span class='ocrx_word' id='word_1_2' title='bbox 2371 471 2459 538; x_wconf 83' lang='lat'><strong>57</strong></span> 
     </span>
    </p>
   </div>
   <div class='ocr_carea' id='block_1_2' title="bbox 102 637 2306 4052">
    <p class='ocr_par' dir='ltr' id='par_1_2' title="bbox 103 637 1879 1185">
     <span class='ocr_line' id='line_1_2' title="bbox 103 637 1879 729; baseline -0.001 -24"><span class='ocrx_word' id='word_1_3' title='bbox 103 660 178 708; x_wconf 85' lang='grc'><strong>505</strong></span> <span class='ocrx_word' id='word_1_4' title='bbox 225 650 290 707; x_wconf 85' lang='lat' dir='ltr'><strong>et</strong></span> <span class='ocrx_word' id='word_1_5' title='bbox 316 660 577 729; x_wconf 82' lang='lat' dir='ltr'><strong>cycnea</strong></span> <span class='ocrx_word' id='word_1_6' title='bbox 602 639 782 704; x_wconf 90' lang='lat' dir='ltr'><strong>mele</strong></span> <span class='ocrx_word' id='word_1_7' title='bbox 812 637 1264 725; x_wconf 74' lang='lat' dir='ltr'><strong>Phoebeaque</strong></span> <span class='ocrx_word' id='word_1_8' title='bbox 1295 637 1581 705; x_wconf 86' lang='lat' dir='ltr'><strong>daedala</strong></span> <span class='ocrx_word' id='word_1_9' title='bbox 1608 638 1879 704; x_wconf 87' lang='lat' dir='ltr'><strong>chordis</strong></span> 
     </span>
     <span class='ocr_line' id='line_1_3' title="bbox 226 753 1858 842; baseline -0.002 -20"><span class='ocrx_word' id='word_1_10' title='bbox 226 755 515 822; x_wconf 87' lang='lat' dir='ltr'><strong>carmina</strong></span> <span class='ocrx_word' id='word_1_11' title='bbox 545 753 881 819; x_wconf 83' lang='lat' dir='ltr'>consimili</span> <span class='ocrx_word' id='word_1_12' title='bbox 906 753 1168 818; x_wconf 88' lang='lat' dir='ltr'><strong>ratione</strong></span> <span class='ocrx_word' id='word_1_13' title='bbox 1198 775 1527 842; x_wconf 89' lang='lat' dir='ltr'><strong>oppressa</strong></span> <span class='ocrx_word' id='word_1_14' title='bbox 1554 754 1858 819; x_wconf 86' lang='lat' dir='ltr'><strong>silerent:</strong></span> 
     </span>
     <span class='ocr_line' id='line_1_4' title="bbox 224 866 1851 956; baseline -0.001 -21"><span class='ocrx_word' id='word_1_15' title='bbox 224 891 512 956; x_wconf 87' lang='lat' dir='ltr'><strong>namque</strong></span> <span class='ocrx_word' id='word_1_16' title='bbox 544 869 696 934; x_wconf 84' lang='lat' dir='ltr'><strong>aliis</strong></span> <span class='ocrx_word' id='word_1_17' title='bbox 724 866 912 933; x_wconf 88' lang='lat' dir='ltr'><strong>aliud</strong></span> <span class='ocrx_word' id='word_1_18' title='bbox 935 869 1390 954; x_wconf 78' lang='lat' dir='ltr'><strong>praestantius</strong></span> <span class='ocrx_word' id='word_1_19' title='bbox 1422 877 1817 934; x_wconf 81' lang='lat' dir='ltr'><strong>exoreretur</strong></span> <span class='ocrx_word' id='word_1_20' title='bbox 1837 919 1851 933; x_wconf 89' lang='lat'><strong>.</strong></span> 
     </span>
     <span class='ocr_line' id='line_1_5' title="bbox 228 981 1688 1069; baseline -0.001 -19"><span class='ocrx_word' id='word_1_21' title='bbox 228 984 470 1050; x_wconf 81' lang='lat' dir='ltr'><strong>cedere</strong></span> <span class='ocrx_word' id='word_1_22' title='bbox 498 984 665 1048; x_wconf 89' lang='lat' dir='ltr'><strong>item</strong></span> <span class='ocrx_word' id='word_1_23' title='bbox 692 989 881 1048; x_wconf 87' lang='lat' dir='ltr'><strong>retro</strong></span> <span class='ocrx_word' id='word_1_24' title='bbox 908 990 1192 1069; x_wconf 80' lang='lat' dir='ltr'><strong>possent</strong></span> <span class='ocrx_word' id='word_1_25' title='bbox 1216 982 1287 1046; x_wconf 91' lang='lat' dir='ltr'><strong>in</strong></span> <span class='ocrx_word' id='word_1_26' title='bbox 1315 981 1688 1048; x_wconf 89' lang='lat' dir='ltr'><strong>deteriores</strong></span> 
     </span>
     <span class='ocr_line' id='line_1_6' title="bbox 228 1093 1725 1185; baseline -0.003 -21"><span class='ocrx_word' id='word_1_27' title='bbox 228 1099 449 1164; x_wconf 85' lang='lat' dir='ltr'><strong>omnia</strong></span> <span class='ocrx_word' id='word_1_28' title='bbox 477 1098 579 1162; x_wconf 89' lang='lat' dir='ltr'><strong>sic</strong></span> <span class='ocrx_word' id='word_1_29' title='bbox 608 1097 827 1185; x_wconf 87' lang='lat' dir='ltr'><strong>partis</strong></span> <span class='ocrx_word' id='word_1_30' title='bbox 844 1144 862 1173; x_wconf 89' lang='lat'>‚</span> <span class='ocrx_word' id='word_1_31' title='bbox 881 1103 960 1160; x_wconf 86' lang='lat' dir='ltr'><strong>ut</strong></span> <span class='ocrx_word' id='word_1_32' title='bbox 987 1093 1272 1160; x_wconf 76' lang='lat' dir='ltr'><strong>diximus</strong></span> <span class='ocrx_word' id='word_1_33' title='bbox 1298 1097 1371 1160; x_wconf 93' lang='lat' dir='ltr'><strong>in</strong></span> <span class='ocrx_word' id='word_1_34' title='bbox 1396 1097 1725 1162; x_wconf 89' lang='lat' dir='ltr'><strong>melioris:</strong></span> 
     </span>
    </p>

    <p class='ocr_par' dir='ltr' id='par_1_3' title="bbox 102 1190 2036 1754">
     <span class='ocr_line' id='line_1_7' title="bbox 102 1190 1942 1299; baseline 0.001 -23"><span class='ocrx_word' id='word_1_35' title='bbox 102 1231 182 1278; x_wconf 79' lang='grc'><strong>510</strong></span> <span class='ocrx_word' id='word_1_36' title='bbox 225 1234 515 1299; x_wconf 83' lang='lat' dir='ltr'><strong>namque</strong></span> <span class='ocrx_word' id='word_1_37' title='bbox 546 1212 694 1277; x_wconf 87' lang='lat' dir='ltr'><strong>aliis</strong></span> <span class='ocrx_word' id='word_1_38' title='bbox 723 1209 905 1276; x_wconf 85' lang='lat' dir='ltr'><strong>aliud</strong></span> <span class='ocrx_word' id='word_1_39' title='bbox 931 1218 1117 1275; x_wconf 87' lang='lat' dir='ltr'><strong>retro</strong></span> <span class='ocrx_word' id='word_1_40' title='bbox 1149 1230 1420 1297; x_wconf 83' lang='lat' dir='ltr'><strong>quoque</strong></span> <span class='ocrx_word' id='word_1_41' title='bbox 1448 1190 1731 1276; x_wconf 80' lang='lat' dir='ltr'><strong>taetrius</strong></span> <span class='ocrx_word' id='word_1_42' title='bbox 1761 1221 1942 1277; x_wconf 91' lang='lat' dir='ltr'><strong>esset</strong></span> 
     </span>
     <span class='ocr_line' id='line_1_8' title="bbox 230 1324 1878 1425; baseline -0.002 -33"><span class='ocrx_word' id='word_1_43' title='bbox 230 1328 508 1392; x_wconf 83' lang='lat' dir='ltr'><strong>naribus</strong></span> <span class='ocrx_word' id='word_1_44' title='bbox 539 1326 815 1391; x_wconf 84' lang='lat' dir='ltr'><strong>auribus</strong></span> <span class='ocrx_word' id='word_1_45' title='bbox 844 1332 1049 1410; x_wconf 87' lang='lat' dir='ltr'><strong>atque</strong></span> <span class='ocrx_word' id='word_1_46' title='bbox 1078 1324 1288 1389; x_wconf 90' lang='lat' dir='ltr'><strong>oculis</strong></span> <span class='ocrx_word' id='word_1_47' title='bbox 1317 1325 1590 1425; x_wconf 77' lang='lat' dir='ltr'><strong>orisque</strong></span> <span class='ocrx_word' id='word_1_48' title='bbox 1619 1326 1845 1411; x_wconf 90' lang='lat' dir='ltr'><strong>sapori</strong></span> <span class='ocrx_word' id='word_1_49' title='bbox 1863 1375 1878 1388; x_wconf 89' lang='lat'><strong>.</strong></span> 
     </span>
     <span class='ocr_line' id='line_1_9' title="bbox 234 1437 2036 1528; baseline -0.001 -21"><span class='ocrx_word' id='word_1_50' title='bbox 234 1463 407 1528; x_wconf 88' lang='lat' dir='ltr'><strong>quae</strong></span> <span class='ocrx_word' id='word_1_51' title='bbox 439 1440 759 1526; x_wconf 88' lang='lat' dir='ltr'><strong>quoniam</strong></span> <span class='ocrx_word' id='word_1_52' title='bbox 785 1459 925 1504; x_wconf 88' lang='lat' dir='ltr'><strong>non</strong></span> <span class='ocrx_word' id='word_1_53' title='bbox 952 1448 1111 1504; x_wconf 88' lang='lat' dir='ltr'><strong>sunt</strong></span> <span class='ocrx_word' id='word_1_54' title='bbox 1127 1488 1144 1515; x_wconf 89' lang='lat'>‚</span> <span class='ocrx_word' id='word_1_55' title='bbox 1168 1437 1294 1503; x_wconf 91' lang='lat' dir='ltr'><strong>sed</strong></span> <span class='ocrx_word' id='word_1_56' title='bbox 1320 1439 1523 1505; x_wconf 89' lang='lat' dir='ltr'><strong>rebus</strong></span> <span class='ocrx_word' id='word_1_57' title='bbox 1554 1439 1823 1504; x_wconf 88' lang='lat' dir='ltr'><strong>reddita</strong></span> <span class='ocrx_word' id='word_1_58' title='bbox 1851 1450 2036 1506; x_wconf 88' lang='lat' dir='ltr'><strong>certa</strong></span> 
     </span>
     <span class='ocr_line' id='line_1_10' title="bbox 232 1553 2002 1640; baseline -0.001 -20"><span class='ocrx_word' id='word_1_59' title='bbox 232 1556 382 1620; x_wconf 86' lang='lat' dir='ltr'><strong>finis</strong></span> <span class='ocrx_word' id='word_1_60' title='bbox 411 1555 753 1640; x_wconf 89' lang='lat' dir='ltr'><strong>utrimque</strong></span> <span class='ocrx_word' id='word_1_61' title='bbox 780 1562 966 1619; x_wconf 88' lang='lat' dir='ltr'><strong>tenet</strong></span> <span class='ocrx_word' id='word_1_62' title='bbox 994 1575 1315 1619; x_wconf 85' lang='lat' dir='ltr'><strong>summam</strong></span> <span class='ocrx_word' id='word_1_63' title='bbox 1334 1602 1350 1630; x_wconf 93' lang='lat'><strong>‚</strong></span> <span class='ocrx_word' id='word_1_64' title='bbox 1372 1553 1629 1619; x_wconf 80' lang='lat' dir='ltr'><strong>fateare</strong></span> <span class='ocrx_word' id='word_1_65' title='bbox 1657 1563 2002 1620; x_wconf 80' lang='lat' dir='ltr'><strong>necessest</strong></span> 
     </span>
     <span class='ocr_line' id='line_1_11' title="bbox 236 1666 1701 1754; baseline -0.003 -19"><span class='ocrx_word' id='word_1_66' title='bbox 236 1670 584 1735; x_wconf 83' lang='lat' dir='ltr'><strong>materiem</strong></span> <span class='ocrx_word' id='word_1_67' title='bbox 614 1689 886 1754; x_wconf 92' lang='lat' dir='ltr'><strong>quoque</strong></span> <span class='ocrx_word' id='word_1_68' title='bbox 911 1667 1114 1732; x_wconf 87' lang='lat' dir='ltr'><strong>finitis</strong></span> <span class='ocrx_word' id='word_1_69' title='bbox 1146 1666 1413 1733; x_wconf 87' lang='lat' dir='ltr'><strong>differre</strong></span> <span class='ocrx_word' id='word_1_70' title='bbox 1439 1668 1669 1754; x_wconf 85' lang='lat' dir='ltr'><strong>figuris</strong></span> <span class='ocrx_word' id='word_1_71' title='bbox 1687 1717 1701 1731; x_wconf 90' lang='lat'><strong>.</strong></span> 
     </span>
    </p>

    <p class='ocr_par' dir='ltr' id='par_1_4' title="bbox 107 1781 2050 2329">
     <span class='ocr_line' id='line_1_12' title="bbox 107 1781 2050 1870; baseline 0.001 -23"><span class='ocrx_word' id='word_1_72' title='bbox 107 1801 191 1847; x_wconf 86' lang='grc'><strong>515</strong></span> <span class='ocrx_word' id='word_1_73' title='bbox 242 1782 530 1870; x_wconf 90' lang='lat' dir='ltr'><strong>denique</strong></span> <span class='ocrx_word' id='word_1_74' title='bbox 560 1783 647 1848; x_wconf 88' lang='lat' dir='ltr'><strong>ab</strong></span> <span class='ocrx_word' id='word_1_75' title='bbox 675 1783 938 1870; x_wconf 86' lang='lat' dir='ltr'><strong>ignibus</strong></span> <span class='ocrx_word' id='word_1_76' title='bbox 967 1782 1059 1847; x_wconf 88' lang='lat' dir='ltr'><strong>ad</strong></span> <span class='ocrx_word' id='word_1_77' title='bbox 1084 1781 1344 1870; x_wconf 86' lang='lat' dir='ltr'><strong>gelidas</strong></span> <span class='ocrx_word' id='word_1_78' title='bbox 1372 1782 1502 1847; x_wconf 89' lang='lat' dir='ltr'><strong>iter</strong></span> <span class='ocrx_word' id='word_1_79' title='bbox 1531 1804 1747 1868; x_wconf 90' lang='lat' dir='ltr'><strong>usque</strong></span> <span class='ocrx_word' id='word_1_80' title='bbox 1774 1784 2050 1869; x_wconf 83' lang='lat' dir='ltr'><strong>pruinas</strong></span> 
     </span>
     <span class='ocr_line' id='line_1_13' title="bbox 243 1898 1889 1984; baseline -0.001 -20"><span class='ocrx_word' id='word_1_81' title='bbox 243 1899 573 1964; x_wconf 84' lang='lat' dir='ltr'><strong>finitumst</strong></span> <span class='ocrx_word' id='word_1_82' title='bbox 598 1906 923 1984; x_wconf 88' lang='lat' dir='ltr'><strong>retroque</strong></span> <span class='ocrx_word' id='word_1_83' title='bbox 949 1898 1097 1984; x_wconf 85' lang='lat' dir='ltr'><strong>pari</strong></span> <span class='ocrx_word' id='word_1_84' title='bbox 1123 1898 1387 1962; x_wconf 87' lang='lat' dir='ltr'><strong>ratione</strong></span> <span class='ocrx_word' id='word_1_85' title='bbox 1415 1906 1858 1962; x_wconf 88' lang='lat' dir='ltr'><strong>remensumst</strong></span> <span class='ocrx_word' id='word_1_86' title='bbox 1875 1949 1889 1962; x_wconf 89' lang='lat'><strong>.</strong></span> 
     </span>
     <span class='ocr_line' id='line_1_14' title="bbox 243 2011 1896 2098; baseline 0 -21"><span class='ocrx_word' id='word_1_87' title='bbox 243 2014 443 2078; x_wconf 86' lang='lat' dir='ltr'><strong>ambit</strong></span> <span class='ocrx_word' id='word_1_88' title='bbox 473 2014 649 2079; x_wconf 89' lang='lat' dir='ltr'><strong>enim</strong></span> <span class='ocrx_word' id='word_1_89' title='bbox 678 2013 862 2078; x_wconf 89' lang='lat' dir='ltr'><strong>calor</strong></span> <span class='ocrx_word' id='word_1_90' title='bbox 889 2034 969 2077; x_wconf 88' lang='lat' dir='ltr'><strong>ac</strong></span> <span class='ocrx_word' id='word_1_91' title='bbox 994 2011 1206 2098; x_wconf 82' lang='lat' dir='ltr'><strong>frigus</strong></span> <span class='ocrx_word' id='word_1_92' title='bbox 1223 2061 1240 2088; x_wconf 87' lang='lat'>‚</span> <span class='ocrx_word' id='word_1_93' title='bbox 1260 2011 1595 2098; x_wconf 90' lang='lat' dir='ltr'><strong>mediique</strong></span> <span class='ocrx_word' id='word_1_94' title='bbox 1622 2020 1896 2098; x_wconf 90' lang='lat' dir='ltr'><strong>tepores</strong></span> 
     </span>
     <span class='ocr_line' id='line_1_15' title="bbox 242 2125 1973 2214; baseline 0.001 -23"><span class='ocrx_word' id='word_1_95' title='bbox 242 2129 703 2214; x_wconf 77' lang='lat' dir='ltr'><strong>intel-utraque</strong></span> <span class='ocrx_word' id='word_1_96' title='bbox 730 2128 952 2192; x_wconf 87' lang='lat' dir='ltr'><strong>iacent</strong></span> <span class='ocrx_word' id='word_1_97' title='bbox 981 2126 1330 2213; x_wconf 82' lang='lat' dir='ltr'><strong>explentes</strong></span> <span class='ocrx_word' id='word_1_98' title='bbox 1360 2125 1596 2191; x_wconf 84' lang='lat' dir='ltr'><strong>ordine</strong></span> <span class='ocrx_word' id='word_1_99' title='bbox 1625 2149 1973 2192; x_wconf 85' lang='lat' dir='ltr'><strong>summam:</strong></span> 
     </span>
     <span class='ocr_line' id='line_1_16' title="bbox 243 2240 1480 2329; baseline -0.001 -21"><span class='ocrx_word' id='word_1_100' title='bbox 243 2264 400 2329; x_wconf 87' lang='lat' dir='ltr'><strong>ergo</strong></span> <span class='ocrx_word' id='word_1_101' title='bbox 428 2242 620 2307; x_wconf 87' lang='lat' dir='ltr'><strong>finita</strong></span> <span class='ocrx_word' id='word_1_102' title='bbox 648 2240 903 2307; x_wconf 88' lang='lat' dir='ltr'><strong>distant</strong></span> <span class='ocrx_word' id='word_1_103' title='bbox 927 2242 1188 2307; x_wconf 90' lang='lat' dir='ltr'><strong>ratione</strong></span> <span class='ocrx_word' id='word_1_104' title='bbox 1218 2250 1449 2307; x_wconf 87' lang='lat' dir='ltr'><strong>creata</strong></span> <span class='ocrx_word' id='word_1_105' title='bbox 1464 2292 1480 2319; x_wconf 90' lang='lat'>‚</span> 
     </span>
    </p>

    <p class='ocr_par' dir='ltr' id='par_1_5' title="bbox 109 2357 1919 2559">
     <span class='ocr_line' id='line_1_17' title="bbox 109 2357 1919 2444; baseline 0.003 -27"><span class='ocrx_word' id='word_1_106' title='bbox 109 2373 193 2420; x_wconf 79' lang='lat'><strong>520</strong></span> <span class='ocrx_word' id='word_1_107' title='bbox 235 2357 511 2444; x_wconf 84' lang='lat' dir='ltr'><strong>ancipiti</strong></span> <span class='ocrx_word' id='word_1_108' title='bbox 540 2357 853 2443; x_wconf 88' lang='lat' dir='ltr'><strong>quoniam</strong></span> <span class='ocrx_word' id='word_1_109' title='bbox 879 2357 1178 2423; x_wconf 89' lang='lat' dir='ltr'><strong>mucroni</strong></span> <span class='ocrx_word' id='word_1_110' title='bbox 1201 2358 1539 2443; x_wconf 90' lang='lat' dir='ltr'><strong>utrimque</strong></span> <span class='ocrx_word' id='word_1_111' title='bbox 1566 2364 1888 2423; x_wconf 83' lang='lat' dir='ltr'><strong>notantur</strong></span> <span class='ocrx_word' id='word_1_112' title='bbox 1904 2408 1919 2434; x_wconf 92' lang='lat'>‚</span> 
     </span>
     <span class='ocr_line' id='line_1_18' title="bbox 240 2469 1762 2559; baseline 0 -22"><span class='ocrx_word' id='word_1_113' title='bbox 240 2472 398 2537; x_wconf 89' lang='lat' dir='ltr'><strong>hinc</strong></span> <span class='ocrx_word' id='word_1_114' title='bbox 423 2471 706 2536; x_wconf 83' lang='lat' dir='ltr'><strong>flammis</strong></span> <span class='ocrx_word' id='word_1_115' title='bbox 733 2471 911 2536; x_wconf 91' lang='lat' dir='ltr'><strong>illinc</strong></span> <span class='ocrx_word' id='word_1_116' title='bbox 936 2469 1174 2557; x_wconf 84' lang='lat' dir='ltr'><strong>rigidis</strong></span> <span class='ocrx_word' id='word_1_117' title='bbox 1199 2471 1445 2537; x_wconf 78' lang='lat' dir='ltr'><strong>infesta</strong></span> <span class='ocrx_word' id='word_1_118' title='bbox 1472 2472 1730 2559; x_wconf 91' lang='lat' dir='ltr'><strong>pruinis</strong></span> <span class='ocrx_word' id='word_1_119' title='bbox 1748 2522 1762 2536; x_wconf 92' lang='lat'><strong>.</strong></span> 
     </span>
    </p>

    <p class='ocr_par' dir='ltr' id='par_1_6' title="bbox 249 2584 2306 2905">
     <span class='ocr_line' id='line_1_19' title="bbox 327 2584 2306 2675; baseline 0.001 -24"><span class='ocrx_word' id='word_1_120' title='bbox 327 2584 579 2672; x_wconf 85' lang='lat' dir='ltr'><strong>[Quod</strong></span> <span class='ocrx_word' id='word_1_121' title='bbox 608 2585 919 2672; x_wconf 83' lang='lat' dir='ltr'><strong>quoniam</strong></span> <span class='ocrx_word' id='word_1_122' title='bbox 948 2584 1180 2662; x_wconf 89' lang='lat' dir='ltr'><strong>docui,</strong></span> <span class='ocrx_word' id='word_1_123' title='bbox 1200 2608 1478 2674; x_wconf 82' lang='lat' dir='ltr'><strong>pergam</strong></span> <span class='ocrx_word' id='word_1_124' title='bbox 1506 2594 1863 2652; x_wconf 83' lang='lat' dir='ltr'><strong>conectere</strong></span> <span class='ocrx_word' id='word_1_125' title='bbox 1892 2609 2033 2653; x_wconf 89' lang='lat' dir='ltr'><strong>rem</strong></span> <span class='ocrx_word' id='word_1_126' title='bbox 2063 2610 2234 2675; x_wconf 89' lang='lat' dir='ltr'><strong>quae</strong></span> <span class='ocrx_word' id='word_1_127' title='bbox 2297 2662 2306 2669; x_wconf 45' lang='grc'>,</span> 
     </span>
     <span class='ocr_line' id='line_1_20' title="bbox 254 2698 1853 2787; baseline 0.001 -22"><span class='ocrx_word' id='word_1_128' title='bbox 254 2722 336 2766; x_wconf 79' lang='lat' dir='ltr'><strong>ex</strong></span> <span class='ocrx_word' id='word_1_129' title='bbox 358 2701 496 2765; x_wconf 87' lang='lat' dir='ltr'><strong>hoc</strong></span> <span class='ocrx_word' id='word_1_130' title='bbox 525 2708 689 2787; x_wconf 87' lang='lat' dir='ltr'><strong>apta</strong></span> <span class='ocrx_word' id='word_1_131' title='bbox 713 2698 914 2764; x_wconf 85' lang='lat' dir='ltr'><strong>fidem</strong></span> <span class='ocrx_word' id='word_1_132' title='bbox 944 2699 1180 2779; x_wconf 86' lang='lat' dir='ltr'><strong>ducat,</strong></span> <span class='ocrx_word' id='word_1_133' title='bbox 1201 2701 1569 2787; x_wconf 87' lang='lat' dir='ltr'><strong>primordia</strong></span> <span class='ocrx_word' id='word_1_134' title='bbox 1596 2724 1819 2767; x_wconf 89' lang='lat' dir='ltr'><strong>rerum</strong></span> <span class='ocrx_word' id='word_1_135' title='bbox 1836 2752 1853 2779; x_wconf 91' lang='lat'>‚</span> 
     </span>
     <span class='ocr_line' id='line_1_21' title="bbox 249 2814 1742 2905; baseline 0.003 -26"><span class='ocrx_word' id='word_1_136' title='bbox 249 2817 422 2881; x_wconf 89' lang='lat' dir='ltr'><strong>inter</strong></span> <span class='ocrx_word' id='word_1_137' title='bbox 451 2837 527 2880; x_wconf 89' lang='lat' dir='ltr'><strong>se</strong></span> <span class='ocrx_word' id='word_1_138' title='bbox 558 2814 749 2880; x_wconf 89' lang='lat' dir='ltr'><strong>simili</strong></span> <span class='ocrx_word' id='word_1_139' title='bbox 780 2836 954 2900; x_wconf 87' lang='lat' dir='ltr'><strong>quae</strong></span> <span class='ocrx_word' id='word_1_140' title='bbox 982 2824 1141 2880; x_wconf 90' lang='lat' dir='ltr'><strong>sunt</strong></span> <span class='ocrx_word' id='word_1_141' title='bbox 1165 2815 1470 2903; x_wconf 84' lang='lat' dir='ltr'><strong>perfecta</strong></span> <span class='ocrx_word' id='word_1_142' title='bbox 1494 2817 1709 2905; x_wconf 86' lang='lat' dir='ltr'><strong>figura</strong></span> <span class='ocrx_word' id='word_1_143' title='bbox 1726 2866 1742 2893; x_wconf 90' lang='lat'>‚</span> 
     </span>
    </p>

    <p class='ocr_par' dir='ltr' id='par_1_7' title="bbox 112 2929 1928 3363">
     <span class='ocr_line' id='line_1_22' title="bbox 112 2929 1699 2997; baseline 0.004 -6"><span class='ocrx_word' id='word_1_144' title='bbox 112 2946 199 2992; x_wconf 79' lang='lat'><strong>525</strong></span> <span class='ocrx_word' id='word_1_145' title='bbox 247 2930 504 2994; x_wconf 85' lang='lat' dir='ltr'><strong>infinita</strong></span> <span class='ocrx_word' id='word_1_146' title='bbox 529 2929 751 2994; x_wconf 89' lang='lat' dir='ltr'><strong>cluere</strong></span> <span class='ocrx_word' id='word_1_147' title='bbox 774 2979 788 2993; x_wconf 89' lang='lat'><strong>.</strong></span> <span class='ocrx_word' id='word_1_148' title='bbox 814 2930 1056 2994; x_wconf 90' lang='lat' dir='ltr'><strong>etenim</strong></span> <span class='ocrx_word' id='word_1_149' title='bbox 1086 2929 1402 2996; x_wconf 81' lang='lat' dir='ltr'><strong>distantia</strong></span> <span class='ocrx_word' id='word_1_150' title='bbox 1431 2954 1580 2997; x_wconf 90' lang='lat' dir='ltr'><strong>cum</strong></span> <span class='ocrx_word' id='word_1_151' title='bbox 1609 2935 1699 2997; x_wconf 87' lang='lat' dir='ltr'><strong>sit</strong></span> 
     </span>
     <span class='ocr_line' id='line_1_23' title="bbox 252 3043 1928 3133; baseline 0.001 -26"><span class='ocrx_word' id='word_1_152' title='bbox 252 3043 609 3108; x_wconf 79' lang='lat' dir='ltr'><strong>formarum</strong></span> <span class='ocrx_word' id='word_1_153' title='bbox 634 3044 853 3120; x_wconf 87' lang='lat' dir='ltr'><strong>finita,</strong></span> <span class='ocrx_word' id='word_1_154' title='bbox 875 3065 1152 3109; x_wconf 90' lang='lat' dir='ltr'><strong>necesse</strong></span> <span class='ocrx_word' id='word_1_155' title='bbox 1181 3055 1287 3110; x_wconf 89' lang='lat' dir='ltr'><strong>est</strong></span> <span class='ocrx_word' id='word_1_156' title='bbox 1315 3069 1487 3133; x_wconf 91' lang='lat' dir='ltr'><strong>quae</strong></span> <span class='ocrx_word' id='word_1_157' title='bbox 1517 3047 1761 3112; x_wconf 87' lang='lat' dir='ltr'><strong>similes</strong></span> <span class='ocrx_word' id='word_1_158' title='bbox 1792 3046 1928 3111; x_wconf 85' lang='lat' dir='ltr'><strong>sint</strong></span> 
     </span>
     <span class='ocr_line' id='line_1_24' title="bbox 254 3158 1567 3236; baseline 0.003 -14"><span class='ocrx_word' id='word_1_159' title='bbox 254 3180 404 3224; x_wconf 86' lang='lat' dir='ltr'><strong>esse</strong></span> <span class='ocrx_word' id='word_1_160' title='bbox 430 3158 721 3225; x_wconf 83' lang='lat' dir='ltr'><strong>infinitas</strong></span> <span class='ocrx_word' id='word_1_161' title='bbox 738 3208 755 3236; x_wconf 89' lang='lat'>‚</span> <span class='ocrx_word' id='word_1_162' title='bbox 778 3166 896 3224; x_wconf 89' lang='lat' dir='ltr'><strong>aut</strong></span> <span class='ocrx_word' id='word_1_163' title='bbox 924 3181 1242 3224; x_wconf 89' lang='lat' dir='ltr'><strong>summam</strong></span> <span class='ocrx_word' id='word_1_164' title='bbox 1268 3162 1567 3226; x_wconf 87' lang='lat' dir='ltr'><strong>materiai</strong></span> 
     </span>
     <span class='ocr_line' id='line_1_25' title="bbox 255 3273 1920 3363; baseline -0.001 -25"><span class='ocrx_word' id='word_1_165' title='bbox 255 3274 500 3339; x_wconf 82' lang='lat' dir='ltr'><strong>finitam</strong></span> <span class='ocrx_word' id='word_1_166' title='bbox 529 3281 845 3339; x_wconf 84' lang='lat' dir='ltr'><strong>constare</strong></span> <span class='ocrx_word' id='word_1_167' title='bbox 863 3322 879 3348; x_wconf 91' lang='lat'><strong>‚</strong></span> <span class='ocrx_word' id='word_1_168' title='bbox 899 3273 973 3337; x_wconf 92' lang='lat' dir='ltr'><strong>id</strong></span> <span class='ocrx_word' id='word_1_169' title='bbox 1003 3273 1189 3359; x_wconf 89' lang='lat' dir='ltr'><strong>quod</strong></span> <span class='ocrx_word' id='word_1_170' title='bbox 1217 3297 1356 3340; x_wconf 94' lang='lat' dir='ltr'><strong>non</strong></span> <span class='ocrx_word' id='word_1_171' title='bbox 1385 3298 1536 3341; x_wconf 90' lang='lat' dir='ltr'><strong>esse</strong></span> <span class='ocrx_word' id='word_1_172' title='bbox 1560 3276 1845 3363; x_wconf 86' lang='lat' dir='ltr'><strong>probavi</strong></span> <span class='ocrx_word' id='word_1_173' title='bbox 1864 3275 1920 3359; x_wconf 90' lang='grc'><strong>.]</strong></span> 
     </span>
    </p>

    <p class='ocr_par' dir='ltr' id='par_1_8' title="bbox 332 3387 1792 3477">
     <span class='ocr_line' id='line_1_26' title="bbox 332 3387 1792 3477; baseline 0.001 -24"><span class='ocrx_word' id='word_1_174' title='bbox 332 3389 654 3454; x_wconf 86' lang='lat' dir='ltr'><strong>Protinus</strong></span> <span class='ocrx_word' id='word_1_175' title='bbox 684 3387 1037 3469; x_wconf 80' lang='lat' dir='ltr'><strong>ostendam</strong></span> <span class='ocrx_word' id='word_1_176' title='bbox 1068 3391 1469 3477; x_wconf 88' lang='lat' dir='ltr'><strong>corpuscula</strong></span> <span class='ocrx_word' id='word_1_177' title='bbox 1494 3391 1792 3456; x_wconf 86' lang='lat' dir='ltr'><strong>materiai</strong></span> 
     </span>
    </p>

    <p class='ocr_par' dir='ltr' id='par_1_9' title="bbox 117 3504 2172 3936">
     <span class='ocr_line' id='line_1_27' title="bbox 117 3504 1766 3590; baseline 0.004 -26"><span class='ocrx_word' id='word_1_178' title='bbox 117 3519 207 3566; x_wconf 79' lang='grc'><strong>530</strong></span> <span class='ocrx_word' id='word_1_179' title='bbox 261 3525 340 3567; x_wconf 81' lang='lat' dir='ltr'><strong>ex</strong></span> <span class='ocrx_word' id='word_1_180' title='bbox 365 3504 628 3568; x_wconf 83' lang='lat' dir='ltr'><strong>infinito</strong></span> <span class='ocrx_word' id='word_1_181' title='bbox 659 3525 979 3569; x_wconf 89' lang='lat' dir='ltr'><strong>summam</strong></span> <span class='ocrx_word' id='word_1_182' title='bbox 1007 3525 1226 3568; x_wconf 89' lang='lat' dir='ltr'><strong>rerum</strong></span> <span class='ocrx_word' id='word_1_183' title='bbox 1253 3526 1469 3590; x_wconf 90' lang='lat' dir='ltr'><strong>usque</strong></span> <span class='ocrx_word' id='word_1_184' title='bbox 1497 3512 1731 3570; x_wconf 90' lang='lat' dir='ltr'><strong>tenere</strong></span> <span class='ocrx_word' id='word_1_185' title='bbox 1750 3556 1766 3581; x_wconf 89' lang='lat'>‚</span> 
     </span>
     <span class='ocr_line' id='line_1_28' title="bbox 256 3617 1672 3708; baseline 0.002 -26"><span class='ocrx_word' id='word_1_186' title='bbox 256 3617 551 3705; x_wconf 85' lang='lat' dir='ltr'><strong>undique</strong></span> <span class='ocrx_word' id='word_1_187' title='bbox 577 3619 844 3707; x_wconf 87' lang='lat' dir='ltr'><strong>protelo</strong></span> <span class='ocrx_word' id='word_1_188' title='bbox 874 3619 1221 3708; x_wconf 88' lang='lat' dir='ltr'><strong>plagarum</strong></span> <span class='ocrx_word' id='word_1_189' title='bbox 1248 3621 1638 3686; x_wconf 88' lang='lat' dir='ltr'><strong>continuato</strong></span> <span class='ocrx_word' id='word_1_190' title='bbox 1658 3671 1672 3685; x_wconf 89' lang='lat'><strong>.</strong></span> 
     </span>
     <span class='ocr_line' id='line_1_29' title="bbox 259 3733 2172 3823; baseline 0.002 -25"><span class='ocrx_word' id='word_1_191' title='bbox 259 3755 407 3798; x_wconf 86' lang='lat' dir='ltr'><strong>nam</strong></span> <span class='ocrx_word' id='word_1_192' title='bbox 438 3733 628 3820; x_wconf 92' lang='lat' dir='ltr'><strong>quod</strong></span> <span class='ocrx_word' id='word_1_193' title='bbox 653 3756 809 3799; x_wconf 88' lang='lat' dir='ltr'><strong>rara</strong></span> <span class='ocrx_word' id='word_1_194' title='bbox 834 3735 1027 3799; x_wconf 88' lang='lat' dir='ltr'><strong>vides</strong></span> <span class='ocrx_word' id='word_1_195' title='bbox 1054 3736 1265 3822; x_wconf 89' lang='lat' dir='ltr'><strong>magis</strong></span> <span class='ocrx_word' id='word_1_196' title='bbox 1295 3756 1444 3799; x_wconf 87' lang='lat' dir='ltr'><strong>esse</strong></span> <span class='ocrx_word' id='word_1_197' title='bbox 1474 3736 1780 3801; x_wconf 85' lang='lat' dir='ltr'><strong>animalia</strong></span> <span class='ocrx_word' id='word_1_198' title='bbox 1810 3736 2138 3823; x_wconf 89' lang='lat' dir='ltr'><strong>quaedam</strong></span> <span class='ocrx_word' id='word_1_199' title='bbox 2157 3786 2172 3811; x_wconf 89' lang='lat'>‚</span> 
     </span>
     <span class='ocr_line' id='line_1_30' title="bbox 259 3847 1857 3936; baseline 0.004 -25"><span class='ocrx_word' id='word_1_200' title='bbox 259 3847 743 3936; x_wconf 83' lang='lat' dir='ltr'><strong>fecundamque</strong></span> <span class='ocrx_word' id='word_1_201' title='bbox 769 3850 988 3915; x_wconf 89' lang='lat' dir='ltr'><strong>minus</strong></span> <span class='ocrx_word' id='word_1_202' title='bbox 1014 3857 1321 3915; x_wconf 85' lang='lat' dir='ltr'><strong>naturam</strong></span> <span class='ocrx_word' id='word_1_203' title='bbox 1352 3852 1571 3916; x_wconf 89' lang='lat' dir='ltr'><strong>cernis</strong></span> <span class='ocrx_word' id='word_1_204' title='bbox 1599 3853 1669 3916; x_wconf 91' lang='lat' dir='ltr'><strong>in</strong></span> <span class='ocrx_word' id='word_1_205' title='bbox 1695 3852 1823 3917; x_wconf 86' lang='lat' dir='ltr'><strong>illis</strong></span> <span class='ocrx_word' id='word_1_206' title='bbox 1842 3901 1857 3929; x_wconf 89' lang='lat'><strong>‚</strong></span> 
     </span>
    </p>

    <p class='ocr_par' dir='ltr' id='par_1_10' title="bbox 262 3965 1771 4052">
     <span class='ocr_line' id='line_1_31' title="bbox 262 3965 1771 4052; baseline 0.003 -25"><span class='ocrx_word' id='word_1_207' title='bbox 262 3974 329 4029; x_wconf 87' lang='lat' dir='ltr'><strong>at</strong></span> <span class='ocrx_word' id='word_1_208' title='bbox 353 3965 629 4052; x_wconf 87' lang='lat' dir='ltr'><strong>regione</strong></span> <span class='ocrx_word' id='word_1_209' title='bbox 657 3965 947 4051; x_wconf 91' lang='lat' dir='ltr'><strong>locoque</strong></span> <span class='ocrx_word' id='word_1_210' title='bbox 975 3966 1105 4030; x_wconf 92' lang='lat' dir='ltr'><strong>alio</strong></span> <span class='ocrx_word' id='word_1_211' title='bbox 1135 3965 1468 4052; x_wconf 88' lang='lat' dir='ltr'><strong>terrisque</strong></span> <span class='ocrx_word' id='word_1_212' title='bbox 1497 3968 1771 4032; x_wconf 90' lang='lat' dir='ltr'><strong>remotis</strong></span> 
     </span>
    </p>
   </div>
   <div class='ocr_carea' id='block_1_3' title="bbox 264 4181 627 4189">
    <p class='ocr_par' dir='ltr' id='par_1_11' title="bbox 264 4181 627 4189">
     <span class='ocr_line' id='line_1_32' title="bbox 264 4181 627 4189; baseline 0 1003"><span class='ocrx_word' id='word_1_213' title='bbox 264 4181 627 4189; x_wconf 95' lang='lat' dir='ltr'><strong> </strong></span> 
     </span>
    </p>
   </div>
   <div class='ocr_carea' id='block_1_4' title="bbox 266 4272 2487 4431">
    <p class='ocr_par' dir='ltr' id='par_1_12' title="bbox 266 4272 2487 4431">
     <span class='ocr_line' id='line_1_33' title="bbox 268 4272 2485 4348; baseline 0.001 -24"><span class='ocrx_word' id='word_1_214' title='bbox 268 4279 359 4325; x_wconf 82' lang='lat'><strong>512</strong></span> <span class='ocrx_word' id='word_1_215' title='bbox 394 4272 495 4327; x_wconf 83' lang='lat' dir='ltr'><strong>sed</strong></span> <span class='ocrx_word' id='word_1_216' title='bbox 518 4281 790 4328; x_wconf 63' lang='lat' dir='ltr'><strong>omissum.</strong></span> <span class='ocrx_word' id='word_1_217' title='bbox 832 4277 853 4346; x_wconf 82' lang='grc' dir='ltr'><strong>ΙΙ</strong></span> <span class='ocrx_word' id='word_1_218' title='bbox 890 4281 989 4327; x_wconf 83' lang='grc'><strong>514</strong></span> <span class='ocrx_word' id='word_1_219' title='bbox 1025 4276 1241 4330; x_wconf 86' lang='lat' dir='ltr'><strong>infinitis</strong></span> <span class='ocrx_word' id='word_1_220' title='bbox 1279 4276 1300 4347; x_wconf 88' lang='grc' dir='ltr'><strong>ΙΙ</strong></span> <span class='ocrx_word' id='word_1_221' title='bbox 1338 4282 1434 4328; x_wconf 89' lang='grc'><strong>515</strong></span> <span class='ocrx_word' id='word_1_222' title='bbox 1461 4275 1753 4345; x_wconf 84' lang='lat' dir='ltr'><strong>hiemisque</strong></span> <span class='ocrx_word' id='word_1_223' title='bbox 1789 4275 1810 4348; x_wconf 84' lang='grc' dir='ltr'><strong>ΙΙ</strong></span> <span class='ocrx_word' id='word_1_224' title='bbox 1847 4280 1944 4328; x_wconf 85' lang='grc'><strong>517</strong></span> <span class='ocrx_word' id='word_1_225' title='bbox 1983 4275 2171 4329; x_wconf 88' lang='lat' dir='ltr'><strong>Omnis</strong></span> <span class='ocrx_word' id='word_1_226' title='bbox 2208 4276 2230 4345; x_wconf 83' lang='grc' dir='ltr'><strong>ΙΙ</strong></span> <span class='ocrx_word' id='word_1_227' title='bbox 2267 4281 2366 4327; x_wconf 88' lang='grc'><strong>518</strong></span> <span class='ocrx_word' id='word_1_228' title='bbox 2397 4274 2485 4326; x_wconf 84' lang='lat' dir='ltr'><strong>In-</strong></span> 
     </span>
     <span class='ocr_line' id='line_1_34' title="bbox 266 4353 2487 4431; baseline 0.002 -25"><span class='ocrx_word' id='word_1_229' title='bbox 266 4366 342 4410; x_wconf 81' lang='lat' dir='ltr'><strong>ter</strong></span> <span class='ocrx_word' id='word_1_230' title='bbox 374 4364 632 4428; x_wconf 82' lang='lat' dir='ltr'><strong>utrasque</strong></span> <span class='ocrx_word' id='word_1_231' title='bbox 667 4353 690 4424; x_wconf 92' lang='grc' dir='ltr'><strong>ΙΙ</strong></span> <span class='ocrx_word' id='word_1_232' title='bbox 729 4362 829 4411; x_wconf 87' lang='grc'><strong>520</strong></span> <span class='ocrx_word' id='word_1_233' title='bbox 852 4358 1050 4430; x_wconf 86' lang='lat' dir='ltr'><strong>Ancipi</strong></span> <span class='ocrx_word' id='word_1_234' title='bbox 1085 4359 1107 4431; x_wconf 76' lang='grc' dir='ltr'><strong>ΙΙ</strong></span> <span class='ocrx_word' id='word_1_235' title='bbox 1145 4365 1240 4412; x_wconf 85' lang='grc'><strong>521</strong></span> <span class='ocrx_word' id='word_1_236' title='bbox 1276 4359 1386 4414; x_wconf 83' lang='grc' dir='ltr'><strong>Ηί11</strong></span> <span class='ocrx_word' id='word_1_237' title='bbox 1412 4360 1655 4430; x_wconf 82' lang='lat' dir='ltr'><strong>flammps</strong></span> <span class='ocrx_word' id='word_1_238' title='bbox 1693 4357 1714 4429; x_wconf 91' lang='grc' dir='ltr'><strong>ΙΙ</strong></span> <span class='ocrx_word' id='word_1_239' title='bbox 1752 4357 1951 4414; x_wconf 81' lang='lat' dir='ltr'><strong>infessa</strong></span> <span class='ocrx_word' id='word_1_240' title='bbox 1983 4355 2005 4428; x_wconf 91' lang='grc' dir='ltr'><strong>ΙΙ</strong></span> <span class='ocrx_word' id='word_1_241' title='bbox 2044 4364 2143 4412; x_wconf 82' lang='grc'><strong>529</strong></span> <span class='ocrx_word' id='word_1_242' title='bbox 2167 4358 2429 4414; x_wconf 81' lang='lat' dir='ltr'><strong>Versibus</strong></span> <span class='ocrx_word' id='word_1_243' title='bbox 2467 4354 2487 4425; x_wconf 82' lang='grc' dir='ltr'><strong>ΙΙ</strong></span> 
     </span>
    </p>
   </div>
   <div class='ocr_carea' id='block_1_5' title="bbox 266 4442 567 4511">
    <p class='ocr_par' dir='ltr' id='par_1_13' title="bbox 266 4442 567 4511">
     <span class='ocr_line' id='line_1_35' title="bbox 266 4442 567 4511; baseline 0.017 -21"><span class='ocrx_word' id='word_1_244' title='bbox 266 4445 355 4493; x_wconf 78' lang='grc'><strong>533</strong></span> <span class='ocrx_word' id='word_1_245' title='bbox 391 4442 567 4511; x_wconf 78' lang='lat' dir='ltr'><strong>magis</strong></span> 
     </span>
    </p>
   </div>
  </div>
 </body>
</html>
