3042 5192
576 478 619 543 6
1553 570 1560 581 .
1677 474 1709 543 1

574 648 805 735 religio
838 649 1099 735 peperit
1129 649 1463 714 scelerosa
1494 658 1699 735 atque
1727 648 1930 734 impia
1957 647 2160 713 facta.

572 763 813 829 Aulide
844 786 980 850 quo
1010 772 1213 849 pacto
1245 763 1498 828 Triviai
1526 765 1801 850 virginis
1830 784 2012 828 aram

447 898 510 942 85
577 879 992 966 Iphianassai
1021 886 1381 965 turparunt
1411 880 1733 965 sanguine
1763 878 1964 943 foede

577 993 895 1058 ductores
924 994 1230 1057 Danaum
1260 993 1538 1070 delecti,
1561 995 1775 1079 prima
1801 996 2096 1058 virorum
2112 1043 2125 1056 .

577 1109 683 1172 cui
713 1109 906 1172 simul
931 1107 1139 1171 infula
1166 1108 1506 1194 virgineos
1537 1109 1784 1172 circum
1813 1108 1972 1173 data
2003 1115 2312 1193 comptus

576 1245 660 1288 ex
689 1231 975 1308 utraque
1005 1224 1154 1308 pari
1182 1224 1505 1287 malarum
1533 1231 1728 1309 parte
1758 1223 2125 1310 profusast‚

578 1346 647 1402 et
674 1345 957 1401 mestum
987 1337 1179 1401 simul
1208 1345 1367 1401 ante
1396 1358 1550 1403 aras
1581 1337 1860 1403 adstare
1888 1347 2235 1425 parentem

450 1470 515 1516 9ο
584 1451 826 1527 sensit,
850 1460 919 1516 et
946 1451 1126 1515 hunc
1154 1459 1438 1537 propter
1465 1451 1718 1517 ferrum
1748 1454 1965 1517 celare
1995 1455 2363 1527 ministroS‚

578 1573 992 1652 aspectuque
1021 1587 1144 1630 suo
1175 1566 1481 1632 lacrimas
1509 1567 1851 1632 effundere
1883 1569 2076 1643 civis,

575 1690 761 1745 muta
786 1688 970 1744 metu
998 1689 1248 1745 terram
1275 1683 1557 1768 genibus
1586 1683 1937 1747 summissa
1963 1683 2276 1768 petebat:

579 1817 703 1860 nec
731 1796 1013 1860 miserae
1041 1795 1371 1882 prodesse
1400 1798 1469 1861 in
1493 1799 1611 1863 tali
1639 1806 1943 1884 tempore
1972 1798 2206 1884 quibat

580 1909 768 1996 quod
794 1912 1014 1998 patrio
1043 1912 1358 1999 princeps
1391 1911 1685 1978 donarat
1711 1913 1976 1977 nomine
2005 1934 2264 2000 regem:

450 2044 514 2089 95
577 2047 731 2089 nam
761 2025 1025 2091 sublata
1052 2027 1265 2091 virum
1291 2027 1597 2092 manibus
1626 2026 2184 2115 tremibundaque
2214 2028 2304 2093 ad
2333 2050 2485 2094 aras

579 2139 970 2217 deductast,
992 2163 1129 2205 non
1157 2149 1237 2206 ut
1265 2143 1569 2207 sollemni
1594 2165 1780 2208 more
1810 2164 2156 2208 sacrorum

577 2255 880 2343 perfecto
909 2266 1147 2342 posset
1175 2256 1357 2322 claro
1390 2259 1693 2324 comitari
1722 2259 2116 2347 Hymenaeo
2136 2310 2151 2335 ‚

580 2369 707 2436 sed
734 2380 923 2435 casta
948 2371 1203 2437 inceste
1220 2421 1236 2448 ‚
1257 2372 1557 2438 nubendi
1582 2382 1887 2461 tempore
1914 2375 1982 2438 in
2010 2375 2159 2460 ipso
2179 2424 2194 2449 ‚

579 2486 804 2550 hostia
833 2484 1218 2552 concideret
1244 2495 1538 2553 mactatu
1565 2497 1822 2554 maesta
1848 2490 2150 2575 parentis
2168 2538 2182 2565 ,

432 2618 524 2665 100
580 2601 801 2664 exitus
828 2608 906 2665 ut
935 2601 1130 2666 classi
1156 2601 1318 2666 felix
1344 2602 1744 2688 faustusque
1773 2602 2052 2668 daretur
2070 2653 2083 2666 .

576 2724 839 2781 tantum
866 2715 1097 2802 relig-io
1126 2717 1349 2802 potuit
1376 2716 1662 2781 suadere
1689 2717 2013 2781 malorum
2033 2766 2047 2780 .

664 2829 980 2895 Tutemet
1009 2852 1050 2895 a
1076 2831 1273 2895 nobis
1301 2831 1431 2895 iam
1461 2833 1702 2916 quovis
1734 2840 2040 2919 tempore
2065 2840 2296 2897 vatum

580 2946 962 3032 terriloquis
989 2947 1209 3010 vietus
1240 2944 1436 3010 dictis
1467 2943 1846 3011 desciscere
1877 2968 2190 3032 quaeres.

581 3061 828 3147 quippe
858 3061 1101 3125 etenim
1131 3081 1329 3147 quam
1357 3061 1567 3126 multa
1592 3062 1716 3125 tibi
1740 3062 1870 3125 iam
1897 3061 2148 3147 fingere
2179 3071 2466 3149 possunt

432 3195 522 3242 105
577 3177 833 3242 somnia
850 3224 866 3251 ‚
889 3197 1061 3262 quae
1090 3176 1269 3239 vitae
1295 3176 1596 3240 rationes
1623 3185 1888 3241 vertere
1917 3177 2184 3261 possint

580 3293 1024 3376 fortunasque
1052 3298 1204 3354 tuas
1235 3290 1449 3354 omnis
1478 3290 1755 3355 turbare
1783 3290 2055 3353 timore!

583 3414 653 3471 et
680 3405 952 3469 merito:
974 3424 1128 3468 nam
1158 3404 1214 3467 si
1245 3412 1495 3468 certam
1523 3402 1722 3467 finem
1752 3424 1900 3468 esse
1928 3402 2241 3469 viderent

582 3539 1045 3584 aerumnarum
1073 3518 1377 3583 homines
1395 3567 1411 3593 ‚
1435 3518 1659 3604 aliqua
1685 3519 1953 3582 ratione
1981 3519 2286 3584 valerent

581 3634 1011 3721 religionibus
1040 3641 1245 3719 atque
1272 3635 1466 3699 minis
1495 3634 1826 3697 obsistere
1853 3640 2116 3698 vatum:

432 3768 527 3815 110
578 3772 757 3815 nunc
783 3749 957 3814 ratio
986 3749 1169 3814 nulla
1198 3757 1301 3814 est
1329 3747 1632 3814 restandi
1650 3796 1666 3823 ‚
1686 3748 1869 3813 nulla
1895 3748 2181 3815 facultas
2199 3799 2215 3825 ‚

588 3874 899 3931 aeternas
931 3865 1244 3950 quoniam
1271 3884 1528 3950 poenas
1554 3864 1625 3927 in
1651 3872 1867 3929 morte
1896 3865 2355 3932 timendumst.

584 3982 934 4068 ignoratur
961 3980 1131 4044 enim
1165 4000 1338 4066 quae
1366 3980 1454 4045 sit
1481 3987 1725 4045 natura
1752 3981 2024 4057 animai,

582 4104 743 4160 nata
772 4095 892 4172 sit,
915 4116 1003 4159 an
1031 4102 1271 4160 contra
1296 4096 1729 4160 nascentibus
1757 4095 2128 4161 insinuetur
2147 4145 2162 4171 ‚

585 4218 653 4275 et
681 4210 874 4275 simul
899 4211 1188 4275 intereat
1221 4210 1567 4275 nobiscum
1595 4221 1813 4277 morte
1844 4211 2173 4297 dirempta
2191 4259 2206 4287 ,

587 4453 650 4499 84
688 4447 867 4500 triviat
905 4446 926 4515 ΙΙ
968 4454 1061 4502 102
1105 4447 1327 4519 ιμιοὼίε
1369 4449 1391 4517 ΙΙ
1429 4456 1526 4504 104
1562 4468 1810 4522 possum.
1850 4449 1870 4519 ΙΙ
1909 4455 1999 4502 111
2043 4446 2360 4503 timendum.
