<?xml version="1.0" encoding="UTF-8"?>
<!DOCTYPE html PUBLIC "-//W3C//DTD XHTML 1.0 Transitional//EN"
    "http://www.w3.org/TR/xhtml1/DTD/xhtml1-transitional.dtd">
<html xmlns="http://www.w3.org/1999/xhtml" xml:lang="en" lang="en">
 <head>
  <title>
</title>
<meta http-equiv="Content-Type" content="text/html;charset=utf-8" />
  <meta name='ocr-system' content='tesseract 3.04.00' />
  <meta name='ocr-capabilities' content='ocr_page ocr_carea ocr_par ocr_line ocrx_word'/>
</head>
<body>
  <div class='ocr_page' id='page_1' title='image "./tlucreticarider04unkngoog_0174.png"; bbox 0 0 3042 5192; ppageno 0'>
   <div class='ocr_carea' id='block_1_1' title="bbox 60 344 61 862">
    <p class='ocr_par' dir='ltr' id='par_1_1' title="bbox 60 344 61 862">
     <span class='ocr_line' id='line_1_1' title="bbox 60 344 61 862; baseline 0 0"><span class='ocrx_word' id='word_1_1' title='bbox 60 344 61 862; x_wconf 95' lang='lat' dir='ltr'> </span> 
     </span>
    </p>
   </div>
   <div class='ocr_carea' id='block_1_2' title="bbox 613 448 1771 522">
    <p class='ocr_par' dir='ltr' id='par_1_2' title="bbox 613 448 1771 522">
     <span class='ocr_line' id='line_1_2' title="bbox 613 448 1771 522; baseline -0.005 0"><span class='ocrx_word' id='word_1_2' title='bbox 613 453 749 522; x_wconf 87' lang='grc'>162</span> <span class='ocrx_word' id='word_1_3' title='bbox 1701 448 1771 516; x_wconf 88' lang='lat' dir='ltr'>V</span> 
     </span>
    </p>
   </div>
   <div class='ocr_carea' id='block_1_3' title="bbox 435 621 2492 4271">
    <p class='ocr_par' dir='ltr' id='par_1_3' title="bbox 602 621 2236 711">
     <span class='ocr_line' id='line_1_3' title="bbox 602 621 2236 711; baseline -0.002 -21"><span class='ocrx_word' id='word_1_4' title='bbox 602 625 788 690; x_wconf 86' lang='lat' dir='ltr'>haud</span> <span class='ocrx_word' id='word_1_5' title='bbox 816 626 1018 711; x_wconf 88' lang='lat' dir='ltr'>igitur</span> <span class='ocrx_word' id='word_1_6' title='bbox 1051 630 1369 687; x_wconf 83' lang='lat' dir='ltr'>constant</span> <span class='ocrx_word' id='word_1_7' title='bbox 1399 621 1625 687; x_wconf 87' lang='lat' dir='ltr'>divino</span> <span class='ocrx_word' id='word_1_8' title='bbox 1655 621 1967 710; x_wconf 83' lang='lat' dir='ltr'>praedita</span> <span class='ocrx_word' id='word_1_9' title='bbox 1996 643 2202 688; x_wconf 88' lang='lat' dir='ltr'>sensu</span> <span class='ocrx_word' id='word_1_10' title='bbox 2220 673 2236 698; x_wconf 86' lang='lat'>‚</span> 
     </span>
    </p>

    <p class='ocr_par' dir='ltr' id='par_1_4' title="bbox 452 736 2381 826">
     <span class='ocr_line' id='line_1_4' title="bbox 452 736 2381 826; baseline -0.003 -20"><span class='ocrx_word' id='word_1_11' title='bbox 452 761 544 806; x_wconf 82' lang='lat'>145</span> <span class='ocrx_word' id='word_1_12' title='bbox 602 737 1152 826; x_wconf 84' lang='lat' dir='ltr'>quandoquidem</span> <span class='ocrx_word' id='word_1_13' title='bbox 1179 745 1529 822; x_wconf 86' lang='lat' dir='ltr'>nequeunt</span> <span class='ocrx_word' id='word_1_14' title='bbox 1555 736 1847 802; x_wconf 75' lang='lat' dir='ltr'>vitaliter</span> <span class='ocrx_word' id='word_1_15' title='bbox 1877 758 2027 801; x_wconf 87' lang='lat' dir='ltr'>esse</span> <span class='ocrx_word' id='word_1_16' title='bbox 2058 738 2381 802; x_wconf 81' lang='lat' dir='ltr'>animata.</span> 
     </span>
    </p>

    <p class='ocr_par' dir='ltr' id='par_1_5' title="bbox 688 851 2276 937">
     <span class='ocr_line' id='line_1_5' title="bbox 688 851 2276 937; baseline -0.002 -18"><span class='ocrx_word' id='word_1_17' title='bbox 688 853 861 919; x_wconf 89' lang='lat' dir='ltr'>Illud</span> <span class='ocrx_word' id='word_1_18' title='bbox 889 854 1046 917; x_wconf 87' lang='lat' dir='ltr'>item</span> <span class='ocrx_word' id='word_1_19' title='bbox 1075 875 1215 916; x_wconf 93' lang='lat' dir='ltr'>non</span> <span class='ocrx_word' id='word_1_20' title='bbox 1245 859 1351 916; x_wconf 91' lang='lat' dir='ltr'>est</span> <span class='ocrx_word' id='word_1_21' title='bbox 1379 860 1458 916; x_wconf 91' lang='lat' dir='ltr'>ut</span> <span class='ocrx_word' id='word_1_22' title='bbox 1487 852 1710 937; x_wconf 85' lang='lat' dir='ltr'>possis</span> <span class='ocrx_word' id='word_1_23' title='bbox 1742 851 2018 916; x_wconf 90' lang='lat' dir='ltr'>credere</span> <span class='ocrx_word' id='word_1_24' title='bbox 2036 902 2052 928; x_wconf 95' lang='lat'><strong>‚</strong></span> <span class='ocrx_word' id='word_1_25' title='bbox 2074 851 2276 917; x_wconf 85' lang='lat' dir='ltr'>sedes</span> 
     </span>
    </p>

    <p class='ocr_par' dir='ltr' id='par_1_6' title="bbox 604 966 2270 1273">
     <span class='ocr_line' id='line_1_6' title="bbox 607 966 2185 1052; baseline -0.002 -19"><span class='ocrx_word' id='word_1_26' title='bbox 607 991 755 1034; x_wconf 88' lang='lat' dir='ltr'>esse</span> <span class='ocrx_word' id='word_1_27' title='bbox 788 968 984 1032; x_wconf 88' lang='lat' dir='ltr'>deum</span> <span class='ocrx_word' id='word_1_28' title='bbox 1012 975 1281 1032; x_wconf 86' lang='lat' dir='ltr'>sanctas</span> <span class='ocrx_word' id='word_1_29' title='bbox 1310 968 1379 1030; x_wconf 91' lang='lat' dir='ltr'>in</span> <span class='ocrx_word' id='word_1_30' title='bbox 1406 966 1639 1030; x_wconf 89' lang='lat' dir='ltr'>mundi</span> <span class='ocrx_word' id='word_1_31' title='bbox 1667 967 1972 1052; x_wconf 86' lang='lat' dir='ltr'>partibus</span> <span class='ocrx_word' id='word_1_32' title='bbox 1999 967 2151 1030; x_wconf 89' lang='lat' dir='ltr'>ullis</span> <span class='ocrx_word' id='word_1_33' title='bbox 2171 1017 2185 1030; x_wconf 89' lang='lat'><strong>.</strong></span> 
     </span>
     <span class='ocr_line' id='line_1_7' title="bbox 604 1081 2176 1169; baseline -0.003 -20"><span class='ocrx_word' id='word_1_34' title='bbox 604 1085 822 1149; x_wconf 86' lang='lat' dir='ltr'>tenvis</span> <span class='ocrx_word' id='word_1_35' title='bbox 854 1084 1025 1146; x_wconf 89' lang='lat' dir='ltr'>enim</span> <span class='ocrx_word' id='word_1_36' title='bbox 1052 1090 1295 1147; x_wconf 86' lang='lat' dir='ltr'>natura</span> <span class='ocrx_word' id='word_1_37' title='bbox 1324 1081 1524 1145; x_wconf 89' lang='lat' dir='ltr'>deum</span> <span class='ocrx_word' id='word_1_38' title='bbox 1550 1082 1886 1169; x_wconf 80' lang='lat' dir='ltr'>longeque</span> <span class='ocrx_word' id='word_1_39' title='bbox 1914 1089 2176 1146; x_wconf 86' lang='lat' dir='ltr'>remota</span> 
     </span>
     <span class='ocr_line' id='line_1_8' title="bbox 608 1195 2270 1273; baseline -0.001 -11"><span class='ocrx_word' id='word_1_40' title='bbox 608 1199 915 1264; x_wconf 77' lang='lat' dir='ltr'>sensibus</span> <span class='ocrx_word' id='word_1_41' title='bbox 949 1198 1034 1262; x_wconf 88' lang='lat' dir='ltr'>ab</span> <span class='ocrx_word' id='word_1_42' title='bbox 1063 1198 1317 1262; x_wconf 88' lang='lat' dir='ltr'>nostris</span> <span class='ocrx_word' id='word_1_43' title='bbox 1348 1197 1547 1260; x_wconf 90' lang='lat' dir='ltr'>animi</span> <span class='ocrx_word' id='word_1_44' title='bbox 1573 1197 1689 1262; x_wconf 80' lang='lat' dir='ltr'>vix</span> <span class='ocrx_word' id='word_1_45' title='bbox 1716 1204 1938 1261; x_wconf 90' lang='lat' dir='ltr'>mente</span> <span class='ocrx_word' id='word_1_46' title='bbox 1966 1195 2270 1273; x_wconf 61' lang='lat' dir='ltr'>videtum</span> 
     </span>
    </p>

    <p class='ocr_par' dir='ltr' id='par_1_7' title="bbox 452 1311 2486 1858">
     <span class='ocr_line' id='line_1_9' title="bbox 452 1311 2411 1399; baseline -0.002 -21"><span class='ocrx_word' id='word_1_47' title='bbox 452 1332 546 1378; x_wconf 82' lang='lat'>150</span> <span class='ocrx_word' id='word_1_48' title='bbox 603 1335 774 1399; x_wconf 89' lang='lat' dir='ltr'>quae</span> <span class='ocrx_word' id='word_1_49' title='bbox 808 1314 1120 1398; x_wconf 89' lang='lat' dir='ltr'>quoniam</span> <span class='ocrx_word' id='word_1_50' title='bbox 1147 1332 1460 1374; x_wconf 87' lang='lat' dir='ltr'>manuum</span> <span class='ocrx_word' id='word_1_51' title='bbox 1490 1319 1743 1376; x_wconf 88' lang='lat' dir='ltr'>tactum</span> <span class='ocrx_word' id='word_1_52' title='bbox 1772 1311 2046 1397; x_wconf 86' lang='lat' dir='ltr'>suffugit</span> <span class='ocrx_word' id='word_1_53' title='bbox 2075 1320 2147 1375; x_wconf 85' lang='lat' dir='ltr'>et</span> <span class='ocrx_word' id='word_1_54' title='bbox 2173 1312 2376 1375; x_wconf 88' lang='lat' dir='ltr'>ictum</span> <span class='ocrx_word' id='word_1_55' title='bbox 2396 1362 2411 1386; x_wconf 86' lang='lat'><strong>‚</strong></span> 
     </span>
     <span class='ocr_line' id='line_1_10' title="bbox 602 1424 2197 1512; baseline -0.002 -19"><span class='ocrx_word' id='word_1_56' title='bbox 602 1428 829 1493; x_wconf 87' lang='lat' dir='ltr'>tactile</span> <span class='ocrx_word' id='word_1_57' title='bbox 858 1426 952 1490; x_wconf 94' lang='lat' dir='ltr'>nil</span> <span class='ocrx_word' id='word_1_58' title='bbox 977 1427 1174 1490; x_wconf 89' lang='lat' dir='ltr'>nobis</span> <span class='ocrx_word' id='word_1_59' title='bbox 1206 1424 1393 1511; x_wconf 87' lang='lat' dir='ltr'>quod</span> <span class='ocrx_word' id='word_1_60' title='bbox 1422 1426 1511 1490; x_wconf 89' lang='lat' dir='ltr'>sit</span> <span class='ocrx_word' id='word_1_61' title='bbox 1540 1427 1930 1512; x_wconf 87' lang='lat' dir='ltr'>contingere</span> <span class='ocrx_word' id='word_1_62' title='bbox 1961 1425 2197 1490; x_wconf 88' lang='lat' dir='ltr'>debet:</span> 
     </span>
     <span class='ocr_line' id='line_1_11' title="bbox 604 1540 2486 1629; baseline -0.002 -22"><span class='ocrx_word' id='word_1_63' title='bbox 604 1552 880 1629; x_wconf 82' lang='lat' dir='ltr'>tangere</span> <span class='ocrx_word' id='word_1_64' title='bbox 913 1542 1084 1605; x_wconf 91' lang='lat' dir='ltr'>enim</span> <span class='ocrx_word' id='word_1_65' title='bbox 1110 1563 1248 1604; x_wconf 94' lang='lat' dir='ltr'>non</span> <span class='ocrx_word' id='word_1_66' title='bbox 1281 1541 1428 1625; x_wconf 85' lang='lat' dir='ltr'>quit</span> <span class='ocrx_word' id='word_1_67' title='bbox 1456 1540 1643 1626; x_wconf 90' lang='lat' dir='ltr'>quod</span> <span class='ocrx_word' id='word_1_68' title='bbox 1671 1543 1858 1628; x_wconf 85' lang='lat' dir='ltr'>tangi</span> <span class='ocrx_word' id='word_1_69' title='bbox 1885 1563 2025 1605; x_wconf 94' lang='lat' dir='ltr'>non</span> <span class='ocrx_word' id='word_1_70' title='bbox 2051 1541 2210 1605; x_wconf 86' lang='lat' dir='ltr'>licet</span> <span class='ocrx_word' id='word_1_71' title='bbox 2233 1542 2486 1627; x_wconf 89' lang='lat' dir='ltr'>ipsum.</span> 
     </span>
     <span class='ocr_line' id='line_1_12' title="bbox 604 1655 2335 1744; baseline -0.002 -22"><span class='ocrx_word' id='word_1_72' title='bbox 604 1679 812 1744; x_wconf 89' lang='lat' dir='ltr'>quare</span> <span class='ocrx_word' id='word_1_73' title='bbox 844 1657 1039 1720; x_wconf 84' lang='lat' dir='ltr'>etiam</span> <span class='ocrx_word' id='word_1_74' title='bbox 1070 1655 1268 1720; x_wconf 86' lang='lat' dir='ltr'>sedes</span> <span class='ocrx_word' id='word_1_75' title='bbox 1299 1677 1571 1741; x_wconf 87' lang='lat' dir='ltr'>quoque</span> <span class='ocrx_word' id='word_1_76' title='bbox 1599 1657 1852 1720; x_wconf 85' lang='lat' dir='ltr'>nostris</span> <span class='ocrx_word' id='word_1_77' title='bbox 1882 1655 2155 1720; x_wconf 90' lang='lat' dir='ltr'>sedibus</span> <span class='ocrx_word' id='word_1_78' title='bbox 2188 1677 2335 1721; x_wconf 88' lang='lat' dir='ltr'>esse</span> 
     </span>
     <span class='ocr_line' id='line_1_13' title="bbox 602 1770 2252 1858; baseline 0.001 -23"><span class='ocrx_word' id='word_1_79' title='bbox 602 1772 953 1836; x_wconf 80' lang='lat' dir='ltr'>dissimiles</span> <span class='ocrx_word' id='word_1_80' title='bbox 984 1770 1234 1835; x_wconf 90' lang='lat' dir='ltr'>debent</span> <span class='ocrx_word' id='word_1_81' title='bbox 1252 1820 1267 1846; x_wconf 93' lang='lat'>‚</span> <span class='ocrx_word' id='word_1_82' title='bbox 1290 1778 1562 1836; x_wconf 83' lang='lat' dir='ltr'>tenuest</span> <span class='ocrx_word' id='word_1_83' title='bbox 1591 1772 1646 1835; x_wconf 91' lang='lat' dir='ltr'>si</span> <span class='ocrx_word' id='word_1_84' title='bbox 1677 1773 1905 1858; x_wconf 88' lang='lat' dir='ltr'>corpu’</span> <span class='ocrx_word' id='word_1_85' title='bbox 1937 1770 2252 1848; x_wconf 79' lang='lat' dir='ltr'>deorum3</span> 
     </span>
    </p>

    <p class='ocr_par' dir='ltr' id='par_1_8' title="bbox 448 1875 2315 2433">
     <span class='ocr_line' id='line_1_14' title="bbox 448 1875 2219 1974; baseline -0.001 -23"><span class='ocrx_word' id='word_1_86' title='bbox 448 1875 540 1952; x_wconf 35' lang='lat'>15‘5</span> <span class='ocrx_word' id='word_1_87' title='bbox 597 1908 769 1974; x_wconf 86' lang='lat' dir='ltr'>quae</span> <span class='ocrx_word' id='word_1_88' title='bbox 799 1887 919 1952; x_wconf 87' lang='lat' dir='ltr'>tibi</span> <span class='ocrx_word' id='word_1_89' title='bbox 947 1887 1287 1973; x_wconf 75' lang='lat' dir='ltr'>posterius</span> <span class='ocrx_word' id='word_1_90' title='bbox 1317 1886 1506 1972; x_wconf 85' lang='lat' dir='ltr'>largo</span> <span class='ocrx_word' id='word_1_91' title='bbox 1540 1907 1847 1950; x_wconf 84' lang='lat' dir='ltr'>sermone</span> <span class='ocrx_word' id='word_1_92' title='bbox 1877 1887 2184 1972; x_wconf 83' lang='lat' dir='ltr'>probabo</span> <span class='ocrx_word' id='word_1_93' title='bbox 2205 1936 2219 1949; x_wconf 92' lang='lat'><strong>.</strong></span> 
     </span>
     <span class='ocr_line' id='line_1_15' title="bbox 603 2001 2261 2089; baseline -0.001 -23"><span class='ocrx_word' id='word_1_94' title='bbox 603 2002 825 2066; x_wconf 86' lang='lat' dir='ltr'>dicere</span> <span class='ocrx_word' id='word_1_95' title='bbox 853 2023 1062 2087; x_wconf 90' lang='lat' dir='ltr'>porro</span> <span class='ocrx_word' id='word_1_96' title='bbox 1091 2001 1433 2065; x_wconf 91' lang='lat' dir='ltr'>hominum</span> <span class='ocrx_word' id='word_1_97' title='bbox 1462 2022 1668 2066; x_wconf 88' lang='grc'>881188</span> <span class='ocrx_word' id='word_1_98' title='bbox 1695 2002 1989 2066; x_wconf 85' lang='lat' dir='ltr'>voluisse</span> <span class='ocrx_word' id='word_1_99' title='bbox 2018 2022 2261 2089; x_wconf 84' lang='lat' dir='ltr'>parare</span> 
     </span>
     <span class='ocr_line' id='line_1_16' title="bbox 599 2115 2166 2204; baseline -0.001 -22"><span class='ocrx_word' id='word_1_100' title='bbox 599 2117 1014 2204; x_wconf 88' lang='lat' dir='ltr'>praeclaram</span> <span class='ocrx_word' id='word_1_101' title='bbox 1042 2115 1272 2179; x_wconf 89' lang='lat' dir='ltr'>mundi</span> <span class='ocrx_word' id='word_1_102' title='bbox 1301 2124 1610 2180; x_wconf 87' lang='lat' dir='ltr'>naturam</span> <span class='ocrx_word' id='word_1_103' title='bbox 1628 2167 1644 2192; x_wconf 82' lang='lat'>‚</span> <span class='ocrx_word' id='word_1_104' title='bbox 1665 2125 2166 2202; x_wconf 81' lang='lat' dir='ltr'>proptereaque</span> 
     </span>
     <span class='ocr_line' id='line_1_17' title="bbox 599 2230 2052 2316; baseline -0.001 -20"><span class='ocrx_word' id='word_1_105' title='bbox 599 2230 1021 2296; x_wconf 83' lang='lat' dir='ltr'>adlaudabile</span> <span class='ocrx_word' id='word_1_106' title='bbox 1050 2253 1222 2316; x_wconf 90' lang='lat' dir='ltr'>opus</span> <span class='ocrx_word' id='word_1_107' title='bbox 1253 2230 1478 2296; x_wconf 85' lang='lat' dir='ltr'>divom</span> <span class='ocrx_word' id='word_1_108' title='bbox 1504 2231 1782 2297; x_wconf 86' lang='lat' dir='ltr'>laudare</span> <span class='ocrx_word' id='word_1_109' title='bbox 1812 2231 2052 2295; x_wconf 81' lang='lat' dir='ltr'>decere</span> 
     </span>
     <span class='ocr_line' id='line_1_18' title="bbox 598 2345 2315 2433; baseline -0.001 -21"><span class='ocrx_word' id='word_1_110' title='bbox 598 2356 1075 2432; x_wconf 88' lang='lat' dir='ltr'>aeternumque</span> <span class='ocrx_word' id='word_1_111' title='bbox 1104 2355 1343 2432; x_wconf 88' lang='lat' dir='ltr'>putare</span> <span class='ocrx_word' id='word_1_112' title='bbox 1372 2355 1577 2433; x_wconf 89' lang='lat' dir='ltr'>atque</span> <span class='ocrx_word' id='word_1_113' title='bbox 1605 2347 1956 2411; x_wconf 73' lang='lat' dir='ltr'>inmortale</span> <span class='ocrx_word' id='word_1_114' title='bbox 1982 2345 2280 2410; x_wconf 85' lang='lat' dir='ltr'>futurum</span> <span class='ocrx_word' id='word_1_115' title='bbox 2300 2395 2315 2420; x_wconf 88' lang='lat'>‚</span> 
     </span>
    </p>

    <p class='ocr_par' dir='ltr' id='par_1_9' title="bbox 443 2460 2492 3007">
     <span class='ocr_line' id='line_1_19' title="bbox 443 2460 2211 2546; baseline 0.001 -21"><span class='ocrx_word' id='word_1_116' title='bbox 443 2479 538 2526; x_wconf 79' lang='grc'>160</span> <span class='ocrx_word' id='word_1_117' title='bbox 594 2484 721 2526; x_wconf 90' lang='grc'>1188</span> <span class='ocrx_word' id='word_1_118' title='bbox 749 2461 853 2525; x_wconf 86' lang='lat' dir='ltr'>fas</span> <span class='ocrx_word' id='word_1_119' title='bbox 885 2483 1034 2526; x_wconf 86' lang='lat' dir='ltr'>esse</span> <span class='ocrx_word' id='word_1_120' title='bbox 1053 2511 1068 2538; x_wconf 87' lang='lat'>‚</span> <span class='ocrx_word' id='word_1_121' title='bbox 1094 2461 1291 2525; x_wconf 89' lang='lat' dir='ltr'>deum</span> <span class='ocrx_word' id='word_1_122' title='bbox 1319 2460 1508 2546; x_wconf 89' lang='lat' dir='ltr'>quod</span> <span class='ocrx_word' id='word_1_123' title='bbox 1538 2462 1626 2526; x_wconf 90' lang='lat' dir='ltr'>sit</span> <span class='ocrx_word' id='word_1_124' title='bbox 1651 2462 1912 2525; x_wconf 87' lang='lat' dir='ltr'>ratione</span> <span class='ocrx_word' id='word_1_125' title='bbox 1940 2469 2211 2526; x_wconf 82' lang='lat' dir='ltr'>vetusta</span> 
     </span>
     <span class='ocr_line' id='line_1_20' title="bbox 591 2574 2218 2662; baseline 0.001 -23"><span class='ocrx_word' id='word_1_126' title='bbox 591 2577 903 2662; x_wconf 87' lang='lat' dir='ltr'>gentibus</span> <span class='ocrx_word' id='word_1_127' title='bbox 931 2576 1237 2640; x_wconf 87' lang='lat' dir='ltr'>humanis</span> <span class='ocrx_word' id='word_1_128' title='bbox 1263 2574 1620 2640; x_wconf 84' lang='lat' dir='ltr'>fundatum</span> <span class='ocrx_word' id='word_1_129' title='bbox 1646 2584 1980 2661; x_wconf 86' lang='lat' dir='ltr'>perpetuo</span> <span class='ocrx_word' id='word_1_130' title='bbox 2012 2597 2181 2641; x_wconf 85' lang='lat' dir='ltr'>aevo</span> <span class='ocrx_word' id='word_1_131' title='bbox 2201 2625 2218 2650; x_wconf 86' lang='lat'>‚</span> 
     </span>
     <span class='ocr_line' id='line_1_21' title="bbox 593 2690 2176 2774; baseline 0 -20"><span class='ocrx_word' id='word_1_132' title='bbox 593 2690 951 2754; x_wconf 88' lang='lat' dir='ltr'>sollicitare</span> <span class='ocrx_word' id='word_1_133' title='bbox 982 2692 1122 2755; x_wconf 92' lang='lat' dir='ltr'>suis</span> <span class='ocrx_word' id='word_1_134' title='bbox 1150 2692 1284 2755; x_wconf 90' lang='lat' dir='ltr'>ulla</span> <span class='ocrx_word' id='word_1_135' title='bbox 1311 2692 1377 2756; x_wconf 76' lang='lat' dir='ltr'>vi</span> <span class='ocrx_word' id='word_1_136' title='bbox 1410 2712 1494 2754; x_wconf 84' lang='lat' dir='ltr'>ex</span> <span class='ocrx_word' id='word_1_137' title='bbox 1526 2690 1798 2756; x_wconf 88' lang='lat' dir='ltr'>sedibus</span> <span class='ocrx_word' id='word_1_138' title='bbox 1827 2712 2140 2774; x_wconf 90' lang='lat' dir='ltr'>umquam</span> <span class='ocrx_word' id='word_1_139' title='bbox 2159 2739 2176 2766; x_wconf 90' lang='lat'>‚</span> 
     </span>
     <span class='ocr_line' id='line_1_22' title="bbox 594 2806 2275 2880; baseline 0 -12"><span class='ocrx_word' id='word_1_140' title='bbox 594 2826 720 2868; x_wconf 91' lang='lat' dir='ltr'>nec</span> <span class='ocrx_word' id='word_1_141' title='bbox 749 2806 973 2870; x_wconf 89' lang='lat' dir='ltr'>verbis</span> <span class='ocrx_word' id='word_1_142' title='bbox 1004 2827 1249 2870; x_wconf 81' lang='lat' dir='ltr'>vexare</span> <span class='ocrx_word' id='word_1_143' title='bbox 1280 2813 1349 2870; x_wconf 88' lang='lat' dir='ltr'>et</span> <span class='ocrx_word' id='word_1_144' title='bbox 1378 2806 1463 2869; x_wconf 94' lang='lat' dir='ltr'>ab</span> <span class='ocrx_word' id='word_1_145' title='bbox 1491 2806 1625 2869; x_wconf 87' lang='lat' dir='ltr'>imo</span> <span class='ocrx_word' id='word_1_146' title='bbox 1658 2813 1960 2871; x_wconf 82' lang='lat' dir='ltr'>evertere</span> <span class='ocrx_word' id='word_1_147' title='bbox 1990 2827 2275 2880; x_wconf 87' lang='grc'>8111111118,</span> 
     </span>
     <span class='ocr_line' id='line_1_23' title="bbox 598 2918 2492 3007; baseline -0.001 -23"><span class='ocrx_word' id='word_1_148' title='bbox 598 2927 825 2984; x_wconf 87' lang='lat' dir='ltr'>cetera</span> <span class='ocrx_word' id='word_1_149' title='bbox 856 2919 940 2984; x_wconf 90' lang='lat' dir='ltr'>de</span> <span class='ocrx_word' id='word_1_150' title='bbox 970 2941 1216 3007; x_wconf 86' lang='lat' dir='ltr'>genere</span> <span class='ocrx_word' id='word_1_151' title='bbox 1246 2920 1380 2984; x_wconf 90' lang='lat' dir='ltr'>hoc</span> <span class='ocrx_word' id='word_1_152' title='bbox 1409 2919 1751 3006; x_wconf 86' lang='lat' dir='ltr'>adfingere</span> <span class='ocrx_word' id='word_1_153' title='bbox 1781 2927 1853 2983; x_wconf 88' lang='lat' dir='ltr'>et</span> <span class='ocrx_word' id='word_1_154' title='bbox 1879 2918 2133 2983; x_wconf 83' lang='lat' dir='ltr'>addere</span> <span class='ocrx_word' id='word_1_155' title='bbox 2151 2970 2166 2995; x_wconf 93' lang='lat'>‚</span> <span class='ocrx_word' id='word_1_156' title='bbox 2187 2918 2492 2992; x_wconf 80' lang='lat' dir='ltr'>Memmi,</span> 
     </span>
    </p>

    <p class='ocr_par' dir='ltr' id='par_1_10' title="bbox 443 3033 2379 3579">
     <span class='ocr_line' id='line_1_24' title="bbox 443 3033 2368 3122; baseline 0.001 -25"><span class='ocrx_word' id='word_1_157' title='bbox 443 3051 538 3098; x_wconf 82' lang='lat'>165</span> <span class='ocrx_word' id='word_1_158' title='bbox 597 3033 973 3121; x_wconf 86' lang='lat' dir='ltr'>desiperest</span> <span class='ocrx_word' id='word_1_159' title='bbox 991 3086 1006 3099; x_wconf 90' lang='lat'><strong>.</strong></span> <span class='ocrx_word' id='word_1_160' title='bbox 1031 3034 1195 3122; x_wconf 90' lang='lat' dir='ltr'>quid</span> <span class='ocrx_word' id='word_1_161' title='bbox 1227 3036 1399 3098; x_wconf 90' lang='lat' dir='ltr'>enim</span> <span class='ocrx_word' id='word_1_162' title='bbox 1426 3035 1889 3099; x_wconf 83' lang='lat' dir='ltr'>inmortalibus</span> <span class='ocrx_word' id='word_1_163' title='bbox 1918 3042 2122 3119; x_wconf 86' lang='lat' dir='ltr'>atque</span> <span class='ocrx_word' id='word_1_164' title='bbox 2149 3035 2368 3101; x_wconf 88' lang='lat' dir='ltr'>beatis</span> 
     </span>
     <span class='ocr_line' id='line_1_25' title="bbox 591 3149 2119 3236; baseline -0.001 -23"><span class='ocrx_word' id='word_1_165' title='bbox 591 3151 808 3235; x_wconf 83' lang='lat' dir='ltr'>gratia</span> <span class='ocrx_word' id='word_1_166' title='bbox 834 3158 1070 3215; x_wconf 87' lang='lat' dir='ltr'>nostra</span> <span class='ocrx_word' id='word_1_167' title='bbox 1100 3158 1303 3235; x_wconf 87' lang='lat' dir='ltr'>queat</span> <span class='ocrx_word' id='word_1_168' title='bbox 1330 3150 1629 3236; x_wconf 82' lang='lat' dir='ltr'>largirier</span> <span class='ocrx_word' id='word_1_169' title='bbox 1662 3149 2085 3214; x_wconf 86' lang='lat' dir='ltr'>emolumenti</span> <span class='ocrx_word' id='word_1_170' title='bbox 2102 3198 2119 3225; x_wconf 90' lang='lat'>‚</span> 
     </span>
     <span class='ocr_line' id='line_1_26' title="bbox 588 3263 2379 3350; baseline -0.001 -22"><span class='ocrx_word' id='word_1_171' title='bbox 588 3272 666 3329; x_wconf 90' lang='lat' dir='ltr'>ut</span> <span class='ocrx_word' id='word_1_172' title='bbox 695 3273 930 3330; x_wconf 87' lang='lat' dir='ltr'>nostra</span> <span class='ocrx_word' id='word_1_173' title='bbox 959 3266 1317 3350; x_wconf 86' lang='lat' dir='ltr'>quicquam</span> <span class='ocrx_word' id='word_1_174' title='bbox 1346 3287 1550 3329; x_wconf 88' lang='lat' dir='ltr'>causa</span> <span class='ocrx_word' id='word_1_175' title='bbox 1578 3286 1811 3350; x_wconf 84' lang='lat' dir='ltr'>gerere</span> <span class='ocrx_word' id='word_1_176' title='bbox 1842 3263 2379 3350; x_wconf 71' lang='lat' dir='ltr'>adgrediamur?</span> 
     </span>
     <span class='ocr_line' id='line_1_27' title="bbox 594 3379 2167 3466; baseline 0 -24"><span class='ocrx_word' id='word_1_177' title='bbox 594 3379 841 3464; x_wconf 79' lang='lat' dir='ltr'>quidve</span> <span class='ocrx_word' id='word_1_178' title='bbox 869 3381 1028 3443; x_wconf 79' lang='lat' dir='ltr'>novi</span> <span class='ocrx_word' id='word_1_179' title='bbox 1055 3380 1278 3465; x_wconf 87' lang='lat' dir='ltr'>potuit</span> <span class='ocrx_word' id='word_1_180' title='bbox 1303 3387 1494 3444; x_wconf 81' lang='lat' dir='ltr'>tanto</span> <span class='ocrx_word' id='word_1_181' title='bbox 1524 3387 1688 3466; x_wconf 89' lang='lat' dir='ltr'>post</span> <span class='ocrx_word' id='word_1_182' title='bbox 1716 3386 1870 3443; x_wconf 90' lang='lat' dir='ltr'>ante</span> <span class='ocrx_word' id='word_1_183' title='bbox 1900 3379 2167 3464; x_wconf 83' lang='lat' dir='ltr'>quietos</span> 
     </span>
     <span class='ocr_line' id='line_1_28' title="bbox 594 3493 2213 3579; baseline -0.001 -21"><span class='ocrx_word' id='word_1_184' title='bbox 594 3494 863 3558; x_wconf 84' lang='lat' dir='ltr'>inlicere</span> <span class='ocrx_word' id='word_1_185' title='bbox 892 3501 968 3557; x_wconf 90' lang='lat' dir='ltr'>ut</span> <span class='ocrx_word' id='word_1_186' title='bbox 998 3503 1322 3579; x_wconf 88' lang='lat' dir='ltr'>cuperent</span> <span class='ocrx_word' id='word_1_187' title='bbox 1348 3495 1554 3559; x_wconf 89' lang='lat' dir='ltr'>vitam</span> <span class='ocrx_word' id='word_1_188' title='bbox 1581 3501 1840 3558; x_wconf 86' lang='lat' dir='ltr'>mutare</span> <span class='ocrx_word' id='word_1_189' title='bbox 1869 3493 2159 3579; x_wconf 88' lang='lat' dir='ltr'>priorem</span> <span class='ocrx_word' id='word_1_190' title='bbox 2178 3494 2213 3556; x_wconf 74' lang='grc' dir='ltr'>Ρ</span> 
     </span>
    </p>

    <p class='ocr_par' dir='ltr' id='par_1_11' title="bbox 437 3607 2267 3810">
     <span class='ocr_line' id='line_1_29' title="bbox 437 3607 2267 3686; baseline 0.002 -15"><span class='ocrx_word' id='word_1_191' title='bbox 437 3627 530 3672; x_wconf 82' lang='lat'>175</span> <span class='ocrx_word' id='word_1_192' title='bbox 590 3617 660 3673; x_wconf 88' lang='lat' dir='ltr'>at</span> <span class='ocrx_word' id='word_1_193' title='bbox 679 3658 695 3686; x_wconf 82' lang='lat'>,</span> <span class='ocrx_word' id='word_1_194' title='bbox 725 3607 929 3672; x_wconf 88' lang='lat' dir='ltr'>credo</span> <span class='ocrx_word' id='word_1_195' title='bbox 950 3658 964 3684; x_wconf 91' lang='lat'>‚</span> <span class='ocrx_word' id='word_1_196' title='bbox 988 3609 1056 3671; x_wconf 92' lang='lat' dir='ltr'>in</span> <span class='ocrx_word' id='word_1_197' title='bbox 1083 3611 1380 3674; x_wconf 87' lang='lat' dir='ltr'>tenebris</span> <span class='ocrx_word' id='word_1_198' title='bbox 1408 3610 1549 3673; x_wconf 86' lang='lat' dir='ltr'>vita</span> <span class='ocrx_word' id='word_1_199' title='bbox 1577 3632 1656 3673; x_wconf 86' lang='lat' dir='ltr'>ac</span> <span class='ocrx_word' id='word_1_200' title='bbox 1683 3629 1946 3674; x_wconf 89' lang='lat' dir='ltr'>merore</span> <span class='ocrx_word' id='word_1_201' title='bbox 1973 3608 2234 3674; x_wconf 86' lang='lat' dir='ltr'>iacebat</span> <span class='ocrx_word' id='word_1_202' title='bbox 2251 3659 2267 3685; x_wconf 92' lang='lat'>‚</span> 
     </span>
     <span class='ocr_line' id='line_1_30' title="bbox 591 3723 1916 3810; baseline 0.001 -23"><span class='ocrx_word' id='word_1_203' title='bbox 591 3723 808 3788; x_wconf 90' lang='lat' dir='ltr'>donec</span> <span class='ocrx_word' id='word_1_204' title='bbox 839 3723 1076 3788; x_wconf 80' lang='lat' dir='ltr'>diluxit</span> <span class='ocrx_word' id='word_1_205' title='bbox 1101 3747 1325 3789; x_wconf 88' lang='lat' dir='ltr'>rerum</span> <span class='ocrx_word' id='word_1_206' title='bbox 1354 3725 1660 3810; x_wconf 82' lang='lat' dir='ltr'>genitalis</span> <span class='ocrx_word' id='word_1_207' title='bbox 1691 3725 1880 3809; x_wconf 85' lang='lat' dir='ltr'>origo</span> <span class='ocrx_word' id='word_1_208' title='bbox 1902 3773 1916 3788; x_wconf 93' lang='lat'><strong>.</strong></span> 
     </span>
    </p>

    <p class='ocr_par' dir='ltr' id='par_1_12' title="bbox 435 3837 2483 4271">
     <span class='ocr_line' id='line_1_31' title="bbox 435 3837 2095 3926; baseline 0.001 -26"><span class='ocrx_word' id='word_1_209' title='bbox 435 3855 528 3901; x_wconf 87' lang='lat'>170</span> <span class='ocrx_word' id='word_1_210' title='bbox 584 3842 737 3903; x_wconf 85' lang='lat' dir='ltr'>n&#39;am</span> <span class='ocrx_word' id='word_1_211' title='bbox 766 3838 1061 3926; x_wconf 89' lang='lat' dir='ltr'>gaudere</span> <span class='ocrx_word' id='word_1_212' title='bbox 1090 3840 1285 3905; x_wconf 86' lang='lat' dir='ltr'>novis</span> <span class='ocrx_word' id='word_1_213' title='bbox 1313 3841 1517 3906; x_wconf 87' lang='lat' dir='ltr'>rebus</span> <span class='ocrx_word' id='word_1_214' title='bbox 1551 3838 1800 3905; x_wconf 88' lang='lat' dir='ltr'>debere</span> <span class='ocrx_word' id='word_1_215' title='bbox 1827 3837 2095 3903; x_wconf 81' lang='lat' dir='ltr'>videtur</span> 
     </span>
     <span class='ocr_line' id='line_1_32' title="bbox 585 3953 2190 4040; baseline 0 -23"><span class='ocrx_word' id='word_1_216' title='bbox 585 3955 690 4018; x_wconf 91' lang='lat' dir='ltr'>cui</span> <span class='ocrx_word' id='word_1_217' title='bbox 718 3962 981 4020; x_wconf 85' lang='lat' dir='ltr'>veteres</span> <span class='ocrx_word' id='word_1_218' title='bbox 1019 3957 1301 4020; x_wconf 86' lang='lat' dir='ltr'>obsunt:</span> <span class='ocrx_word' id='word_1_219' title='bbox 1324 3954 1449 4019; x_wconf 90' lang='lat' dir='ltr'>sed</span> <span class='ocrx_word' id='word_1_220' title='bbox 1478 3955 1584 4018; x_wconf 91' lang='lat' dir='ltr'>cui</span> <span class='ocrx_word' id='word_1_221' title='bbox 1614 3954 1707 4018; x_wconf 92' lang='lat' dir='ltr'>nil</span> <span class='ocrx_word' id='word_1_222' title='bbox 1735 3953 1980 4018; x_wconf 86' lang='lat' dir='ltr'>accidit</span> <span class='ocrx_word' id='word_1_223' title='bbox 2009 3954 2190 4040; x_wconf 85' lang='lat' dir='ltr'>aegri</span> 
     </span>
     <span class='ocr_line' id='line_1_33' title="bbox 580 4067 2483 4156; baseline -0.001 -23"><span class='ocrx_word' id='word_1_224' title='bbox 580 4078 884 4156; x_wconf 87' lang='lat' dir='ltr'>tempore</span> <span class='ocrx_word' id='word_1_225' title='bbox 912 4071 981 4133; x_wconf 91' lang='lat' dir='ltr'>in</span> <span class='ocrx_word' id='word_1_226' title='bbox 1012 4078 1167 4135; x_wconf 85' lang='lat' dir='ltr'>ante</span> <span class='ocrx_word' id='word_1_227' title='bbox 1199 4078 1351 4134; x_wconf 88' lang='lat' dir='ltr'>acto</span> <span class='ocrx_word' id='word_1_228' title='bbox 1374 4119 1388 4147; x_wconf 93' lang='lat'><strong>,</strong></span> <span class='ocrx_word' id='word_1_229' title='bbox 1413 4092 1562 4133; x_wconf 87' lang='lat' dir='ltr'>cum</span> <span class='ocrx_word' id='word_1_230' title='bbox 1591 4068 1871 4155; x_wconf 91' lang='lat' dir='ltr'>pulchre</span> <span class='ocrx_word' id='word_1_231' title='bbox 1904 4067 2180 4154; x_wconf 89' lang='lat' dir='ltr'>degeret</span> <span class='ocrx_word' id='word_1_232' title='bbox 2209 4089 2442 4135; x_wconf 84' lang='lat' dir='ltr'>aevom</span> <span class='ocrx_word' id='word_1_233' title='bbox 2465 4119 2483 4146; x_wconf 88' lang='lat'>,</span> 
     </span>
     <span class='ocr_line' id='line_1_34' title="bbox 583 4182 2266 4271; baseline -0.001 -23"><span class='ocrx_word' id='word_1_234' title='bbox 583 4183 746 4270; x_wconf 91' lang='lat' dir='ltr'>quid</span> <span class='ocrx_word' id='word_1_235' title='bbox 773 4183 998 4271; x_wconf 80' lang='lat' dir='ltr'>potuit</span> <span class='ocrx_word' id='word_1_236' title='bbox 1024 4185 1345 4250; x_wconf 86' lang='lat' dir='ltr'>novitatis</span> <span class='ocrx_word' id='word_1_237' title='bbox 1376 4206 1668 4249; x_wconf 86' lang='lat' dir='ltr'>amorem</span> <span class='ocrx_word' id='word_1_238' title='bbox 1698 4182 2069 4248; x_wconf 85' lang='lat' dir='ltr'>accendere</span> <span class='ocrx_word' id='word_1_239' title='bbox 2098 4183 2216 4249; x_wconf 87' lang='lat' dir='ltr'>tali</span> <span class='ocrx_word' id='word_1_240' title='bbox 2233 4183 2266 4246; x_wconf 67' lang='lat' dir='ltr'><strong>P</strong></span> 
     </span>
    </p>
   </div>
   <div class='ocr_carea' id='block_1_4' title="bbox 580 4369 981 4378">
    <p class='ocr_par' dir='ltr' id='par_1_13' title="bbox 580 4369 981 4378">
     <span class='ocr_line' id='line_1_35' title="bbox 580 4369 981 4378; baseline 0 814"><span class='ocrx_word' id='word_1_241' title='bbox 580 4369 981 4378; x_wconf 95' lang='lat' dir='ltr'> </span> 
     </span>
    </p>
   </div>
   <div class='ocr_carea' id='block_1_5' title="bbox 588 4426 2304 4500">
    <p class='ocr_par' dir='ltr' id='par_1_14' title="bbox 588 4426 2304 4500">
     <span class='ocr_line' id='line_1_36' title="bbox 588 4426 2304 4500; baseline 0.001 -20"><span class='ocrx_word' id='word_1_242' title='bbox 588 4435 679 4480; x_wconf 85' lang='lat'>152</span> <span class='ocrx_word' id='word_1_243' title='bbox 718 4426 861 4499; x_wconf 89' lang='lat' dir='ltr'>quod</span> <span class='ocrx_word' id='word_1_244' title='bbox 897 4429 943 4481; x_wconf 86' lang='lat' dir='ltr'>si</span> <span class='ocrx_word' id='word_1_245' title='bbox 982 4427 1003 4497; x_wconf 85' lang='grc' dir='ltr'>ΙΙ</span> <span class='ocrx_word' id='word_1_246' title='bbox 1048 4435 1139 4480; x_wconf 83' lang='grc'>154</span> <span class='ocrx_word' id='word_1_247' title='bbox 1177 4437 1364 4484; x_wconf 82' lang='lat' dir='ltr'>tenues</span> <span class='ocrx_word' id='word_1_248' title='bbox 1402 4429 1467 4483; x_wconf 86' lang='lat' dir='ltr'>de</span> <span class='ocrx_word' id='word_1_249' title='bbox 1503 4447 1733 4500; x_wconf 87' lang='lat' dir='ltr'>corpore</span> <span class='ocrx_word' id='word_1_250' title='bbox 1771 4447 1977 4483; x_wconf 83' lang='lat' dir='ltr'>eorum.</span> <span class='ocrx_word' id='word_1_251' title='bbox 2015 4430 2036 4497; x_wconf 84' lang='grc' dir='ltr'>Η</span> <span class='ocrx_word' id='word_1_252' title='bbox 2079 4436 2172 4482; x_wconf 87' lang='grc'>175</span> <span class='ocrx_word' id='word_1_253' title='bbox 2213 4429 2304 4481; x_wconf 86' lang='lat' dir='ltr'>An</span> 
     </span>
    </p>
   </div>
  </div>
 </body>
</html>
