3042 5192
569 468 658 535 70
1649 467 1711 535 11

405 659 503 705 905
556 639 924 704 visceribus
950 641 1174 705 nervis
1204 641 1392 704 venis
1409 689 1425 715 ‚
1453 660 1626 726 quae
1656 648 1898 706 cuncta
1925 639 2229 705 videmus

559 755 782 819 mollia
808 756 1071 819 mortali
1101 755 1473 820 consistere
1503 776 1792 841 corpore
1824 764 2011 820 creta
2029 805 2043 819 .

560 868 685 935 sed
715 878 938 934 tamen
969 876 1114 934 esto
1143 870 1273 934 iam
1299 892 1506 956 posse
1533 870 1703 935 haee
1733 879 2008 935 aeterna
2033 891 2338 935 manere:

560 1006 800 1071 nempe
829 992 1053 1049 tamen
1084 982 1337 1050 debent
1365 993 1485 1049 aut
1514 1006 1784 1049 sensum
1813 986 2024 1071 partis
2053 985 2308 1050 habere

562 1108 678 1165 aut
708 1100 902 1163 simili
930 1100 1095 1164 totis
1124 1099 1516 1164 animalibus
1547 1121 1697 1165 esse
1727 1101 1950 1187 putari
1968 1150 1982 1164 .

406 1232 505 1279 910
560 1223 629 1280 at
656 1223 997 1301 nequeant
1025 1235 1150 1301 per
1178 1236 1252 1279 80
1282 1222 1513 1301 partes
1544 1215 1792 1279 sentire
1822 1235 2099 1279 11000880
2122 1224 2260 1280 est:

564 1350 851 1415 namque
879 1328 1008 1394 alio
1040 1350 1280 1394 sensus
1309 1330 1758 1395 membrorum
1787 1330 2061 1415 respicit
2090 1330 2302 1395 omnis
2321 1379 2338 1401 ‚

560 1465 685 1506 1100
713 1464 950 1507 manus
979 1464 1020 1507 a
1047 1443 1244 1507 nobis
1273 1438 1455 1529 potis
1487 1450 1594 1509 est
1623 1451 1884 1509 secreta
1910 1465 2130 1529 neque
2157 1444 2293 1509 ulla

563 1558 870 1643 corporis
902 1558 1170 1621 omnino
1203 1578 1472 1622 sensum
1498 1579 1660 1643 pars
1691 1558 1837 1623 sola
1866 1566 2099 1623 tenere
2118 1609 2133 1623 .

561 1672 881 1756 linquitur
909 1680 986 1736 ut
1012 1672 1177 1736 totis
1205 1671 1653 1737 animantibus
1681 1670 2164 1738 adsimulentur
2181 1723 2198 1749 ‚

408 1803 506 1850 915
558 1785 742 1849 vitali
773 1795 849 1850 ut
877 1788 1140 1873 possint
1169 1787 1548 1851 consentire
1575 1785 1874 1873 undique
1906 1809 2140 1853 sensu,

408 1916 506 1963 923
562 1901 658 1964 sic
686 1899 914 1965 itidem
948 1923 1118 1987 quae
1148 1901 1471 1966 sentimus
1500 1902 1749 1966 sentire
1777 1910 2159 1967 necessest:

409 2031 508 2078 916
565 2016 678 2102 qui
707 2023 1031 2101 poterunt
1057 2016 1259 2101 igitur
1285 2036 1509 2081 rerum
1538 2016 1903 2103 primordia
1937 2017 2068 2081 diei

567 2138 635 2194 et
661 2130 777 2194 leti
805 2130 1017 2194 vitare
1046 2131 1191 2195 vias
1210 2179 1225 2207 ‚
1248 2131 1557 2196 animalia
1586 2153 1736 2195 011111
1765 2133 1901 2197 sint
1920 2180 1936 2209 ‚

567 2243 790 2331 adque
820 2245 1123 2309 animalia
1152 2246 1287 2310 sint
1314 2246 1710 2312 mortalibus
1739 2269 1875 2311 una
1904 2246 2269 2335 eademque
2286 2247 2319 2310 P

569 2358 755 2444 quod
785 2368 1008 2423 tamen
1034 2368 1111 2425 ut
1138 2361 1408 2446 possint
1424 2410 1440 2438 ,
1462 2369 1536 2426 at
1563 2369 1763 2426 coetu
1792 2363 2210 2448 concilioque

413 2490 511 2537 920
565 2474 659 2537 nil
685 2474 933 2539 facient
960 2483 1234 2560 praeter
1262 2476 1535 2561 volgum
1561 2478 1961 2562 turbamque
1991 2478 2394 2542 animantum
2413 2527 2429 2553 ‚

570 2589 822 2654 scilieet
839 2639 854 2665 ‚
876 2597 953 2654 ut
980 2597 1325 2675 nequeunt
1351 2591 1656 2654 homines
1686 2598 1986 2654 armenta
2013 2591 2329 2676 feraeque

566 2704 742 2768 inter
772 2725 919 2768 sese
947 2704 1149 2769 ullam
1177 2726 1317 2769 rem
1346 2705 1618 2790 gignere
1649 2703 2115 2769 conveniundo
2137 2753 2151 2767 .

413 2834 513 2880 924
571 2816 757 2903 quod
787 2819 844 2883 si
870 2820 1047 2883 forte
1078 2841 1269 2882 suum
1301 2818 1645 2884 dimittunt
1673 2840 1959 2906 corpore
1989 2840 2258 2883 sensum

566 2941 770 3019 atque
799 2934 993 2998 alium
1024 2934 1296 3020 capiunt
1313 2983 1328 3011 ‚
1353 2934 1516 3020 quid
1548 2956 1719 3020 opus
1748 2933 1874 2999 fuit
1902 2933 2193 2998 adtribui
2220 2932 2292 2997 id
2323 2934 2511 3019 quod

568 3047 941 3113 detrahitur
957 3048 991 3111 P
1014 3057 1156 3115 tum
1183 3058 1536 3136 praeterea
1551 3099 1568 3128 ‚
1593 3048 1780 3135 quod
1807 3049 2096 3137 fugimus
2126 3058 2280 3114 ante
2300 3098 2315 3126 ‚

572 3185 706 3247 qua
738 3171 932 3229 tenus
960 3165 1029 3228 in
1058 3165 1282 3251 pullos
1312 3166 1610 3230 animalis
1639 3166 1888 3230 vertier
1918 3186 2048 3229 ova

569 3279 898 3343 cernimus
928 3280 1202 3344 alituum
1221 3328 1236 3356 ,
1258 3281 1638 3365 vermisque
1670 3278 1987 3342 effervere
2006 3326 2021 3353 ‚
2043 3286 2290 3343 terram

567 3392 1076 3478 intempestivos
1106 3414 1308 3477 quom
1338 3402 1545 3479 putor
1575 3393 1755 3476 oepit
1785 3392 1872 3456 ob
1903 3391 2131 3456 imbris
2151 3440 2167 3467 ‚

413 3522 512 3570 930
569 3507 739 3570 seire
768 3506 926 3570 lieet
954 3507 1132 3592 gigni
1161 3528 1365 3592 posse
1398 3528 1483 3570 ex
1509 3528 1646 3569 non
1679 3506 1967 3571 sensibu'
1997 3529 2235 3573 80113118
2255 3558 2269 3572 .

656 3620 860 3700 Quod
891 3621 948 3685 si
975 3619 1153 3684 forte
1184 3620 1422 3707 aliquis
1454 3619 1633 3684 dicet
1651 3669 1666 3697 ‚
1691 3620 1848 3685 dum
1875 3630 2068 3688 taxat
2084 3673 2100 3699 ,
2123 3624 2281 3688 oriri

568 3757 771 3820 posse
802 3758 886 3800 ex
913 3757 1054 3800 non
1083 3757 1284 3799 sensu
1315 3757 1553 3800 sensus
1579 3737 2018 3802 mutabilitate
2039 3788 2054 3811 ‚

570 3858 688 3914 aut
718 3851 939 3937 aliquo
970 3858 1309 3936 tamquam
1336 3860 1536 3938 partu
1568 3849 1755 3938 quod
1782 3854 2090 3938 protinus
2120 3861 2384 3928 extent,

568 3964 723 4028 huie
752 3966 915 4031 satis
943 3964 1109 4030 illud
1141 3967 1265 4030 erit
1294 3967 1564 4053 planum
1595 3967 1814 4032 facere
1844 3975 2050 4052 atque
2079 3968 2370 4054 probare
2388 4017 2403 4041 ‚

580 4280 677 4325 905
716 4292 938 4345 cumque
977 4275 997 4345 ΙΙ
1035 4282 1133 4327 909
1170 4276 1359 4331 similis
1399 4275 1418 4347 ΙΙ
1457 4285 1557 4330 910
1597 4279 1710 4330 Aut
1747 4276 1767 4346 ΙΙ
1804 4284 1898 4331 911
1942 4278 2074 4331 alios
2114 4278 2134 4347 ΙΙ
2171 4280 2373 4348 respuit
2414 4281 2434 4349 ΙΙ
2470 4286 2570 4332 918
2607 4281 2799 4332 anima·

578 4356 715 4410 libus
735 4358 1046 4413 mortalibus
1086 4361 1106 4428 ΙΙ
1143 4366 1241 4412 919
1267 4362 1523 4414 abeoretu
1561 4362 1581 4429 ΙΙ
1618 4368 1714 4415 921
1742 4372 2004 4433 nequeant
2041 4361 2060 4431 ΙΙ
2099 4368 2199 4415 928
2224 4362 2402 4418 alitum
2441 4365 2461 4435 ΙΙ
2501 4365 2800 4429 offen-veron

582 4446 681 4493 929
718 4440 1129 4514 Intempestivus
1166 4462 1319 4513 quam
1357 4441 1378 4512 ΙΙ
1417 4451 1515 4497 932
1555 4464 1615 4498 ea
1651 4445 1671 4513 11
1711 4453 1807 4499 933
1846 4447 2115 4517 proditum
2154 4457 2324 4501 extra.
2374 4445 2394 4515 ΙΙ
2432 4456 2530 4503 934
2571 4449 2711 4502 101110
