3042 5192
1327 494 1358 562 I

227 676 323 733 est
347 668 552 753 igitur
570 717 587 743 ,
608 668 680 731 ni
706 667 945 730 mirum
964 714 980 740 ‚
1001 664 1075 729 id
1104 666 1291 751 quod
1318 670 1582 734 ratione
1612 673 1836 757 sagaci

227 784 602 868 quaerimus
620 831 636 858 ‚
660 780 1028 845 admixtum
1055 782 1262 846 rebus
1280 831 1296 859 ‚
1320 783 1502 868 quod
1537 786 1731 850 inane
1759 808 2110 853 vocamus.

85 914 169 959 370
292 897 467 962 Illud
494 898 566 962 in
592 897 700 962 his
727 897 933 962 rebus
960 916 1047 959 ne
1076 904 1146 960 tc
1177 895 1513 964 deducere
1542 920 1706 965 vero

214 1014 459 1098 possit,
485 1012 676 1099 quod
706 1011 978 1099 quidam
1004 1011 1297 1097 fingunt,
1319 1010 1757 1099 praecurrere
1787 1038 2029 1103 cogor.

216 1125 453 1191 cedere
483 1128 924 1213 squamigeris
952 1126 1184 1191 latices
1210 1129 1580 1193 nitentibus
1608 1131 1792 1195 aiunt

214 1252 278 1307 et
302 1241 596 1328 liquidas
626 1242 887 1328 aperire
914 1242 1058 1305 vias
1078 1291 1092 1317 ‚
1117 1243 1275 1328 quia
1301 1252 1465 1329 post
1490 1245 1645 1309 loca
1670 1246 1891 1331 pisces

208 1358 514 1443 linquant
530 1407 547 1433 ‚
572 1379 708 1443 quo
736 1359 1004 1443 possint
1032 1348 1354 1422 cedentes
1378 1358 1720 1425 confluere
1747 1356 2005 1425 undae:

76 1488 159 1533 ³75
208 1473 301 1537 sic
328 1472 497 1537 alias
526 1493 801 1558 quoque
828 1494 940 1538 res
966 1473 1143 1538 inter
1171 1492 1246 1539 se
1273 1494 1479 1560 posse
1507 1476 1763 1540 moveri

209 1594 276 1651 et
299 1596 566 1653 mutare
593 1589 814 1652 locum
831 1638 848 1663 ‚
871 1589 1174 1674 quamvis
1203 1589 1340 1654 sint
1367 1590 1588 1654 omnia
1615 1591 1816 1676 plena
1834 1640 1847 1654 .

210 1703 459 1767 scilicet
476 1752 493 1779 ‚
516 1701 588 1766 id
614 1701 785 1767 falsa
812 1710 1029 1767 totum
1055 1705 1316 1768 ratione
1344 1713 1761 1790 receptumst
1777 1754 1790 1767 .

210 1838 354 1881 nam
384 1839 524 1904 quo
554 1818 958 1904 squamigeri
985 1826 1309 1905 poterunt
1335 1818 1706 1904 procedere
1736 1819 2006 1885 tandem
2026 1873 2040 1897 ,

210 1933 272 1996 ni
300 1934 591 2019 spatium
621 1931 937 1997 dederint
966 1933 1199 1998 latices
1216 1933 1248 1996 Ρ
1279 1933 1652 1998 concedere
1680 1956 1888 2020 porro

76 2062 161 2109 ³80
208 2069 335 2133 quo
362 2056 691 2134 poterunt
716 2046 944 2113 undae
963 2096 978 2123 ‚
1001 2068 1151 2112 cum
1180 2048 1402 2133 pisces
1427 2049 1977 2135 iremequibunt?

205 2172 313 2228 aut
338 2163 545 2249 igitur
573 2170 757 2227 motu
787 2161 1253 2248 privandumst
1280 2185 1572 2250 corpora
1602 2184 1910 2251 quaeque
1928 2215 1943 2242 ‚

210 2287 319 2343 aut
347 2300 499 2343 esse
531 2276 902 2342 admixtum
934 2275 1367 2342 dicundumst
1394 2278 1598 2343 rebus
1626 2279 1824 2344 inane
1842 2329 1858 2356 ‚

202 2393 375 2458 unde
402 2394 637 2458 initum
665 2392 949 2479 primum
978 2392 1200 2479 capiat
1223 2414 1337 2457 res
1368 2414 1674 2480 quaeque
1702 2394 2051 2460 movendi.

203 2518 542 2594 postremo
575 2506 711 2572 duo
744 2505 830 2571 de
858 2528 1190 2573 concursu
1220 2529 1512 2595 corpora
1537 2509 1675 2574 lata

70 2636 154 2681 385
203 2623 255 2686 si
281 2624 413 2687 cita
445 2621 809 2697 dissiliant,
830 2643 1071 2708 nempe
1100 2627 1216 2687 aer
1246 2644 1442 2688 omne
1468 2634 1816 2690 necessest
1834 2674 1850 2701 ‚

202 2737 367 2802 inter
395 2758 691 2825 corpora
720 2735 908 2824 quod
934 2736 1085 2813 fiat,
1113 2736 1428 2823 possidat
1454 2739 1685 2803 inane:

197 2850 250 2915 is
274 2873 485 2938 porro
516 2854 820 2941 quamvis
851 2852 1099 2917 circum
1129 2852 1579 2918 celerantibus
1607 2856 1787 2919 auris

200 2966 523 3044 confluat,
542 2965 729 3033 haud
757 2969 1012 3055 poterit
1038 2977 1263 3034 tamen
1290 2990 1426 3033 uno
1460 2976 1766 3055 tempore
1794 2978 2010 3035 totum

196 3082 511 3168 compleri
543 3084 865 3169 spatium:
888 3104 1041 3147 nam
1068 3083 1716 3170 primumuquemque
1742 3094 2088 3149 necessest

64 3208 149 3255 390
199 3205 478 3283 occupet
502 3197 611 3262 ille
641 3198 858 3263 locum
879 3248 894 3274 ‚
920 3197 1164 3263 deinde
1195 3198 1414 3263 omnia
1441 3196 1919 3284 possideantur
1938 3249 1951 3262 .

198 3311 373 3396 quod
401 3313 460 3377 si
485 3311 665 3378 forte
694 3313 933 3398 aliquis
951 3363 967 3391 ‚
991 3335 1137 3377 cum
1169 3334 1459 3400 corpora
1488 3311 1835 3377 dissiluere
1855 3363 1870 3388 ‚

194 3436 322 3490 tum
350 3435 551 3513 putat
577 3426 652 3491 id
679 3426 822 3492 fieri
851 3429 1008 3514 quia
1037 3449 1110 3493 se
1141 3428 1557 3493 condenseat
1584 3435 1700 3493 aer
1717 3477 1732 3504 ‚

192 3550 393 3607 errat:
423 3562 580 3605 nam
607 3562 891 3606 vacuum
916 3551 1060 3607 tum
1085 3542 1162 3607 fit
1191 3542 1379 3629 quod
1405 3565 1543 3608 non
1568 3542 1696 3608 fuit
1721 3539 1878 3608 ante
1897 3593 1920 3619 2

191 3663 253 3719 et
279 3656 581 3742 repletur
607 3658 765 3721 item
794 3678 1078 3722 vacuum
1108 3656 1297 3743 quod
1325 3657 1628 3723 constitit
1655 3666 1810 3724 ante
1830 3708 1845 3733 ‚

62 3779 141 3827 395
188 3790 306 3834 nec
332 3770 454 3835 tali
482 3771 742 3835 ratione
770 3779 1003 3857 potest
1031 3770 1374 3837 denserier
1404 3779 1519 3836 aer
1537 3822 1552 3848 ‚

188 3904 340 3960 nec,
364 3886 420 3950 si
448 3886 579 3949 iam
607 3894 846 3972 posset
864 3934 880 3961 ‚
905 3887 1049 3950 sine
1076 3887 1258 3951 inani
1285 3881 1524 3973 posset
1541 3936 1557 3963 ,
1588 3889 1830 3974 opinor
1848 3937 1863 3963 ‚

186 3999 323 4085 ipse
348 4001 420 4064 in
449 4020 525 4064 se
554 3999 823 4064 trahere
856 4008 923 4065 et
949 4001 1162 4087 partis
1193 4000 1573 4065 conducere
1601 4002 1669 4064 in
1698 4022 1900 4065 unum
1917 4052 1931 4065 .

267 4113 414 4194 Qua
442 4121 726 4201 propter
742 4164 758 4191 ‚
781 4116 1084 4201 quamvis
1113 4115 1453 4181 causando
1483 4116 1691 4181 multa
1717 4117 1994 4181 moreris
2014 4166 2029 4191 ‚

2367 505 2449 573 15

180 4381 269 4428 372
293 4378 468 4432 alunt.
507 4380 528 4448 Η
567 4386 664 4434 383
692 4384 893 4438 initium
918 4386 940 4454 ΙΙ
972 4391 1071 4438 384
1096 4403 1358 4441 concurso
1385 4387 1406 4456 ΙΙ
1432 4391 1533 4437 386
1559 4384 1650 4438 ssat-
1677 4386 1697 4453 ΙΙ
1723 4389 1823 4437 389
1849 4384 2071 4454 quisque
2099 4387 2118 4453 [Ι
2144 4389 2242 4437 395
2268 4402 2399 4437 con-

179 4458 442 4516 denserier
