3042 5192
597 447 732 515 106
1645 445 1742 513 ΠΙ

585 628 655 687 et
680 620 790 684 vel
815 626 893 683 ut
921 625 1076 682 ante
1105 626 1259 683 acto
1288 617 1382 683 nil
1408 625 1713 705 tempore
1742 619 2071 684 sensimus
2101 623 2282 707 aegri
2300 672 2315 696 ‚

583 735 674 799 ad
703 732 1193 820 confligendum
1221 732 1643 798 venientibus
1671 732 1972 820 undique
2002 734 2250 801 Poenis
2268 786 2284 812 ‚

586 850 806 914 omnia
834 871 982 913 cum
1010 848 1168 913 belli
1195 847 1464 935 trepido
1495 870 1827 914 concussa
1856 850 2146 915 tumultu

427 983 525 1029 835
579 963 858 1030 horrida
885 971 1347 1028 contremuere
1375 963 1501 1029 sub
1531 962 1684 1029 altis
1713 963 2007 1029 aetheris
2037 964 2175 1029 oris
2193 1014 2209 1041 ‚

579 1080 649 1144 in
681 1079 1021 1164 dubioque
1050 1078 1239 1143 fuere
1265 1064 1572 1143 utrorum
1600 1077 1689 1142 ad
1718 1100 1928 1165 regna
1955 1078 2329 1144 cadendum

584 1196 888 1261 omnibus
917 1194 1222 1258 humanis
1253 1201 1435 1258 esset
1461 1201 1781 1280 terraque
1809 1195 2110 1280 marique
2127 1244 2143 1272 ,

582 1311 678 1375 sic
696 1359 712 1387 ‚
741 1311 856 1375 ubi
882 1331 1019 1374 non
1050 1309 1292 1374 erimus
1311 1357 1327 1384 ‚
1350 1330 1498 1373 cum
1530 1311 1835 1396 corporis
1865 1317 2070 1395 atque
2100 1310 2337 1374 animai

585 1424 935 1489 discidium
961 1424 1162 1490 fuerit
1179 1473 1194 1499 ‚
1219 1424 1461 1509 quibus
1492 1445 1530 1487 e
1559 1446 1786 1489 sumus
1813 1425 2035 1490 uniter
2063 1426 2205 1512 apti
2223 1474 2239 1500 ,

427 1558 525 1604 840
581 1540 832 1604 scilicet
849 1588 865 1616 ‚
887 1538 1071 1603 haud
1099 1539 1295 1603 nobis
1326 1539 1682 1625 quicquam
1701 1587 1716 1614 ‚
1741 1539 1855 1625 qui
1881 1561 2021 1603 non
2053 1538 2293 1604 erimus
2321 1548 2462 1605 tum
2481 1591 2496 1616 ‚

584 1654 887 1720 accidere
917 1655 1184 1719 omnino
1212 1655 1467 1742 poterit
1494 1675 1898 1741 sensumque
1926 1676 2198 1719 movere
2215 1704 2231 1732 ‚

579 1792 720 1835 non
748 1770 804 1834 si
832 1777 1015 1835 terra
1041 1770 1206 1835 mari
1231 1770 1618 1835 miscebitur
1648 1777 1717 1834 et
1743 1791 1924 1835 mare
1954 1769 2141 1833 caelo
2161 1819 2176 1834 .

584 1894 653 1950 et
679 1885 736 1949 si
763 1884 894 1949 iam
920 1893 1159 1950 nostro
1192 1885 1397 1950 sentit
1426 1883 1513 1948 de
1544 1905 1832 1972 corpore
1849 1933 1865 1959 ‚
1887 1891 2052 1971 post
2082 1905 2278 1969 quam

583 2000 976 2065 distractast
991 2048 1007 2077 ‚
1030 2001 1227 2065 animi
1251 2007 1495 2065 natura
1523 2001 1914 2086 animaeque
1941 2006 2249 2085 potestas
2267 2048 2283 2072 ‚

426 2135 524 2180 845
578 2116 672 2180 nil
699 2123 921 2180 tamen
953 2124 1057 2179 est
1085 2113 1173 2180 ad
1200 2136 1327 2179 nos
1346 2163 1362 2191 ‚
1387 2115 1502 2199 qui
1533 2121 1807 2200 comptu
1835 2113 2279 2199 coniugioque

583 2231 887 2317 corporis
916 2237 1120 2315 atque
1150 2230 1407 2295 animae
1437 2230 1863 2294 consistimus
1891 2228 2114 2292 uniter
2144 2229 2284 2314 apti
2303 2279 2316 2292 .

576 2368 704 2418 nec
722 2394 738 2422 ‚
761 2346 817 2410 si
843 2344 1183 2410 materiem
1210 2353 1515 2409 nostram
1545 2344 1889 2431 collegerit
1916 2352 2103 2409 aetas

578 2470 737 2548 post
766 2459 1017 2525 obitum
1044 2480 1443 2544 rursumque
1471 2458 1813 2546 redegerit
1839 2467 1916 2525 ut
1945 2460 2074 2525 sita
2101 2481 2279 2524 nunc
2310 2470 2448 2536 est,

579 2584 782 2661 atque
809 2574 1050 2638 iterum
1076 2574 1273 2638 nobis
1300 2573 1551 2639 fuerint
1579 2573 1742 2640 data
1768 2574 2014 2639 lumina
2039 2574 2218 2639 vitae
2236 2622 2252 2651 ‚

422 2709 520 2755 850
575 2690 913 2776 pertineat
941 2690 1296 2775 quicquam
1324 2697 1551 2753 tamen
1579 2689 1669 2754 ad
1695 2713 1823 2755 nos
1851 2689 1924 2753 id
1954 2711 2224 2776 quoque
2250 2689 2499 2755 factum
2520 2740 2536 2766 ,

573 2806 950 2890 interrupta
978 2803 1184 2868 semel
1211 2825 1359 2868 cum
1388 2804 1476 2870 sit
1503 2805 1863 2870 retinentia
1889 2805 2107 2869 nostri
2125 2853 2139 2867 .

579 2928 647 2985 et
675 2942 853 2984 nunc
881 2920 975 2984 nil
1003 2918 1095 2985 ad
1121 2941 1248 2984 nos
1278 2917 1365 2983 de
1393 2919 1589 2984 nobis
1619 2920 1893 2996 attinet,
1923 2925 2078 2984 ante

576 3036 691 3122 qui
718 3034 956 3100 fuimus
975 3084 991 3112 ‚
1012 3056 1234 3120 neque
1263 3035 1391 3100 iam
1423 3034 1509 3098 de
1536 3034 1664 3100 illis
1692 3057 1819 3100 nos
1849 3032 2076 3098 adficit
2102 3054 2313 3119 angor
2332 3084 2345 3096 .

575 3174 728 3217 nam
759 3174 908 3216 cum
935 3151 1256 3237 respicias
1284 3150 1565 3214 inmensi
1592 3149 1914 3235 temporis
1945 3170 2139 3214 omne

419 3287 517 3331 855
571 3268 1006 3355 praeteritum
1036 3267 1322 3352 spatium
1345 3273 1519 3342 ,tum
1547 3272 1770 3328 motus
1799 3264 2098 3328 materiai

572 3379 976 3447 multimodis
1006 3402 1206 3465 quam
1235 3381 1403 3456 sint,
1426 3378 1618 3444 facile
1648 3377 1781 3441 hoc
1809 3376 2176 3443 adcredere
2203 3378 2425 3465 possis
2444 3428 2460 3452 ‚

576 3496 827 3559 semina
856 3516 1058 3580 saepe
1085 3494 1155 3557 in
1185 3492 1421 3558 eodem
1439 3541 1455 3568 ‚
1475 3499 1555 3555 ut
1580 3513 1758 3555 nunc
1788 3500 1978 3569 sunt,
2001 3493 2237 3557 ordine
2265 3501 2466 3580 posta

417 3628 516 3675 865
570 3610 739 3674 haec
769 3608 1003 3673 eadem
1020 3658 1036 3685 ‚
1060 3608 1302 3693 quibus
1334 3629 1370 3671 e
1398 3628 1579 3672 nunc
1605 3629 1732 3672 nos
1763 3629 1992 3673 sumus
2011 3657 2026 3685 ‚
2050 3617 2207 3674 ante
2234 3609 2475 3673 fuisse:

419 3743 518 3788 858
569 3747 695 3789 nec
723 3724 996 3788 memori
1026 3731 1246 3788 tamen
1272 3721 1345 3787 id
1376 3723 1636 3809 quimus
1666 3722 2204 3809 repraehendere
2231 3731 2487 3789 mente:

569 3840 746 3904 inter
773 3840 944 3903 enim
970 3839 1213 3903 iectast
1240 3838 1401 3903 vitai
1428 3859 1642 3925 pausa
1659 3887 1674 3913 ‚
1695 3859 1998 3925 vageque

418 3972 516 4019 860
575 3954 976 4021 deerrarunt
1003 3954 1251 4039 passim
1279 3963 1502 4019 motus
1533 3955 1619 4018 ab
1651 3955 1960 4019 sensibus
1991 3974 2222 4018 omnes
2243 4002 2257 4016 .

573 4069 776 4136 debet
807 4070 976 4135 enim
995 4119 1011 4146 ‚
1034 4070 1270 4134 misere
1301 4070 1357 4133 si
1387 4070 1564 4135 forte
1594 4090 1927 4154 aegreque
1957 4068 2321 4133 futurumst
2339 4115 2354 4132 .

576 4272 827 4281 ,ῥῷ-...-
856 4270 979 4276 θ’-

582 4354 678 4401 835
716 4347 883 4401 auris.
921 4348 942 4415 ΙΙ
981 4355 1079 4401 844
1119 4348 1417 4402 Distractas
1454 4348 1474 4417 ΙΙ
1512 4356 1606 4402 851
1636 4350 1874 4419 repentia
1897 4348 2125 4401 nostris.
2162 4345 2184 4413 ΙΙ
2223 4351 2320 4399 853
2359 4344 2534 4399 fumus
2575 4344 2597 4412 ΙΙ
2633 4359 2798 4414 neque

575 4440 836 4487 maiacum.
878 4431 899 4500 ΙΙ
934 4431 1113 4502 adfigit
1153 4433 1174 4499 ΙΙ
1211 4438 1309 4485 856
1348 4432 1650 4488 Multimodi
1687 4436 1707 4502 ΙΙ
1745 4439 1836 4486 861
1881 4433 2123 4486 miserest
