3042 5192
587 459 679 529 34
1688 454 1720 524 I

582 639 849 697 constet
868 680 884 707 ,
906 653 992 695 an
1020 631 1410 695 immensum
1441 636 1676 716 pateat
1704 636 2032 713 vasteque
2061 626 2467 714 profundum
2488 679 2503 692 .

667 746 882 810 Omne
915 745 1103 831 quod
1134 754 1242 809 est
1270 745 1473 831 igitur
1502 744 1686 808 nulla
1715 744 1989 829 regione
2018 743 2274 807 viarum

584 863 944 926 finitumst:
969 881 1255 945 namque
1288 867 1657 923 extremum
1691 858 1983 923 debebat
2012 858 2296 923 habere:

428 993 528 1039 960
586 984 951 1039 extremum
982 997 1189 1063 porro
1218 974 1461 1039 nullius
1490 995 1692 1061 posse
1721 972 1990 1037 videtur

587 1113 736 1155 esse
756 1140 770 1165 ,
793 1092 920 1155 nisi
948 1091 1126 1155 ultra
1155 1091 1244 1154 sit
1273 1088 1462 1174 quod
1490 1089 1708 1165 finiat3
1731 1098 1808 1153 ut
1833 1086 2142 1153 videatur

588 1229 723 1292 quo
751 1227 891 1269 non
920 1206 1181 1291 longius
1208 1204 1378 1269 haec
1408 1225 1647 1269 sensus
1677 1212 1916 1268 natura
1944 1211 2265 1288 sequatur
2282 1252 2295 1265 .

587 1343 765 1384 nunc
796 1329 991 1383 extra
1020 1340 1337 1383 summam
1368 1320 1680 1404 quoniam
1711 1320 1804 1382 nil
1834 1340 1981 1383 esse
2010 1317 2358 1382 fatendum
2377 1366 2393 1389 ‚

588 1457 725 1499 non
753 1434 962 1498 habet
992 1442 1359 1498 extremum
1377 1482 1393 1509 ‚
1417 1443 1602 1499 earet
1632 1455 1794 1518 ergo
1824 1434 1954 1497 fine
1982 1431 2322 1518 modoque
2341 1482 2354 1495 .

432 1566 530 1613 965
584 1571 711 1613 nee
739 1547 948 1612 refert
979 1549 1221 1634 quibus
1251 1547 1544 1612 adsistas
1571 1549 1954 1633 regionibus
1986 1548 2160 1611 eius:

587 1685 801 1749 usque
832 1662 1004 1727 adeo
1027 1713 1042 1738 ‚
1072 1684 1269 1748 quem
1300 1663 1584 1747 quisque
1613 1664 1832 1726 loeum
1859 1661 2290 1749 possedit‚'in
2320 1664 2535 1727 omnis

590 1777 983 1843 tantundem
1011 1778 1223 1865 partis
1250 1776 1576 1840 infinitum
1605 1799 1800 1842 omne
1828 1778 2176 1863 relinquit.

587 1902 939 1981 praeterea
969 1893 1025 1956 si
1052 1892 1179 1955 iam
1207 1892 1464 1956 finitum
1495 1895 1942 1957 constituatur

587 2030 780 2072 omne
812 2008 999 2093 quod
1031 2015 1135 2072 est
1164 2007 1451 2094 spatium
1468 2056 1485 2082 ‚
1508 2009 1719 2093 siquis
1748 2017 2106 2096 procurrat
2135 2007 2224 2072 ad
2253 2029 2410 2072 oras

435 2140 534 2187 970
583 2125 856 2187 ultimus
888 2132 1218 2187 extremas
1245 2122 1577 2207 iaciatque
1604 2124 1874 2186 volatile
1907 2124 2107 2187 telum
2128 2173 2143 2195 ‚

590 2239 661 2302 id
689 2238 928 2303 validis
958 2246 1181 2301 utrum
1211 2245 1598 2302 contortum
1627 2239 1880 2302 viribus
1909 2239 2006 2301 ire

596 2376 730 2439 quo
760 2353 964 2417 fuerit
991 2353 1261 2416 missum
1289 2354 1499 2417 mavis
1529 2354 1864 2438 longeque
1892 2354 2122 2418 volare
2141 2402 2157 2427 ‚

593 2490 679 2532 an
709 2468 1065 2555 prohibere
1095 2465 1348 2551 aliquid
1378 2488 1615 2531 censes
1642 2469 2051 2551 obstareque
2081 2489 2282 2553 posse
2300 2467 2333 2528 ἱ)

594 2583 985 2646 alterutrum
1014 2582 1286 2645 fatearis
1319 2582 1492 2643 enim
1522 2602 1882 2666 sumasque
1910 2590 2288 2645 necessest.

437 2711 536 2759 975
595 2718 877 2780 quorum
905 2705 1263 2781 utrumque
1292 2696 1411 2760 tibi
1441 2695 1752 2781 effugium
1781 2694 2156 2781 praecludit
2184 2702 2252 2759 et
2280 2715 2474 2756 omne

594 2812 775 2897 cogit
802 2818 879 2875 ut
908 2821 1220 2898 exempta
1249 2810 1586 2877 concedas
1613 2810 1744 2874 fine
1772 2819 2007 2897 patere
2028 2859 2042 2872 .
2115 2850 2130 2861 ·

597 2947 750 2990 nam
782 2927 922 2990 sive
954 2935 1058 2990 est
1087 2927 1321 3012 aliquit
1350 2925 1539 3013 quod
1567 2926 1854 3012 probeat
1883 2924 2260 3010 efficiatque

596 3064 731 3128 quo
763 3043 957 3105 minu’
989 3064 1124 3127 quo
1154 3043 1426 3107 missum
1456 3048 1563 3105 est
1587 3041 1814 3105 veniat
1840 3040 2088 3125 finique
2115 3040 2296 3103 locet
2324 3059 2397 3101 se
2415 3087 2431 3111 ‚

596 3159 735 3222 sive
765 3157 952 3223 foras
980 3156 1195 3222 fertur
1213 3207 1228 3235 ‚
1258 3180 1396 3222 non
1429 3165 1534 3221 est
1561 3178 1601 3220 a
1629 3156 1759 3219 fine
1789 3155 2164 3240 profectum
2184 3205 2198 3218 .

438 3289 536 3335 980
590 3273 723 3337 hoc
754 3282 956 3359 pacto
989 3293 1235 3355 sequar
1264 3280 1468 3355 atque
1486 3319 1502 3345 ‚
1529 3290 1683 3334 oras
1712 3270 1827 3333 ubi
1857 3291 2138 3353 cumque
2167 3270 2409 3333 locaris

496 3400 501 3407 ’
597 3394 929 3451 extremas
948 3435 964 3461 ‚
989 3406 1304 3470 quaeram
1336 3383 1496 3468 quid
1529 3382 1665 3445 telo
1697 3381 1986 3467 denique
2014 3383 2164 3446 fiat.

593 3500 710 3564 fiet
736 3502 832 3563 uti
861 3520 1190 3584 nusquam
1220 3498 1437 3585 possit
1467 3497 1835 3560 consistere
1862 3496 2011 3561 finis
2030 3547 2046 3573 ,

594 3614 1035 3699 effugiumque
1066 3614 1262 3698 fugae
1292 3612 1585 3699 prolatet
1615 3612 1808 3698 copia
1838 3633 2100 3699 semper
2119 3662 2133 3676 .

677 3729 1037 3792 Praeterea
1066 3728 1355 3813 spatium
1384 3727 1658 3790 summai
1687 3728 1897 3791 totius
1928 3750 2123 3791 omne

439 3859 537 3905 985
589 3842 886 3928 undique
918 3843 972 3905 si
999 3842 1325 3905 inclusum
1354 3842 1554 3906 certis
1584 3843 1984 3907 consisteret
2013 3845 2150 3908 oris

594 3958 983 4042 finitumque
1012 3957 1189 4021 foret
1207 4006 1222 4027 ,
1243 3957 1373 4021 iam
1404 3957 1600 4045 copia
1628 3958 1924 4023 materiai

592 4072 891 4159 undique
922 4071 1334 4160 ponderibus
1366 4071 1599 4137 solidis
1629 4072 1967 4138 confluxet
1996 4073 2085 4138 ad
2113 4075 2312 4138 imum
2331 4120 2347 4148 ,

599 4352 697 4398 957
725 4347 982 4399 imensum
1033 4349 1052 4417 ΙΙ
1109 4353 1207 4400 966
1234 4367 1456 4403 omnus.
1506 4350 1529 4418 Η
1576 4347 1763 4401 971111
1808 4350 1829 4417 Η
1882 4354 1977 4402 981
2005 4349 2131 4402 fiet.
2181 4352 2202 4417 Η
2253 4354 2350 4401 984
2379 4350 2601 4403 seatium
2655 4350 2677 4417 ΙΙ
2722 4355 2820 4399 985

598 4429 834 4483 inclusus
870 4430 890 4496 ΙΙ
933 4436 1032 4482 987
1061 4430 1317 4484 confluxit
