3042 5192
1288 486 1386 554 IV
2309 492 2448 562 259

226 661 363 723 veri
409 658 640 723 (locuit
670 708 685 733 ‚
725 657 883 722 inde
913 658 1035 722 722
1066 658 1152 722 ad
1194 667 1419 724 motus
1462 661 1658 723 animi
1689 661 2121 745 explicandos
2158 668 2454 732 transiit.

225 758 327 821 his
351 758 478 820 826
499 757 826 822 absolutis
848 778 1044 820 nemo
1075 757 1384 843 profecto
1415 760 1769 822 miraretur
1787 808 1802 834 ‚
1833 760 1888 823 si
1920 763 2142 826 statim
2173 784 2253 827 ea
2284 787 2455 850 quac

223 856 307 919 ab
351 857 570 920 animo
610 856 866 919 initium
898 877 1141 943 capere
1186 855 1422 930 docet,
1463 877 1801 941 gressum,
1846 879 2181 934 somnum,
2231 860 2454 927 Vene-

222 975 362 1017 rem
396 1004 411 1029 ‚
459 954 796 1018 subiceret
827 1001 840 1015 .
886 975 1065 1016 nune
1095 975 1258 1017 vero
1290 963 1446 1018 ante
1477 977 1674 1040 quam
1707 955 1796 1019 ad
1823 956 1994 1020 haee
2023 959 2144 1021 877
2175 959 2453 1024 acceda-

221 1060 332 1115 tur
351 1099 367 1122 ‚
400 1052 528 1116 alia
558 1074 641 1115 ex
665 1051 935 1115 diverso
966 1072 1210 1136 genere
1232 1052 1581 1117 interiecta
1610 1063 1799 1126 sunt,
1833 1075 2003 1138 quae
2033 1077 2169 1120 non
2188 1045 2286 1119 'ad
2317 1061 2452 1121 ani-

221 1172 399 1214 mum
443 1149 566 1214 sed
611 1149 698 1213 ad
741 1171 979 1213 sensus
1021 1157 1089 1213 et
1132 1149 1221 1213 ad
1261 1172 1508 1237 corpus
1550 1152 1923 1236 pertinent:
1981 1174 2131 1216 nam
2174 1155 2453 1239 primum

221 1248 558 1312 822-857
603 1269 840 1310 sensus
890 1270 1028 1311 non
1087 1269 1236 1311 esse
1285 1249 1592 1313 utilitatis
1647 1270 1849 1314 causa
1899 1259 2164 1315 creatos
2218 1251 2453 1328 docet,

222 1344 475 1410 deinde
505 1346 838 1410 858-876
868 1346 1240 1410 animantes
1277 1345 1434 1411 ideo
1468 1359 1713 1434 sponte
1745 1349 1962 1412 eibum
1995 1371 2315 1435 quaerere
2344 1374 2453 1415 os-

219 1443 475 1519 tendit,
508 1443 694 1528 quod
720 1464 966 1530 corpus
997 1444 1219 1508 multis
1248 1446 1553 1530 partibus
1585 1444 2006 1510 effluentibus
2037 1446 2452 1513 debilitatum

219 1544 402 1607 vires
429 1544 735 1629 recipere
768 1541 1013 1606 debeat
1041 1590 1055 1603 .
1102 1542 1343 1607 horum
1385 1544 1613 1630 priora
1645 1565 1841 1628 quam
1887 1545 2118 1609 similia
2147 1546 2290 1611 aliis
2321 1549 2456 1613 sint

220 1664 372 1705 cum
405 1648 728 1705 contextu
762 1641 1069 1704 carminis
1108 1663 1247 1705 non
1277 1642 1499 1728 aptius
1532 1643 1904 1706 coniunctis
1925 1689 1941 1717 ,
1983 1642 2074 1705 ad
2114 1644 2352 1710 librum
2383 1670 2454 1722 11,

227 1739 343 1802 165
369 1739 768 1824 significavi:
800 1738 1077 1802 alterum
1106 1745 1349 1824 poetae
1380 1748 1519 1804 tum
1548 1741 1617 1803 in
1644 1748 1931 1805 mentem
1952 1742 2218 1806 venisse
2248 1746 2452 1809 mani·

217 1837 466 1901 festum
512 1845 655 1912 est,
697 1860 846 1902 eum
893 1859 973 1900 ea
1016 1839 1398 1923 scripsisset
1428 1840 1670 1924 quibus
1714 1832 2054 1923 quomodo
2096 1840 2284 1905 cibus
2314 1844 2452 1907 ani-

217 1957 392 1998 mam
438 1934 762 1999 adficeret
805 1936 1120 2021 exposuit
1159 1936 1370 1999 954-
1395 1936 1513 1999 961
1546 1984 1558 1997 .
1602 1944 1890 2021 utraque
1935 1938 2020 2001 ab
2062 1950 2453 2022 argumento

219 2033 372 2098 libri
405 2035 630 2118 quarti
660 2034 876 2099 aliena
904 2057 1043 2099 non
1075 2041 1232 2099 sunt
1255 2084 1269 2108 ‚
1301 2032 1423 2097 sed
1455 2056 1581 2097 nec
1613 2057 1734 2097 suo
1766 2035 1917 2099 loeo
1948 2037 2203 2121 posita,
2234 2059 2452 2123 neque

215 2134 312 2195 ita
344 2132 601 2218 scripta
629 2146 706 2197 ut
732 2134 848 2197 ulli
879 2134 1185 2197 carminis
1218 2133 1396 2217 parti
1424 2139 1607 2195 recte
1638 2133 1836 2195 inseri
1867 2132 2133 2216 possint
2162 2182 2175 2195 .
2222 2135 2452 2219 itaque

218 2230 390 2294 haec
434 2252 703 2315 quoque
745 2232 874 2295 alio
919 2240 1220 2316 tempore
1267 2229 1640 2314 composita
1680 2237 1839 2292 sunt
1865 2276 1879 2303 ‚
1939 2250 2086 2291 cum
2125 2237 2331 2314 poeta
2374 2254 2452 2297 ea

217 2351 395 2414 quae
424 2330 551 2392 iam
579 2331 956 2417 perscripta
989 2335 1216 2392 essent
1242 2348 1381 2390 non
1409 2326 1692 2390 haberet
1717 2326 1787 2388 in
1816 2326 2118 2390 manibus
2138 2375 2151 2389 .

392 2426 1084 2490 825.Pnosp1cmn
1132 2448 1226 2490 ur
1267 2446 1700 2496 possulum,
1759 2446 1854 2487 Er
1895 2446 1993 2487 Ur
2036 2447 2450 2491 ruer-Enni:

215 2549 358 2589 νιΛ
420 2525 855 2588 Pnocssnos
916 2546 1245 2588 missus.
1304 2523 1510 2585 Immo
1571 2523 1807 2586 lumina
1851 2524 2165 2587 ocedorum
2210 2537 2450 2606 creata,

216 2625 584 2708 Prospicere
623 2634 690 2686 ut
732 2645 1143 2688 POSSEMUS
1173 2647 1187 2685 ε
1232 2622 1328 2685 ita
1358 2622 1529 2684 enim
1559 2641 1823 2704 semper
1851 2619 2202 2684 Lucretius
2221 2669 2235 2696 ‚
2276 2629 2355 2685 ut
2382 2623 2451 2686 in

215 2722 543 2807 proximis
586 2721 895 2784 Bracchia
924 2733 1051 2784 tum
1079 2743 1273 2805 porro
1300 2720 1519 2782 validis
1549 2741 1623 2781 ex
1665 2729 1810 2803 apta
1853 2719 2095 2783 laceo-1225·
2126 2719 2279 2798 Esse
2314 2743 2449 2784 ma·

213 2842 450 2905 masque
480 2820 655 2882 datas
669 2867 687 2898 ,
743 2818 818 2881 Ut
839 2818 1065 2905 facere
1094 2819 1179 2881 ad
1203 2818 1385 2880 vitam
1404 2839 1721 2900 possemus
1749 2838 1907 2902 quae
1929 2817 2105 2904 foret
2129 2841 2274 2884 rme-9
2288 2866 2306 2898 ,
2336 2819 2450 2882 ubi

215 2916 547 2982 Marullus
589 2915 856 2979 soloece
901 2917 1249 3001 possimus5
1312 2921 1382 2976 et
1411 2914 1532 2977 Nil
1570 2914 1707 2975 ideo
1747 2915 2038 2998 quoniam
2080 2926 2346 2979 nahem-st
2385 2918 2453 2979 in

213 3038 475 3101 corpore
502 3063 519 3094 ,
565 3026 633 3078 uc
655 3016 748 3077 uti
778 3014 1097 3078 Possemus
1126 3060 1139 3074 .
1190 3010 1313 3075 sed
1342 3012 1411 3074 in
1447 3009 1583 3072 hoc
1614 3009 1699 3071 de
1732 3031 1866 3094 quo
1899 3011 2119 3095 agitur
2145 3033 2349 3075 versu
2373 3021 2451 3077 ut

211 3114 447 3201 priora
479 3113 911 3197 praeteritum
943 3119 1204 3197 tempus
1224 3157 1239 3182 ‚
1284 3110 1380 3172 ita
1410 3128 1583 3193 quae
1614 3114 1931 3170 secuntur
1960 3129 2284 3193 praesens
2305 3132 2449 3194 pos—

210 3214 408 3274 simus
437 3211 746 3294 exigunt,
777 3221 833 3274 et
857 3221 925 3274 ut
948 3210 1240 3297 proferre
1267 3208 1393 3270 viai
1422 3207 1720 3270 Pmceros
1737 3228 1963 3290 passus
1978 3254 1996 3286 ‚
2026 3207 2160 3270 ideo
2184 3206 2452 3293 sastiqia

205 3334 389 3397 posse
419 3309 728 3372 Sur-amm
772 3331 847 3371 ac
873 3307 1185 3395 feminum
1216 3305 1479 3391 pedibus
1503 3304 1783 3391 fiendam
1810 3304 2046 3388 plicari
2077 3353 2091 3367 .
2140 3324 2302 3389 ergo
2342 3304 2450 3368 his

213 3406 563 3493 proprium
592 3406 866 3469 verbum
898 3392 1397 3468 attribuendum
1436 3408 1543 3465 est
1570 3400 1703 3464 hoc
1731 3399 1933 3464 modo
1953 3448 1968 3474 ‚
1998 3412 2055 3466 et
2077 3412 2146 3465 ut
2160 3401 2451 3489 proferre

208 3526 595 3580 Qun-:Anus
640 3505 939 3567 Proceros
967 3524 1244 3588 passtae3
1298 3499 1506 3585 idque
1569 3520 1649 3562 eo
1703 3499 1914 3584 magis
1970 3498 2155 3583 quod
2199 3501 2453 3585 proceri

194 3625 429 3689 pass-tw
454 3602 589 3665 viae
617 3601 778 3664 nulli
809 3608 967 3664 sunt
985 3647 999 3672 ,
1039 3619 1259 3684 neque
1287 3597 1464 3661 ullus
1494 3597 1938 3683 interpretum
1968 3598 2303 3682 explicare
2333 3617 2447 3660 au—

205 3721 326 3763 sus
359 3705 499 3770 est,
531 3706 801 3783 praeter
830 3698 1018 3762 Pium
1042 3747 1055 3774 ‚
1103 3696 1216 3782 qui
1247 3694 1410 3759 dicit
1438 3714 1588 3756 esse
1616 3716 1869 3779 maynos
1890 3697 2128 3780 yradus
2156 3706 2212 3759 et
2234 3696 2449 3780 spacia

207 3800 345 3862 tiae
366 3847 379 3860 .
410 3817 615 3860 versu
647 3796 768 3861 877
802 3797 991 3860 Nunc
1022 3795 1269 3884 qm‘fiat
1293 3795 1382 3856 uti
1397 3815 1625 3878 passu-s·
1639 3792 1931 3879 proferre
1959 3814 2250 3879 queamus
2269 3840 2282 3853 .

378 3894 521 3958 830.
554 3916 821 3957 nArAs
864 3913 1244 3969 urRAQUE
1288 3912 1550 3954 PARTE
1591 3911 2069 3953 M1N1srRAS.
2123 3887 2450 3952 Marullus

203 4018 244 4057 a
263 4003 456 4079 parte
475 4039 489 4052 .
519 3992 745 4055 verius
782 4000 889 4055 est
931 4002 1190 4076 utraque
1218 4010 1257 4050 E
1277 4010 1323 4051 x
1353 3998 1573 4074 parte,
1611 3995 1689 4051 ut
1729 3987 1799 4050 in
1826 3987 2020 4063 v‚511
2058 3988 2164 4053 Ex
2190 3998 2451 4073 utraque

191 4092 418 4176 polum
443 4091 623 4175 parti
643 4113 931 4175 premere
965 4099 1148 4152 αὲνα.
1195 4097 1505 4171 exparte,
1549 4107 1689 4149 non
1718 4110 1784 4166 e,
1811 4094 1891 4150 ut
1922 4084 2061 4148 dixi
2090 4083 2181 4148 ad
2209 4084 2452 4148 librum

208 4210 253 4262 ι,
269 4187 434 4252 843.
481 4207 701 4272 neque
742 4188 1010 4271 saepius
1054 4207 1253 4271 quam
1281 4195 1416 4264 ter,
1451 4187 1581 4251 nisi
1610 4186 1842 4264 fallor,
1879 4187 1991 4252 hic
2033 4193 2238 4272 poeta
2279 4183 2451 4247 dixit

205 4298 491 4372 aparte,
535 4286 604 4348 in
635 4308 725 4360 ιν,
741 4286 866 4350 428
899 4286 1120 4372 Lonya
1156 4298 1354 4350 tamen
1374 4296 1561 4372 parte
1590 4287 1667 4349 ab
1694 4308 1932 4350 summa
1968 4308 2106 4349 cum
2139 4294 2258 4347 tota
2286 4282 2449 4345 vide·

206 4395 345 4463 tur,
393 4390 464 4445 et
504 4383 572 4444 in
615 4383 817 4458 v,685
866 4382 953 4447 Et
989 4384 1155 4470 quod
1193 4384 1270 4446 ab
1313 4386 1609 4449 alterutra
1639 4385 1905 4449 detraxit
1927 4392 2111 4469 parte
2135 4429 2154 4462 ,
2195 4380 2354 4444 item
2380 4379 2449 4442 in

1920 4481 1994 4543 17
2019 4482 2045 4508 ⁶
