3042 5192
1284 457 1380 526 111
2303 459 2436 530 107

97 655 171 702 862
213 637 346 723 ipsc
376 655 651 721 quoque
681 652 832 697 esse
859 631 929 695 in
958 651 1040 695 eo
1070 637 1211 694 tum
1240 639 1543 717 tempore
1561 678 1577 706 ‚
1599 630 1705 694 cui
1731 631 1903 696 male
1930 633 2149 719 possit

216 749 539 816 accidere:
562 748 636 814 id
665 747 977 832 quoniam
1006 767 1188 810 mors
1219 744 1472 822 eximit,
1496 765 1780 829 esseque
1807 747 2054 832 probet

217 866 382 929 illum
412 864 521 928 cui
550 862 821 949 possint
846 859 1271 925 incommoda
1299 859 1637 924 conciliari
1654 908 1669 935 ‚

97 996 173 1042 366
217 980 373 1044 scire
398 979 559 1042 licet
586 977 786 1041 nobis
813 975 907 1039 nil
936 996 1087 1040 esse
1116 975 1185 1038 in
1210 982 1427 1040 morte
1456 974 1825 1040 timendum
1843 1024 1859 1052 ‚

217 1114 330 1156 nec
355 1093 674 1157 miserum
700 1089 842 1156 fieri
873 1089 986 1174 qui
1012 1109 1154 1152 non
1183 1096 1288 1154 est
1313 1110 1521 1175 posse
1540 1136 1557 1165 ‚
1577 1111 1797 1176 neque
1823 1091 2030 1157 hilum

219 1206 467 1272 differre
498 1214 659 1271 ante
688 1205 825 1270 ullo
852 1203 1057 1268 fuerit
1083 1204 1213 1268 iam
1240 1212 1546 1291 tempore
1574 1210 1775 1270 natus
1793 1252 1809 1280 ‚

222 1322 557 1387 mortalem
585 1321 792 1386 vitam
817 1341 1000 1384 mors
1032 1340 1180 1382 cum
1207 1319 1576 1385 inmortalis
1604 1318 1853 1385 ademit
1869 1368 1884 1383 .

97 1453 172 1500 670
289 1435 582 1501 Proinde
610 1435 727 1501 ubi
754 1455 827 1500 se
854 1432 1089 1498 videas
1115 1433 1452 1498 hominem
1478 1433 1889 1520 indignarier
1914 1435 2130 1523 ipsum
2152 1484 2166 1510 ‚

219 1559 365 1638 post
388 1557 674 1614 mortem
703 1547 851 1614 fore
879 1557 961 1615 ut
987 1555 1105 1614 aut
1124 1555 1448 1636 ‘putescat
1475 1569 1762 1635 corpore
1790 1557 1994 1637 posto

220 1673 325 1732 aut
350 1664 628 1729 flammis
655 1663 947 1729 interfiat
970 1664 1247 1730 malisve
1273 1664 1567 1729 ferarum
1583 1711 1599 1741 ‚

225 1780 379 1844 scire
403 1779 563 1844 licet
590 1800 731 1844 non
761 1779 1092 1844 sincerum
1121 1799 1364 1844 sonere
1382 1827 1398 1854 ‚
1420 1792 1625 1864 atque
1655 1779 1933 1844 subesse

227 1915 473 1959 caccum
501 1893 795 1980 aliquem
824 1891 1015 1958 cordi
1044 1893 1379 1958 stimulum
1398 1940 1414 1970 ,
1439 1895 1742 1979 quamvis
1771 1900 1974 1981 neget
1999 1896 2148 1983 ipse

99 2025 179 2071 875
225 2009 479 2073 credere
509 2030 587 2074 se
617 2029 1019 2094 quemquam
1047 2008 1174 2074 sibi
1203 2029 1471 2073 sensum
1497 2009 1568 2073 in
1593 2015 1810 2074 morte
1835 2008 2164 2075 futurum:

224 2145 379 2200 non,
397 2132 474 2189 ut
502 2123 750 2212 opinor
767 2171 783 2201 ‚
806 2124 979 2210 enim
1010 2122 1131 2190 dat
1160 2122 1348 2209 quod
1374 2124 1707 2210 promittit
1735 2131 1806 2189 et
1832 2123 2012 2189 unde
2030 2174 2046 2200 ‚

225 2259 339 2302 nec
363 2238 686 2303 radicitus
716 2260 753 2302 e
779 2237 921 2303 vita
947 2258 1022 2302 se
1048 2238 1225 2303 tollit
1252 2245 1323 2302 et
1352 2238 1505 2303 eicit
1521 2285 1538 2314 ‚

223 2351 335 2415 sed
358 2352 517 2417 facit
551 2374 701 2417 esse
731 2353 834 2417 sui
864 2351 1182 2438 quiddam
1212 2374 1415 2441 super
1442 2352 1694 2417 inscius
1721 2353 1867 2441 ipse
1886 2404 1900 2417 .

222 2467 399 2533 vivus
427 2470 601 2533 enim
631 2469 758 2533 sibi
786 2490 935 2532 cum
962 2468 1285 2555 proponit
1315 2468 1601 2553 quisque
1627 2467 1924 2534 futurum
1941 2519 1958 2546 ‚

102 2596 179 2642 ⁸30
227 2602 457 2669 eorpus
484 2584 587 2648 uti
612 2583 922 2648 volucres
949 2583 1247 2647 lacerent
1273 2583 1342 2647 in
1367 2590 1586 2650 morte
1612 2582 1930 2670 feraeque
1948 2634 1963 2662 ‚

224 2696 359 2782 ipse
387 2699 487 2763 sui
512 2698 815 2764 miseret:
856 2718 1074 2783 neque
1105 2697 1276 2762 enim
1307 2720 1380 2763 se
1411 2697 1649 2764 dividit
1674 2700 1832 2764 illim

227 2833 341 2875 nec
366 2821 665 2878 removet
692 2813 857 2877 satis
876 2860 893 2887 ‚
920 2833 962 2876 a
987 2812 1293 2898 proiecto
1326 2835 1615 2901 corpore
1632 2862 1648 2890 ‚
1673 2821 1743 2879 et
1767 2815 1950 2879 illum

225 2947 291 2989 se
315 2926 500 3012 fingit
527 2948 864 3013 sensuque
898 2948 1021 2991 suo
1053 2928 1463 2993 contaminat
1490 2937 1756 2994 astans:

224 3039 367 3105 hinc
392 3041 777 3129 indignatur
806 3064 880 3107 se
909 3043 1257 3108 mortalem
1287 3065 1436 3108 esse
1466 3051 1762 3108 creatum
1778 3092 1795 3118 ‚

102 3169 180 3215 ⁸85
224 3177 339 3221 nec
362 3157 549 3222 videt
574 3158 644 3222 in
670 3177 835 3222 vera
860 3157 1114 3222 nullum
1140 3157 1287 3224 fore
1314 3166 1532 3224 morte
1561 3159 1760 3223 alium
1788 3180 1862 3223 se
1880 3208 1895 3234 ,

230 3272 334 3355 qui
357 3273 576 3359 possit
600 3274 797 3338 vivus
827 3273 953 3338 sibi
981 3295 1055 3338 se
1084 3274 1311 3360 lugere
1339 3281 1759 3361 peremptum
1777 3322 1794 3349 ‚

230 3393 539 3475 stansque
566 3389 895 3481 iacentem
923 3410 998 3453 se
1025 3389 1307 3454 lacerari
1334 3391 1522 3455 urive
1555 3389 1783 3455 dolere
1803 3440 1816 3453 .

228 3521 367 3565 nam
395 3505 451 3568 si
479 3505 548 3568 in
576 3513 794 3570 morte
819 3503 1131 3570 malumst
1156 3506 1346 3571 malis
1372 3527 1737 3591 morsuque
1764 3505 2056 3571 ferarum

227 3619 490 3684 tractari
507 3668 523 3695 ‚
543 3641 684 3684 non
712 3620 978 3685 invenio
1012 3620 1126 3705 qui
1151 3642 1292 3686 non
1321 3622 1412 3686 sit
1439 3621 1753 3686 acerbum

103 3742 180 3790 ⁸⁹⁰
223 3730 472 3816 ignibus
500 3735 865 3821 inpositum
894 3733 1126 3799 calidis
1154 3742 1530 3802 torrescere
1557 3736 1834 3802 flammis
1853 3787 1869 3812 ‚

224 3857 331 3912 aut
353 3849 421 3913 in
446 3850 642 3915 melle
670 3850 872 3914 situm
899 3850 1212 3915 suffocari
1239 3860 1443 3938 atque
1471 3853 1690 3938 rigere

230 4159 319 4206 863
344 4173 467 4209 mox
501 4158 523 4226 ΙΙ
558 4156 809 4228 prohibe.
848 4158 869 4228 ΙΙ
907 4164 1007 4211 868
1043 4157 1258 4213 annullo
1283 4160 1440 4213 anulo
1477 4159 1498 4229 ΙΙ
1538 4168 1631 4214 871
1672 4167 1830 4231 putes
1868 4160 1888 4229 ΙΙ
1925 4166 2023 4213 873
2062 4177 2132 4214 no
2172 4161 2193 4230 ΙΙ
2231 4169 2328 4215 877
2356 4180 2440 4215 ra·

232 4236 433 4293 dicitius
469 4241 489 4310 ΙΙ
528 4247 630 4295 880
668 4241 904 4296 iacerent
940 4244 961 4314 ΙΙ
999 4247 1098 4296 886
1125 4242 1224 4298 Cui
1261 4247 1281 4314 ΙΙ
1319 4251 1416 4299 887
1454 4263 1515 4301 se
1540 4253 1803 4301 omissum.
1847 4246 1869 4313 ΙΙ
1902 4245 2112 4300 dolore.
2153 4245 2173 4314 ΙΙ
2210 4252 2308 4301 890
2328 4253 2442 4300 tor-

229 4339 515 4379 rer-esecere
