<?xml version="1.0" encoding="UTF-8"?>
<!DOCTYPE html PUBLIC "-//W3C//DTD XHTML 1.0 Transitional//EN"
    "http://www.w3.org/TR/xhtml1/DTD/xhtml1-transitional.dtd">
<html xmlns="http://www.w3.org/1999/xhtml" xml:lang="en" lang="en">
 <head>
  <title>
</title>
<meta http-equiv="Content-Type" content="text/html;charset=utf-8" />
  <meta name='ocr-system' content='tesseract 3.04.00' />
  <meta name='ocr-capabilities' content='ocr_page ocr_carea ocr_par ocr_line ocrx_word'/>
</head>
<body>
  <div class='ocr_page' id='page_1' title='image "./tlucreticarider04unkngoog_0134.png"; bbox 0 0 3042 5192; ppageno 0'>
   <div class='ocr_carea' id='block_1_1' title="bbox 649 436 1819 509">
    <p class='ocr_par' dir='ltr' id='par_1_1' title="bbox 649 436 1819 509">
     <span class='ocr_line' id='line_1_1' title="bbox 649 436 1819 509; baseline -0.005 0"><span class='ocrx_word' id='word_1_1' title='bbox 649 440 785 509; x_wconf 86' lang='lat'><strong>122</strong></span> <span class='ocrx_word' id='word_1_2' title='bbox 1692 436 1819 503; x_wconf 89' lang='lat'>1111</span> 
     </span>
    </p>
   </div>
   <div class='ocr_carea' id='block_1_2' title="bbox 487 608 2523 4022">
    <p class='ocr_par' dir='ltr' id='par_1_2' title="bbox 487 608 2523 4022">
     <span class='ocr_line' id='line_1_2' title="bbox 641 608 2358 700; baseline -0.002 -22"><span class='ocrx_word' id='word_1_3' title='bbox 641 613 1120 700; x_wconf 80' lang='lat' dir='ltr'>multiplexque</span> <span class='ocrx_word' id='word_1_4' title='bbox 1150 610 1281 676; x_wconf 92' lang='lat' dir='ltr'><strong>loci</strong></span> <span class='ocrx_word' id='word_1_5' title='bbox 1311 612 1599 699; x_wconf 88' lang='lat' dir='ltr'><strong>spatium</strong></span> <span class='ocrx_word' id='word_1_6' title='bbox 1627 617 2090 673; x_wconf 77' lang='lat' dir='ltr'>transcurrere</span> <span class='ocrx_word' id='word_1_7' title='bbox 2113 608 2358 674; x_wconf 87' lang='lat' dir='ltr'><strong>eodem</strong></span> 
     </span>
     <span class='ocr_line' id='line_1_3' title="bbox 638 723 2342 815; baseline -0.004 -22"><span class='ocrx_word' id='word_1_8' title='bbox 638 738 941 815; x_wconf 90' lang='lat' dir='ltr'><strong>tempore</strong></span> <span class='ocrx_word' id='word_1_9' title='bbox 972 747 1107 811; x_wconf 89' lang='lat' dir='ltr'><strong>quo</strong></span> <span class='ocrx_word' id='word_1_10' title='bbox 1139 725 1303 789; x_wconf 89' lang='lat' dir='ltr'><strong>solis</strong></span> <span class='ocrx_word' id='word_1_11' title='bbox 1333 723 1736 810; x_wconf 80' lang='lat' dir='ltr'><strong>pervolgant</strong></span> <span class='ocrx_word' id='word_1_12' title='bbox 1760 723 2011 788; x_wconf 88' lang='lat' dir='ltr'><strong>lumina</strong></span> <span class='ocrx_word' id='word_1_13' title='bbox 2037 723 2342 789; x_wconf 82' lang='lat' dir='ltr'><strong>caelum?</strong></span> 
     </span>
     <span class='ocr_line' id='line_1_4' title="bbox 639 837 2494 927; baseline -0.001 -20"><span class='ocrx_word' id='word_1_14' title='bbox 639 843 775 907; x_wconf 92' lang='lat' dir='ltr'><strong>hoc</strong></span> <span class='ocrx_word' id='word_1_15' title='bbox 805 841 1001 906; x_wconf 88' lang='lat' dir='ltr'><strong>etiam</strong></span> <span class='ocrx_word' id='word_1_16' title='bbox 1027 840 1097 904; x_wconf 92' lang='lat' dir='ltr'><strong>in</strong></span> <span class='ocrx_word' id='word_1_17' title='bbox 1126 839 1355 927; x_wconf 86' lang='lat' dir='ltr'><strong>primis</strong></span> <span class='ocrx_word' id='word_1_18' title='bbox 1385 839 1722 926; x_wconf 78' lang='lat' dir='ltr'><strong>specimen</strong></span> <span class='ocrx_word' id='word_1_19' title='bbox 1750 859 1982 903; x_wconf 82' lang='lat' dir='ltr'><strong>verum</strong></span> <span class='ocrx_word' id='word_1_20' title='bbox 2013 858 2164 902; x_wconf 89' lang='lat' dir='ltr'><strong>esse</strong></span> <span class='ocrx_word' id='word_1_21' title='bbox 2192 837 2461 906; x_wconf 86' lang='lat' dir='ltr'><strong>videtur</strong></span> <span class='ocrx_word' id='word_1_22' title='bbox 2478 890 2494 916; x_wconf 79' lang='lat'>‚</span> 
     </span>
     <span class='ocr_line' id='line_1_5' title="bbox 488 952 2284 1042; baseline -0.002 -21"><span class='ocrx_word' id='word_1_23' title='bbox 488 974 587 1021; x_wconf 84' lang='lat'><strong>210</strong></span> <span class='ocrx_word' id='word_1_24' title='bbox 644 978 843 1042; x_wconf 85' lang='lat' dir='ltr'><strong>quam</strong></span> <span class='ocrx_word' id='word_1_25' title='bbox 874 955 1073 1019; x_wconf 89' lang='lat' dir='ltr'><strong>celeri</strong></span> <span class='ocrx_word' id='word_1_26' title='bbox 1102 961 1288 1018; x_wconf 88' lang='lat' dir='ltr'><strong>motu</strong></span> <span class='ocrx_word' id='word_1_27' title='bbox 1315 974 1538 1017; x_wconf 87' lang='lat' dir='ltr'><strong>rerum</strong></span> <span class='ocrx_word' id='word_1_28' title='bbox 1567 952 1922 1018; x_wconf 85' lang='lat' dir='ltr'><strong>simulacra</strong></span> <span class='ocrx_word' id='word_1_29' title='bbox 1946 952 2250 1018; x_wconf 83' lang='lat' dir='ltr'><strong>ferantur</strong></span> <span class='ocrx_word' id='word_1_30' title='bbox 2268 1003 2284 1029; x_wconf 91' lang='lat'><strong>‚</strong></span> 
     </span>
     <span class='ocr_line' id='line_1_6' title="bbox 643 1066 2350 1157; baseline 0 -23"><span class='ocrx_word' id='word_1_31' title='bbox 643 1069 831 1157; x_wconf 85' lang='lat' dir='ltr'><strong>quod</strong></span> <span class='ocrx_word' id='word_1_32' title='bbox 859 1069 1054 1133; x_wconf 83' lang='lat' dir='ltr'><strong>simul</strong></span> <span class='ocrx_word' id='word_1_33' title='bbox 1081 1089 1161 1133; x_wconf 88' lang='lat' dir='ltr'><strong>ac</strong></span> <span class='ocrx_word' id='word_1_34' title='bbox 1187 1069 1469 1154; x_wconf 88' lang='lat' dir='ltr'><strong>primum</strong></span> <span class='ocrx_word' id='word_1_35' title='bbox 1499 1067 1628 1130; x_wconf 89' lang='lat' dir='ltr'><strong>sub</strong></span> <span class='ocrx_word' id='word_1_36' title='bbox 1659 1066 1773 1130; x_wconf 90' lang='lat' dir='ltr'><strong>diu</strong></span> <span class='ocrx_word' id='word_1_37' title='bbox 1802 1066 2128 1153; x_wconf 88' lang='lat' dir='ltr'><strong>splendor</strong></span> <span class='ocrx_word' id='word_1_38' title='bbox 2155 1070 2350 1153; x_wconf 81' lang='lat' dir='ltr'><strong>aquai</strong></span> 
     </span>
     <span class='ocr_line' id='line_1_7' title="bbox 645 1181 2137 1272; baseline -0.002 -22"><span class='ocrx_word' id='word_1_39' title='bbox 645 1186 918 1272; x_wconf 86' lang='lat' dir='ltr'><strong>ponitur</strong></span> <span class='ocrx_word' id='word_1_40' title='bbox 938 1233 952 1260; x_wconf 91' lang='lat'>‚</span> <span class='ocrx_word' id='word_1_41' title='bbox 977 1182 1311 1269; x_wconf 83' lang='lat' dir='ltr'><strong>extemplo</strong></span> <span class='ocrx_word' id='word_1_42' title='bbox 1342 1181 1526 1246; x_wconf 89' lang='lat' dir='ltr'><strong>caelo</strong></span> <span class='ocrx_word' id='word_1_43' title='bbox 1559 1181 1868 1247; x_wconf 75' lang='lat' dir='ltr'><strong>stellante</strong></span> <span class='ocrx_word' id='word_1_44' title='bbox 1898 1203 2137 1247; x_wconf 89' lang='lat' dir='ltr'><strong>serena</strong></span> 
     </span>
     <span class='ocr_line' id='line_1_8' title="bbox 642 1295 2277 1384; baseline -0.003 -20"><span class='ocrx_word' id='word_1_45' title='bbox 642 1297 868 1364; x_wconf 86' lang='lat' dir='ltr'><strong>sidera</strong></span> <span class='ocrx_word' id='word_1_46' title='bbox 893 1295 1312 1383; x_wconf 90' lang='lat' dir='ltr'><strong>respondent</strong></span> <span class='ocrx_word' id='word_1_47' title='bbox 1335 1297 1405 1360; x_wconf 90' lang='lat' dir='ltr'><strong>in</strong></span> <span class='ocrx_word' id='word_1_48' title='bbox 1434 1317 1612 1384; x_wconf 87' lang='lat' dir='ltr'><strong>aqua</strong></span> <span class='ocrx_word' id='word_1_49' title='bbox 1637 1295 1969 1361; x_wconf 70' lang='lat' dir='ltr'>radiantia</span> <span class='ocrx_word' id='word_1_50' title='bbox 1992 1295 2243 1360; x_wconf 87' lang='lat' dir='ltr'><strong>mundo</strong></span> <span class='ocrx_word' id='word_1_51' title='bbox 2263 1346 2277 1359; x_wconf 91' lang='lat'>.</span> 
     </span>
     <span class='ocr_line' id='line_1_9' title="bbox 639 1411 2398 1498; baseline -0.001 -21"><span class='ocrx_word' id='word_1_52' title='bbox 639 1416 856 1478; x_wconf 90' lang='lat' dir='ltr'><strong>iamne</strong></span> <span class='ocrx_word' id='word_1_53' title='bbox 884 1411 1076 1476; x_wconf 87' lang='lat' dir='ltr'><strong>vides</strong></span> <span class='ocrx_word' id='word_1_54' title='bbox 1103 1412 1306 1498; x_wconf 84' lang='lat' dir='ltr'><strong>igitur</strong></span> <span class='ocrx_word' id='word_1_55' title='bbox 1337 1432 1538 1496; x_wconf 90' lang='lat' dir='ltr'><strong>quam</strong></span> <span class='ocrx_word' id='word_1_56' title='bbox 1564 1418 1821 1497; x_wconf 91' lang='lat' dir='ltr'><strong>puncto</strong></span> <span class='ocrx_word' id='word_1_57' title='bbox 1850 1418 2154 1497; x_wconf 87' lang='lat' dir='ltr'><strong>tempore</strong></span> <span class='ocrx_word' id='word_1_58' title='bbox 2180 1412 2398 1496; x_wconf 84' lang='lat' dir='ltr'><strong>imago</strong></span> 
     </span>
     <span class='ocr_line' id='line_1_10' title="bbox 491 1525 2205 1592; baseline -0.001 -2"><span class='ocrx_word' id='word_1_59' title='bbox 491 1546 587 1592; x_wconf 80' lang='lat'><strong>215</strong></span> <span class='ocrx_word' id='word_1_60' title='bbox 643 1527 935 1592; x_wconf 90' lang='lat' dir='ltr'><strong>aetheris</strong></span> <span class='ocrx_word' id='word_1_61' title='bbox 967 1547 1052 1589; x_wconf 78' lang='lat' dir='ltr'><strong>ex</strong></span> <span class='ocrx_word' id='word_1_62' title='bbox 1081 1526 1217 1590; x_wconf 87' lang='lat' dir='ltr'><strong>oris</strong></span> <span class='ocrx_word' id='word_1_63' title='bbox 1245 1525 1316 1589; x_wconf 90' lang='lat' dir='ltr'><strong>in</strong></span> <span class='ocrx_word' id='word_1_64' title='bbox 1348 1533 1674 1590; x_wconf 87' lang='lat' dir='ltr'><strong>terrarum</strong></span> <span class='ocrx_word' id='word_1_65' title='bbox 1704 1525 1970 1590; x_wconf 87' lang='lat' dir='ltr'><strong>accidat</strong></span> <span class='ocrx_word' id='word_1_66' title='bbox 1998 1546 2154 1589; x_wconf 87' lang='lat' dir='ltr'><strong>oras</strong></span> <span class='ocrx_word' id='word_1_67' title='bbox 2172 1525 2205 1587; x_wconf 75' lang='lat' dir='ltr'>P</span> 
     </span>
     <span class='ocr_line' id='line_1_11' title="bbox 645 1640 2398 1728; baseline -0.001 -22"><span class='ocrx_word' id='word_1_68' title='bbox 645 1662 854 1728; x_wconf 84' lang='lat' dir='ltr'><strong>quare</strong></span> <span class='ocrx_word' id='word_1_69' title='bbox 885 1642 1083 1704; x_wconf 87' lang='lat' dir='ltr'><strong>etiam</strong></span> <span class='ocrx_word' id='word_1_70' title='bbox 1113 1647 1315 1725; x_wconf 87' lang='lat' dir='ltr'><strong>atque</strong></span> <span class='ocrx_word' id='word_1_71' title='bbox 1347 1640 1546 1728; x_wconf 82' lang='lat' dir='ltr'><strong>etiam</strong></span> <span class='ocrx_word' id='word_1_72' title='bbox 1573 1642 1744 1705; x_wconf 85' lang='lat' dir='ltr'><strong>mitti</strong></span> <span class='ocrx_word' id='word_1_73' title='bbox 1769 1640 2024 1705; x_wconf 76' lang='lat' dir='ltr'><strong>fateare</strong></span> <span class='ocrx_word' id='word_1_74' title='bbox 2049 1650 2398 1705; x_wconf 78' lang='lat' dir='ltr'><strong>necessest</strong></span> 
     </span>
     <span class='ocr_line' id='line_1_12' title="bbox 645 1752 2452 1844; baseline -0.002 -22"><span class='ocrx_word' id='word_1_75' title='bbox 645 1777 933 1844; x_wconf 84' lang='lat' dir='ltr'><strong>corpora</strong></span> <span class='ocrx_word' id='word_1_76' title='bbox 962 1775 1134 1840; x_wconf 87' lang='lat' dir='ltr'><strong>quae</strong></span> <span class='ocrx_word' id='word_1_77' title='bbox 1162 1752 1407 1818; x_wconf 85' lang='lat' dir='ltr'><strong>feriant</strong></span> <span class='ocrx_word' id='word_1_78' title='bbox 1435 1755 1672 1818; x_wconf 90' lang='lat' dir='ltr'><strong>oculos</strong></span> <span class='ocrx_word' id='word_1_79' title='bbox 1701 1755 2053 1839; x_wconf 85' lang='lat' dir='ltr'><strong>visumque</strong></span> <span class='ocrx_word' id='word_1_80' title='bbox 2081 1755 2452 1820; x_wconf 74' lang='lat' dir='ltr'><strong>lacessant:</strong></span> 
     </span>
     <span class='ocr_line' id='line_1_13' title="bbox 644 1867 2246 1960; baseline -0.001 -25"><span class='ocrx_word' id='word_1_81' title='bbox 644 1875 1109 1960; x_wconf 86' lang='lat' dir='ltr'><strong>perpetuoque</strong></span> <span class='ocrx_word' id='word_1_82' title='bbox 1134 1867 1351 1932; x_wconf 85' lang='lat' dir='ltr'><strong>fluunt</strong></span> <span class='ocrx_word' id='word_1_83' title='bbox 1380 1869 1583 1932; x_wconf 85' lang='lat' dir='ltr'><strong>certis</strong></span> <span class='ocrx_word' id='word_1_84' title='bbox 1610 1869 1699 1934; x_wconf 85' lang='lat' dir='ltr'><strong>ab</strong></span> <span class='ocrx_word' id='word_1_85' title='bbox 1728 1870 1931 1934; x_wconf 87' lang='lat' dir='ltr'><strong>rebus</strong></span> <span class='ocrx_word' id='word_1_86' title='bbox 1961 1868 2246 1946; x_wconf 79' lang='lat' dir='ltr'><strong>odores3</strong></span> 
     </span>
     <span class='ocr_line' id='line_1_14' title="bbox 639 1982 2427 2072; baseline -0.001 -23"><span class='ocrx_word' id='word_1_87' title='bbox 639 1986 849 2072; x_wconf 86' lang='lat' dir='ltr'><strong>frigus</strong></span> <span class='ocrx_word' id='word_1_88' title='bbox 878 1992 955 2047; x_wconf 90' lang='lat' dir='ltr'><strong>ut</strong></span> <span class='ocrx_word' id='word_1_89' title='bbox 982 2003 1025 2045; x_wconf 84' lang='lat' dir='ltr'><strong>a</strong></span> <span class='ocrx_word' id='word_1_90' title='bbox 1049 1982 1265 2046; x_wconf 85' lang='lat' dir='ltr'><strong>fluviis</strong></span> <span class='ocrx_word' id='word_1_91' title='bbox 1284 2030 1300 2058; x_wconf 93' lang='lat'>‚</span> <span class='ocrx_word' id='word_1_92' title='bbox 1324 1983 1510 2046; x_wconf 87' lang='lat' dir='ltr'><strong>calor</strong></span> <span class='ocrx_word' id='word_1_93' title='bbox 1539 1984 1625 2048; x_wconf 84' lang='lat' dir='ltr'><strong>ab</strong></span> <span class='ocrx_word' id='word_1_94' title='bbox 1656 1983 1798 2048; x_wconf 91' lang='lat' dir='ltr'><strong>sole</strong></span> <span class='ocrx_word' id='word_1_95' title='bbox 1817 2032 1832 2059; x_wconf 91' lang='lat'>,</span> <span class='ocrx_word' id='word_1_96' title='bbox 1856 1992 2084 2048; x_wconf 85' lang='lat' dir='ltr'><strong>aestus</strong></span> <span class='ocrx_word' id='word_1_97' title='bbox 2114 1986 2199 2048; x_wconf 87' lang='lat' dir='ltr'><strong>ab</strong></span> <span class='ocrx_word' id='word_1_98' title='bbox 2227 1984 2427 2049; x_wconf 88' lang='lat' dir='ltr'><strong>undis</strong></span> 
     </span>
     <span class='ocr_line' id='line_1_15' title="bbox 491 2098 2221 2186; baseline -0.002 -20"><span class='ocrx_word' id='word_1_99' title='bbox 491 2120 590 2166; x_wconf 87' lang='lat'><strong>220</strong></span> <span class='ocrx_word' id='word_1_100' title='bbox 646 2099 955 2186; x_wconf 87' lang='lat' dir='ltr'><strong>aequoris</strong></span> <span class='ocrx_word' id='word_1_101' title='bbox 975 2146 990 2173; x_wconf 91' lang='lat'>‚</span> <span class='ocrx_word' id='word_1_102' title='bbox 1015 2118 1253 2162; x_wconf 84' lang='lat' dir='ltr'><strong>exesor</strong></span> <span class='ocrx_word' id='word_1_103' title='bbox 1280 2118 1660 2162; x_wconf 89' lang='lat' dir='ltr'><strong>moerorum</strong></span> <span class='ocrx_word' id='word_1_104' title='bbox 1680 2147 1695 2174; x_wconf 91' lang='lat'>,</span> <span class='ocrx_word' id='word_1_105' title='bbox 1716 2098 1915 2162; x_wconf 83' lang='lat' dir='ltr'><strong>litora</strong></span> <span class='ocrx_word' id='word_1_106' title='bbox 1942 2099 2221 2162; x_wconf 89' lang='lat' dir='ltr'><strong>circum:</strong></span> 
     </span>
     <span class='ocr_line' id='line_1_16' title="bbox 643 2212 2272 2301; baseline -0.001 -22"><span class='ocrx_word' id='word_1_107' title='bbox 643 2236 769 2279; x_wconf 89' lang='lat' dir='ltr'><strong>nec</strong></span> <span class='ocrx_word' id='word_1_108' title='bbox 795 2214 1018 2278; x_wconf 87' lang='lat' dir='ltr'><strong>variae</strong></span> <span class='ocrx_word' id='word_1_109' title='bbox 1049 2219 1318 2275; x_wconf 87' lang='lat' dir='ltr'><strong>cessant</strong></span> <span class='ocrx_word' id='word_1_110' title='bbox 1344 2233 1549 2276; x_wconf 81' lang='lat' dir='ltr'><strong>voces</strong></span> <span class='ocrx_word' id='word_1_111' title='bbox 1577 2212 1862 2277; x_wconf 83' lang='lat' dir='ltr'><strong>volitare</strong></span> <span class='ocrx_word' id='word_1_112' title='bbox 1891 2234 2016 2301; x_wconf 91' lang='lat' dir='ltr'><strong>per</strong></span> <span class='ocrx_word' id='word_1_113' title='bbox 2040 2234 2272 2277; x_wconf 84' lang='lat' dir='ltr'><strong>auras:</strong></span> 
     </span>
     <span class='ocr_line' id='line_1_17' title="bbox 642 2326 2317 2415; baseline -0.001 -22"><span class='ocrx_word' id='word_1_114' title='bbox 642 2328 932 2414; x_wconf 89' lang='lat' dir='ltr'><strong>denique</strong></span> <span class='ocrx_word' id='word_1_115' title='bbox 958 2328 1027 2391; x_wconf 91' lang='lat' dir='ltr'><strong>in</strong></span> <span class='ocrx_word' id='word_1_116' title='bbox 1058 2348 1136 2390; x_wconf 90' lang='lat' dir='ltr'><strong>os</strong></span> <span class='ocrx_word' id='word_1_117' title='bbox 1168 2326 1327 2390; x_wconf 85' lang='lat' dir='ltr'><strong>salsi</strong></span> <span class='ocrx_word' id='word_1_118' title='bbox 1352 2327 1541 2392; x_wconf 81' lang='lat' dir='ltr'><strong>venit</strong></span> <span class='ocrx_word' id='word_1_119' title='bbox 1565 2348 1757 2391; x_wconf 86' lang='lat' dir='ltr'><strong>umor</strong></span> <span class='ocrx_word' id='word_1_120' title='bbox 1787 2348 1990 2415; x_wconf 87' lang='lat' dir='ltr'><strong>saepe</strong></span> <span class='ocrx_word' id='word_1_121' title='bbox 2020 2327 2282 2415; x_wconf 88' lang='lat' dir='ltr'><strong>saporis</strong></span> <span class='ocrx_word' id='word_1_122' title='bbox 2301 2376 2317 2403; x_wconf 88' lang='lat'>‚</span> 
     </span>
     <span class='ocr_line' id='line_1_18' title="bbox 644 2441 2350 2529; baseline 0 -22"><span class='ocrx_word' id='word_1_123' title='bbox 644 2465 793 2507; x_wconf 90' lang='lat' dir='ltr'><strong>cum</strong></span> <span class='ocrx_word' id='word_1_124' title='bbox 820 2463 1002 2505; x_wconf 84' lang='lat' dir='ltr'><strong>mare</strong></span> <span class='ocrx_word' id='word_1_125' title='bbox 1030 2461 1373 2506; x_wconf 81' lang='lat' dir='ltr'><strong>versamur</strong></span> <span class='ocrx_word' id='word_1_126' title='bbox 1400 2449 1684 2529; x_wconf 89' lang='lat' dir='ltr'><strong>propter</strong></span> <span class='ocrx_word' id='word_1_127' title='bbox 1701 2490 1717 2517; x_wconf 87' lang='lat'><strong>‚</strong></span> <span class='ocrx_word' id='word_1_128' title='bbox 1739 2441 2083 2527; x_wconf 88' lang='lat' dir='ltr'><strong>dilutaque</strong></span> <span class='ocrx_word' id='word_1_129' title='bbox 2113 2449 2350 2507; x_wconf 80' lang='lat' dir='ltr'><strong>contra</strong></span> 
     </span>
     <span class='ocr_line' id='line_1_19' title="bbox 648 2555 2313 2643; baseline -0.001 -21"><span class='ocrx_word' id='word_1_130' title='bbox 648 2579 796 2622; x_wconf 91' lang='lat' dir='ltr'><strong>cum</strong></span> <span class='ocrx_word' id='word_1_131' title='bbox 824 2556 1068 2620; x_wconf 86' lang='lat' dir='ltr'><strong>tuimur</strong></span> <span class='ocrx_word' id='word_1_132' title='bbox 1096 2555 1356 2620; x_wconf 90' lang='lat' dir='ltr'><strong>misceri</strong></span> <span class='ocrx_word' id='word_1_133' title='bbox 1385 2556 1721 2620; x_wconf 86' lang='lat' dir='ltr'><strong>absinthia</strong></span> <span class='ocrx_word' id='word_1_134' title='bbox 1738 2606 1754 2629; x_wconf 84' lang='lat'>,</span> <span class='ocrx_word' id='word_1_135' title='bbox 1776 2557 1991 2643; x_wconf 81' lang='lat' dir='ltr'><strong>tangit</strong></span> <span class='ocrx_word' id='word_1_136' title='bbox 2018 2578 2281 2621; x_wconf 86' lang='lat' dir='ltr'><strong>amaror</strong></span> <span class='ocrx_word' id='word_1_137' title='bbox 2299 2606 2313 2620; x_wconf 91' lang='lat'><em>.</em></span> 
     </span>
     <span class='ocr_line' id='line_1_20' title="bbox 489 2669 2523 2757; baseline -0 -22"><span class='ocrx_word' id='word_1_138' title='bbox 489 2691 585 2735; x_wconf 82' lang='lat'><strong>225</strong></span> <span class='ocrx_word' id='word_1_139' title='bbox 641 2692 856 2757; x_wconf 87' lang='lat' dir='ltr'><strong>usque</strong></span> <span class='ocrx_word' id='word_1_140' title='bbox 884 2669 1054 2734; x_wconf 88' lang='lat' dir='ltr'><strong>adeo</strong></span> <span class='ocrx_word' id='word_1_141' title='bbox 1086 2670 1392 2735; x_wconf 88' lang='lat' dir='ltr'><strong>omnibus</strong></span> <span class='ocrx_word' id='word_1_142' title='bbox 1420 2671 1505 2735; x_wconf 90' lang='lat' dir='ltr'><strong>ab</strong></span> <span class='ocrx_word' id='word_1_143' title='bbox 1535 2671 1737 2736; x_wconf 90' lang='lat' dir='ltr'><strong>rebus</strong></span> <span class='ocrx_word' id='word_1_144' title='bbox 1765 2694 1876 2736; x_wconf 89' lang='lat' dir='ltr'><strong>res</strong></span> <span class='ocrx_word' id='word_1_145' title='bbox 1909 2693 2213 2757; x_wconf 88' lang='lat' dir='ltr'><strong>quaeque</strong></span> <span class='ocrx_word' id='word_1_146' title='bbox 2241 2671 2523 2735; x_wconf 86' lang='lat' dir='ltr'><strong>fluenter</strong></span> 
     </span>
     <span class='ocr_line' id='line_1_21' title="bbox 640 2784 2326 2874; baseline 0.001 -24"><span class='ocrx_word' id='word_1_147' title='bbox 640 2786 853 2850; x_wconf 87' lang='lat' dir='ltr'><strong>fertur</strong></span> <span class='ocrx_word' id='word_1_148' title='bbox 883 2793 950 2849; x_wconf 90' lang='lat' dir='ltr'><strong>et</strong></span> <span class='ocrx_word' id='word_1_149' title='bbox 974 2786 1045 2849; x_wconf 90' lang='lat' dir='ltr'><strong>in</strong></span> <span class='ocrx_word' id='word_1_150' title='bbox 1074 2792 1350 2849; x_wconf 89' lang='lat' dir='ltr'><strong>cunctas</strong></span> <span class='ocrx_word' id='word_1_151' title='bbox 1382 2784 1732 2851; x_wconf 83' lang='lat' dir='ltr'><strong>dimittitur</strong></span> <span class='ocrx_word' id='word_1_152' title='bbox 1756 2786 2054 2872; x_wconf 85' lang='lat' dir='ltr'><strong>undique</strong></span> <span class='ocrx_word' id='word_1_153' title='bbox 2080 2788 2292 2874; x_wconf 86' lang='lat' dir='ltr'><strong>partis</strong></span> <span class='ocrx_word' id='word_1_154' title='bbox 2309 2835 2326 2863; x_wconf 87' lang='lat'>‚</span> 
     </span>
     <span class='ocr_line' id='line_1_22' title="bbox 641 2899 2339 2986; baseline -0.001 -21"><span class='ocrx_word' id='word_1_155' title='bbox 641 2923 765 2965; x_wconf 90' lang='lat' dir='ltr'><strong>nec</strong></span> <span class='ocrx_word' id='word_1_156' title='bbox 795 2921 982 2965; x_wconf 86' lang='lat' dir='ltr'><strong>mora</strong></span> <span class='ocrx_word' id='word_1_157' title='bbox 1009 2921 1135 2964; x_wconf 89' lang='lat' dir='ltr'><strong>nec</strong></span> <span class='ocrx_word' id='word_1_158' title='bbox 1164 2901 1429 2986; x_wconf 88' lang='lat' dir='ltr'><strong>requies</strong></span> <span class='ocrx_word' id='word_1_159' title='bbox 1457 2900 1635 2964; x_wconf 86' lang='lat' dir='ltr'><strong>inter</strong></span> <span class='ocrx_word' id='word_1_160' title='bbox 1665 2899 1867 2965; x_wconf 86' lang='lat' dir='ltr'><strong>datur</strong></span> <span class='ocrx_word' id='word_1_161' title='bbox 1893 2901 2029 2966; x_wconf 87' lang='lat' dir='ltr'><strong>ulla</strong></span> <span class='ocrx_word' id='word_1_162' title='bbox 2056 2900 2305 2964; x_wconf 90' lang='lat' dir='ltr'><strong>fluendi</strong></span> <span class='ocrx_word' id='word_1_163' title='bbox 2323 2949 2339 2975; x_wconf 87' lang='lat'>‚</span> 
     </span>
     <span class='ocr_line' id='line_1_23' title="bbox 639 3015 2337 3104; baseline -0.001 -25"><span class='ocrx_word' id='word_1_164' title='bbox 639 3022 970 3103; x_wconf 88' lang='lat' dir='ltr'><strong>perpetuo</strong></span> <span class='ocrx_word' id='word_1_165' title='bbox 1003 3015 1314 3100; x_wconf 86' lang='lat' dir='ltr'><strong>quoniam</strong></span> <span class='ocrx_word' id='word_1_166' title='bbox 1343 3016 1666 3080; x_wconf 85' lang='lat' dir='ltr'><strong>sentimus</strong></span> <span class='ocrx_word' id='word_1_167' title='bbox 1697 3025 1766 3080; x_wconf 90' lang='lat' dir='ltr'><strong>et</strong></span> <span class='ocrx_word' id='word_1_168' title='bbox 1794 3016 2016 3079; x_wconf 88' lang='lat' dir='ltr'><strong>omnia</strong></span> <span class='ocrx_word' id='word_1_169' title='bbox 2043 3037 2305 3104; x_wconf 90' lang='lat' dir='ltr'><strong>semper</strong></span> <span class='ocrx_word' id='word_1_170' title='bbox 2323 3064 2337 3078; x_wconf 91' lang='lat'><strong>.</strong></span> 
     </span>
     <span class='ocr_line' id='line_1_24' title="bbox 487 3130 2316 3216; baseline -0.002 -20"><span class='ocrx_word' id='word_1_171' title='bbox 487 3150 585 3196; x_wconf 85' lang='grc'>230</span> <span class='ocrx_word' id='word_1_172' title='bbox 721 3131 1085 3196; x_wconf 85' lang='lat' dir='ltr'><strong>Praeterea</strong></span> <span class='ocrx_word' id='word_1_173' title='bbox 1114 3131 1426 3215; x_wconf 89' lang='lat' dir='ltr'><strong>quoniam</strong></span> <span class='ocrx_word' id='word_1_174' title='bbox 1454 3131 1759 3194; x_wconf 86' lang='lat' dir='ltr'><strong>manibus</strong></span> <span class='ocrx_word' id='word_1_175' title='bbox 1787 3136 2076 3194; x_wconf 86' lang='lat' dir='ltr'><strong>tractata</strong></span> <span class='ocrx_word' id='word_1_176' title='bbox 2100 3130 2316 3216; x_wconf 85' lang='lat' dir='ltr'><strong>figura</strong></span> 
     </span>
     <span class='ocr_line' id='line_1_25' title="bbox 636 3242 2489 3331; baseline -0.002 -21"><span class='ocrx_word' id='word_1_177' title='bbox 636 3248 706 3310; x_wconf 91' lang='lat' dir='ltr'><strong>in</strong></span> <span class='ocrx_word' id='word_1_178' title='bbox 734 3245 1028 3310; x_wconf 85' lang='lat' dir='ltr'><strong>tenebris</strong></span> <span class='ocrx_word' id='word_1_179' title='bbox 1060 3243 1387 3329; x_wconf 80' lang='lat' dir='ltr'><strong>quaedam</strong></span> <span class='ocrx_word' id='word_1_180' title='bbox 1416 3245 1845 3331; x_wconf 86' lang='lat' dir='ltr'><strong>cognoscitur</strong></span> <span class='ocrx_word' id='word_1_181' title='bbox 1877 3265 2026 3309; x_wconf 91' lang='lat' dir='ltr'><strong>esse</strong></span> <span class='ocrx_word' id='word_1_182' title='bbox 2056 3242 2288 3308; x_wconf 87' lang='lat' dir='ltr'><strong>eadem</strong></span> <span class='ocrx_word' id='word_1_183' title='bbox 2317 3265 2489 3329; x_wconf 87' lang='lat' dir='ltr'><strong>quae</strong></span> 
     </span>
     <span class='ocr_line' id='line_1_26' title="bbox 642 3359 2246 3435; baseline 0 -12"><span class='ocrx_word' id='word_1_184' title='bbox 642 3360 936 3424; x_wconf 85' lang='lat' dir='ltr'><strong>cernitur</strong></span> <span class='ocrx_word' id='word_1_185' title='bbox 965 3359 1033 3423; x_wconf 89' lang='lat' dir='ltr'><strong>in</strong></span> <span class='ocrx_word' id='word_1_186' title='bbox 1062 3359 1209 3423; x_wconf 89' lang='lat' dir='ltr'><strong>luce</strong></span> <span class='ocrx_word' id='word_1_187' title='bbox 1240 3367 1307 3424; x_wconf 86' lang='lat' dir='ltr'><strong>et</strong></span> <span class='ocrx_word' id='word_1_188' title='bbox 1336 3361 1517 3424; x_wconf 87' lang='lat' dir='ltr'><strong>claro</strong></span> <span class='ocrx_word' id='word_1_189' title='bbox 1549 3359 1844 3424; x_wconf 87' lang='lat' dir='ltr'><strong>candore</strong></span> <span class='ocrx_word' id='word_1_190' title='bbox 1863 3408 1878 3435; x_wconf 87' lang='lat'><strong>‚</strong></span> <span class='ocrx_word' id='word_1_191' title='bbox 1899 3366 2246 3423; x_wconf 86' lang='lat' dir='ltr'><strong>necessest</strong></span> 
     </span>
     <span class='ocr_line' id='line_1_27' title="bbox 646 3473 2164 3559; baseline -0.001 -21"><span class='ocrx_word' id='word_1_192' title='bbox 646 3473 963 3538; x_wconf 88' lang='lat' dir='ltr'><strong>consimili</strong></span> <span class='ocrx_word' id='word_1_193' title='bbox 993 3494 1196 3537; x_wconf 84' lang='lat' dir='ltr'><strong>causa</strong></span> <span class='ocrx_word' id='word_1_194' title='bbox 1224 3480 1474 3538; x_wconf 83' lang='lat' dir='ltr'><strong>tactum</strong></span> <span class='ocrx_word' id='word_1_195' title='bbox 1501 3474 1850 3559; x_wconf 86' lang='lat' dir='ltr'><strong>visumque</strong></span> <span class='ocrx_word' id='word_1_196' title='bbox 1877 3474 2130 3538; x_wconf 86' lang='lat' dir='ltr'><strong>moveri</strong></span> <span class='ocrx_word' id='word_1_197' title='bbox 2149 3523 2164 3537; x_wconf 90' lang='lat'><strong>.</strong></span> 
     </span>
     <span class='ocr_line' id='line_1_28' title="bbox 643 3586 2356 3674; baseline 0 -22"><span class='ocrx_word' id='word_1_198' title='bbox 643 3610 823 3652; x_wconf 89' lang='lat' dir='ltr'><strong>nunc</strong></span> <span class='ocrx_word' id='word_1_199' title='bbox 850 3589 1050 3674; x_wconf 85' lang='lat' dir='ltr'><strong>igitur</strong></span> <span class='ocrx_word' id='word_1_200' title='bbox 1081 3588 1137 3652; x_wconf 91' lang='lat' dir='ltr'><strong>si</strong></span> <span class='ocrx_word' id='word_1_201' title='bbox 1168 3587 1569 3673; x_wconf 87' lang='lat' dir='ltr'><strong>quadratum</strong></span> <span class='ocrx_word' id='word_1_202' title='bbox 1597 3595 2001 3674; x_wconf 88' lang='lat' dir='ltr'><strong>temptamus</strong></span> <span class='ocrx_word' id='word_1_203' title='bbox 2033 3594 2102 3652; x_wconf 89' lang='lat' dir='ltr'><strong>et</strong></span> <span class='ocrx_word' id='word_1_204' title='bbox 2128 3586 2202 3652; x_wconf 91' lang='lat' dir='ltr'><strong>id</strong></span> <span class='ocrx_word' id='word_1_205' title='bbox 2228 3610 2356 3652; x_wconf 87' lang='lat' dir='ltr'><strong>nos</strong></span> 
     </span>
     <span class='ocr_line' id='line_1_29' title="bbox 492 3701 2341 3790; baseline -0.002 -21"><span class='ocrx_word' id='word_1_206' title='bbox 492 3724 587 3768; x_wconf 84' lang='lat'><strong>235</strong></span> <span class='ocrx_word' id='word_1_207' title='bbox 646 3709 1021 3769; x_wconf 83' lang='lat' dir='ltr'><strong>commovet</strong></span> <span class='ocrx_word' id='word_1_208' title='bbox 1046 3701 1114 3765; x_wconf 88' lang='lat' dir='ltr'><strong>in</strong></span> <span class='ocrx_word' id='word_1_209' title='bbox 1142 3704 1436 3767; x_wconf 84' lang='lat' dir='ltr'><strong>tenebris</strong></span> <span class='ocrx_word' id='word_1_210' title='bbox 1455 3753 1470 3779; x_wconf 94' lang='lat'>,</span> <span class='ocrx_word' id='word_1_211' title='bbox 1492 3705 1561 3767; x_wconf 90' lang='lat' dir='ltr'><strong>in</strong></span> <span class='ocrx_word' id='word_1_212' title='bbox 1590 3704 1720 3768; x_wconf 88' lang='lat' dir='ltr'><strong>luci</strong></span> <span class='ocrx_word' id='word_1_213' title='bbox 1752 3723 1924 3789; x_wconf 91' lang='lat' dir='ltr'><strong>quae</strong></span> <span class='ocrx_word' id='word_1_214' title='bbox 1954 3703 2206 3790; x_wconf 86' lang='lat' dir='ltr'><strong>poterit</strong></span> <span class='ocrx_word' id='word_1_215' title='bbox 2231 3724 2341 3766; x_wconf 88' lang='lat' dir='ltr'><strong>res</strong></span> 
     </span>
     <span class='ocr_line' id='line_1_30' title="bbox 645 3816 2399 3905; baseline -0.002 -22"><span class='ocrx_word' id='word_1_216' title='bbox 645 3818 947 3884; x_wconf 83' lang='lat' dir='ltr'><strong>accidere</strong></span> <span class='ocrx_word' id='word_1_217' title='bbox 978 3816 1066 3881; x_wconf 89' lang='lat' dir='ltr'><strong>ad</strong></span> <span class='ocrx_word' id='word_1_218' title='bbox 1095 3819 1379 3905; x_wconf 91' lang='lat' dir='ltr'><strong>speciem</strong></span> <span class='ocrx_word' id='word_1_219' title='bbox 1412 3818 1745 3904; x_wconf 83' lang='lat' dir='ltr'><strong>quadrata</strong></span> <span class='ocrx_word' id='word_1_220' title='bbox 1760 3867 1776 3895; x_wconf 88' lang='lat'>‚</span> <span class='ocrx_word' id='word_1_221' title='bbox 1804 3818 1932 3882; x_wconf 87' lang='lat' dir='ltr'><strong>nisi</strong></span> <span class='ocrx_word' id='word_1_222' title='bbox 1962 3819 2101 3882; x_wconf 90' lang='lat' dir='ltr'><strong>eius</strong></span> <span class='ocrx_word' id='word_1_223' title='bbox 2129 3818 2346 3902; x_wconf 85' lang='lat' dir='ltr'><strong>imago</strong></span> <span class='ocrx_word' id='word_1_224' title='bbox 2364 3817 2399 3878; x_wconf 77' lang='grc' dir='ltr'><em>Ρ</em></span> 
     </span>
     <span class='ocr_line' id='line_1_31' title="bbox 645 3931 2311 4022; baseline -0.001 -26"><span class='ocrx_word' id='word_1_225' title='bbox 645 3956 792 3998; x_wconf 89' lang='lat' dir='ltr'><strong>esse</strong></span> <span class='ocrx_word' id='word_1_226' title='bbox 819 3934 888 3997; x_wconf 89' lang='lat' dir='ltr'><strong>in</strong></span> <span class='ocrx_word' id='word_1_227' title='bbox 917 3933 1306 4017; x_wconf 83' lang='lat' dir='ltr'><strong>imaginibus</strong></span> <span class='ocrx_word' id='word_1_228' title='bbox 1338 3955 1472 4019; x_wconf 87' lang='lat' dir='ltr'><strong>qua</strong></span> <span class='ocrx_word' id='word_1_229' title='bbox 1498 3942 1783 4022; x_wconf 91' lang='lat' dir='ltr'><strong>propter</strong></span> <span class='ocrx_word' id='word_1_230' title='bbox 1814 3954 2018 3997; x_wconf 84' lang='lat' dir='ltr'><strong>causa</strong></span> <span class='ocrx_word' id='word_1_231' title='bbox 2045 3931 2311 3997; x_wconf 87' lang='lat' dir='ltr'><strong>videtur</strong></span> 
     </span>
    </p>
   </div>
   <div class='ocr_carea' id='block_1_3' title="bbox 662 4149 1021 4156">
    <p class='ocr_par' dir='ltr' id='par_1_3' title="bbox 662 4149 1021 4156">
     <span class='ocr_line' id='line_1_32' title="bbox 662 4149 1021 4156; baseline 0 1036"><span class='ocrx_word' id='word_1_232' title='bbox 662 4149 1021 4156; x_wconf 95' lang='lat' dir='ltr'><strong> </strong></span> 
     </span>
    </p>
   </div>
   <div class='ocr_carea' id='block_1_4' title="bbox 653 4239 2865 4477">
    <p class='ocr_par' dir='ltr' id='par_1_4' title="bbox 653 4239 2865 4477">
     <span class='ocr_line' id='line_1_33' title="bbox 653 4239 2862 4310; baseline 0.002 -20"><span class='ocrx_word' id='word_1_233' title='bbox 653 4245 751 4291; x_wconf 85' lang='lat'><strong>210</strong></span> <span class='ocrx_word' id='word_1_234' title='bbox 789 4245 989 4290; x_wconf 86' lang='lat' dir='ltr'><strong>motum</strong></span> <span class='ocrx_word' id='word_1_235' title='bbox 1039 4239 1061 4306; x_wconf 84' lang='grc' dir='ltr'><strong>ΙΙ</strong></span> <span class='ocrx_word' id='word_1_236' title='bbox 1110 4246 1206 4291; x_wconf 87' lang='grc'>213</span> <span class='ocrx_word' id='word_1_237' title='bbox 1246 4241 1455 4293; x_wconf 85' lang='lat' dir='ltr'><strong>mundi.</strong></span> <span class='ocrx_word' id='word_1_238' title='bbox 1502 4241 1524 4309; x_wconf 82' lang='grc' dir='ltr'><strong>ΙΙ</strong></span> <span class='ocrx_word' id='word_1_239' title='bbox 1572 4247 1669 4294; x_wconf 85' lang='grc'>216</span> <span class='ocrx_word' id='word_1_240' title='bbox 1707 4244 1837 4296; x_wconf 79' lang='lat' dir='ltr'><strong>mira</strong></span> <span class='ocrx_word' id='word_1_241' title='bbox 1885 4245 1905 4310; x_wconf 89' lang='grc' dir='ltr'><strong>ΙΙ</strong></span> <span class='ocrx_word' id='word_1_242' title='bbox 1957 4250 2056 4295; x_wconf 85' lang='grc'>218</span> <span class='ocrx_word' id='word_1_243' title='bbox 2093 4242 2259 4295; x_wconf 80' lang='lat' dir='ltr'><strong>fluant</strong></span> <span class='ocrx_word' id='word_1_244' title='bbox 2312 4243 2333 4310; x_wconf 74' lang='grc' dir='ltr'><strong>ΙΙ</strong></span> <span class='ocrx_word' id='word_1_245' title='bbox 2378 4248 2477 4295; x_wconf 87' lang='grc'><strong>220</strong></span> <span class='ocrx_word' id='word_1_246' title='bbox 2515 4257 2814 4294; x_wconf 83' lang='lat' dir='ltr'><strong>meororum</strong></span> <span class='ocrx_word' id='word_1_247' title='bbox 2847 4241 2862 4304; x_wconf 82' lang='grc' dir='ltr'><strong>Ι.</strong></span> 
     </span>
     <span class='ocr_line' id='line_1_34' title="bbox 654 4323 2865 4391; baseline -0 -18"><span class='ocrx_word' id='word_1_248' title='bbox 654 4326 959 4373; x_wconf 86' lang='grc'>222-228</span> <span class='ocrx_word' id='word_1_249' title='bbox 1005 4323 1101 4377; x_wconf 72' lang='lat' dir='ltr'><strong>bie.</strong></span> <span class='ocrx_word' id='word_1_250' title='bbox 1156 4323 1176 4388; x_wconf 88' lang='grc' dir='ltr'><strong>ΙΙ</strong></span> <span class='ocrx_word' id='word_1_251' title='bbox 1233 4329 1331 4376; x_wconf 88' lang='grc'><strong>229</strong></span> <span class='ocrx_word' id='word_1_252' title='bbox 1383 4323 1618 4377; x_wconf 87' lang='lat' dir='ltr'><strong>Cernere</strong></span> <span class='ocrx_word' id='word_1_253' title='bbox 1667 4324 1880 4378; x_wconf 84' lang='lat' dir='ltr'><strong>odorari</strong></span> <span class='ocrx_word' id='word_1_254' title='bbox 1925 4324 2052 4378; x_wconf 82' lang='lat' dir='ltr'><strong>licet</strong></span> <span class='ocrx_word' id='word_1_255' title='bbox 2100 4333 2153 4377; x_wconf 86' lang='lat' dir='ltr'><strong>ct</strong></span> <span class='ocrx_word' id='word_1_256' title='bbox 2188 4325 2389 4378; x_wconf 82' lang='lat' dir='ltr'><strong>sentire</strong></span> <span class='ocrx_word' id='word_1_257' title='bbox 2423 4340 2645 4377; x_wconf 79' lang='lat' dir='ltr'><strong>sonare.</strong></span> <span class='ocrx_word' id='word_1_258' title='bbox 2701 4325 2724 4391; x_wconf 82' lang='grc' dir='ltr'><strong>ΙΙ</strong></span> <span class='ocrx_word' id='word_1_259' title='bbox 2776 4327 2865 4374; x_wconf 78' lang='grc'>235</span> 
     </span>
     <span class='ocr_line' id='line_1_35' title="bbox 654 4404 1499 4477; baseline 0.006 -22"><span class='ocrx_word' id='word_1_260' title='bbox 654 4404 967 4457; x_wconf 83' lang='lat' dir='ltr'><strong>Commovet</strong></span> <span class='ocrx_word' id='word_1_261' title='bbox 1003 4413 1057 4458; x_wconf 83' lang='lat' dir='ltr'><strong>ct</strong></span> <span class='ocrx_word' id='word_1_262' title='bbox 1091 4407 1143 4458; x_wconf 88' lang='lat' dir='ltr'><strong>in</strong></span> <span class='ocrx_word' id='word_1_263' title='bbox 1183 4406 1204 4471; x_wconf 90' lang='grc' dir='ltr'><strong>ΙΙ</strong></span> <span class='ocrx_word' id='word_1_264' title='bbox 1239 4412 1336 4459; x_wconf 86' lang='grc'>237</span> <span class='ocrx_word' id='word_1_265' title='bbox 1376 4408 1499 4477; x_wconf 82' lang='lat' dir='ltr'><strong>quia</strong></span> 
     </span>
    </p>
   </div>
  </div>
 </body>
</html>
