3042 5192
1280 469 1343 535 Π

202 648 264 705 et
286 661 390 704 res
418 640 741 727 progigni
771 647 839 707 et
865 640 1125 726 genitas
1153 662 1589 729 procrescere
1617 663 1855 727 posse.

203 777 334 820 esse
360 755 565 841 igitur
593 775 852 841 genere
881 755 950 820 in
978 756 1217 841 quovis
1243 755 1612 843 primordia
1641 778 1862 822 rerum

201 871 437 934 infinita
461 871 695 958 palam
728 878 865 945 est,
888 868 1071 933 unde
1101 873 1320 935 omnia
1350 870 1871 959 suppeditantur
1890 923 1903 936 .

275 985 411 1049 Nec
439 1005 773 1071 superare
805 991 1062 1071 queunt
1086 994 1311 1050 motus
1338 986 1573 1071 itaque
1605 988 1904 1053 exitiales

84 1118 160 1164 570
204 1108 514 1189 perpetuo
544 1121 775 1184 neque
803 1100 873 1164 in
902 1107 1246 1165 aeternum
1275 1101 1559 1188 sepelire
1588 1102 1867 1168 salutem
1886 1153 1901 1180 ‚

208 1236 319 1279 nec
345 1236 552 1302 porro
580 1236 813 1279 rerum
840 1214 1163 1301 genitales
1192 1214 1613 1300 auctificique

206 1337 407 1394 motus
433 1337 777 1418 perpetuo
809 1339 1099 1417 possunt
1127 1350 1399 1395 servare
1430 1337 1660 1395 creata
1676 1381 1690 1395 .

208 1444 295 1506 sic
320 1464 531 1530 aequo
563 1446 829 1531 geritur
858 1446 1218 1511 certamine
1245 1445 1723 1533 principiorum

209 1580 284 1620 cx
307 1559 552 1624 infinito
586 1568 1020 1629 contractum
1047 1568 1352 1647 tempore
1378 1559 1626 1625 bellum
1645 1609 1659 1623 .

89 1690 166 1736 555
210 1695 369 1738 nunc
394 1673 501 1738 hic
528 1696 719 1738 nunc
744 1674 878 1739 illic
906 1682 1232 1763 superant
1256 1674 1485 1739 vitalia
1511 1695 1733 1739 rerum
1751 1724 1767 1751 ‚

219 1797 277 1853 et
302 1798 702 1877 superantur
732 1790 892 1854 item
912 1840 926 1853 .
949 1790 1267 1855 miscetur
1292 1788 1531 1854 funere
1558 1809 1772 1875 vagor
1789 1840 1805 1866 ‚

220 1924 393 1988 quem
419 1905 611 1991 pueri
640 1904 895 1970 tollunt
918 1905 1197 1971 visentis
1218 1904 1488 1969 luminis
1519 1924 1709 1968 oras:

216 2038 325 2081 nec
350 2040 481 2082 nox
508 2019 650 2083 ulla
680 2018 860 2083 diem
887 2041 1106 2104 neque
1133 2026 1403 2084 noctem
1430 2038 1678 2083 aurora
1705 2026 2002 2084 secutast
2020 2069 2034 2093 ‚

219 2154 371 2216 quae
396 2155 533 2198 non
562 2133 858 2200 audierit
881 2134 1126 2199 mixtos
1154 2133 1490 2219 vagitibus
1519 2133 1740 2219 aegris

95 2262 171 2308 580
218 2247 495 2334 ploratus
513 2297 528 2323 ‚
550 2250 795 2314 mortis
825 2248 1100 2314 comites
1130 2256 1200 2313 et
1225 2247 1480 2313 funeris
1509 2249 1641 2312 atri
1660 2298 1673 2311 .

287 2362 449 2427 Illud
472 2364 541 2427 in
569 2363 685 2428 his
715 2364 1140 2449 obsignatum
1169 2383 1441 2448 quoque
1469 2363 1673 2427 rebus
1700 2361 1950 2426 habere

216 2479 503 2542 convenit
531 2485 603 2543 et
635 2478 909 2542 memori
934 2477 1322 2542 mandatum
1348 2486 1571 2543 mente
1597 2485 1831 2542 tenere
1849 2527 1864 2554 ‚

220 2592 299 2656 nil
323 2614 462 2657 esse
479 2643 495 2667 ‚
515 2590 587 2657 in
618 2601 942 2680 promptu
969 2613 1254 2679 quorum
1282 2601 1526 2657 natura
1553 2591 1823 2657 videtur
1839 2641 1855 2669 ‚

222 2706 387 2791 quod
410 2729 662 2795 genere
693 2729 777 2772 ex
805 2729 940 2772 uno
970 2709 1298 2773 consistat
1324 2708 1799 2796 principiorum
1816 2755 1833 2782 ‚

100 2835 175 2880 585
221 2842 334 2884 nec
359 2824 714 2909 quicquam
744 2821 930 2908 quod
958 2845 1096 2887 non
1125 2822 1458 2910 permixto
1489 2821 1738 2886 semine
1769 2829 2065 2887 constet:

221 2944 283 3000 et
310 2937 482 3021 quod
508 2959 798 3023 cumque
826 2938 1034 3023 magis
1062 2938 1165 3002 vis
1193 2937 1434 3001 multas
1463 2935 1772 3024 possidet
1797 2937 1866 3001 in
1896 2959 1970 3001 se

219 3058 408 3135 atque
433 3060 809 3139 potestates
825 3101 842 3128 ‚
863 3052 959 3117 ita
985 3052 1269 3139 plurima
1295 3052 1772 3139 principiorum

218 3164 279 3228 in
304 3187 442 3230 sese
468 3188 722 3254 genera
749 3188 829 3233 ac
856 3168 1076 3233 varias
1106 3166 1311 3231 docet
1340 3187 1488 3231 esse
1516 3166 1797 3252 figuras.

223 3280 520 3368 principio
551 3281 758 3347 tellus
785 3282 993 3349 habet
1017 3282 1087 3347 in
1116 3304 1189 3347 se
1220 3303 1511 3367 corpora
1538 3282 1752 3368 prima
1768 3329 1786 3357 ,

103 3405 179 3453 5⁹0
223 3393 379 3458 unde
405 3418 593 3461 mare
620 3397 989 3462 inmensum
1016 3398 1366 3465 volventes
1392 3396 1645 3482 frigora
1670 3394 1898 3460 fontes

224 3507 483 3575 adsidue
512 3520 879 3587 renovent,
901 3512 1112 3577 habet
1138 3513 1326 3599 ignes
1355 3510 1536 3576 unde
1567 3511 1902 3575 oriantur:

222 3643 355 3688 nam
378 3627 608 3690 multis
639 3648 962 3692 succensa
988 3627 1156 3692 locis
1185 3625 1429 3692 ardent
1457 3627 1604 3691 sola
1633 3635 1854 3691 terrae
1872 3675 1887 3701 ‚

225 3740 454 3806 eximiis
482 3762 654 3805 vero
681 3740 844 3807 furit
869 3742 1135 3828 ignibus
1162 3743 1449 3830 impetus
1477 3743 1771 3805 Aetnae:

223 3859 346 3916 tum
370 3877 583 3943 porro
612 3855 862 3921 nitidas
889 3856 1118 3945 fruges
1146 3858 1557 3943 arbustaque
1585 3856 1763 3921 lacta

106 3977 177 4023 5⁹⁵
218 3970 511 4052 gentibus
537 3971 844 4037 humanis
871 3973 1081 4039 habet
1107 3971 1290 4038 unde
1320 3971 1643 4037 extollere
1671 3970 1888 4059 possit
1908 4019 1924 4045 ‚

223 4082 384 4148 unde
415 4087 616 4151 etiam
644 4085 883 4153 fluvios
910 4087 1191 4153 frondes
1221 4095 1290 4153 et
1316 4086 1565 4175 pabula
1591 4086 1769 4153 laeta

222 4200 587 4287 montivago
618 4203 848 4287 generi
874 4203 1095 4290 possit
1121 4202 1446 4291 praebere
1474 4202 1766 4267 ferarum
1783 4251 1796 4266 .

232 4444 317 4493 586
350 4440 421 4495 Et
444 4461 579 4514 quae
615 4448 637 4513 Η
677 4449 774 4498 593
814 4444 899 4497 Ex
922 4445 1040 4499 imis

2337 477 2425 544 59
