3042 5192
1252 488 1350 556 IV
2275 494 2417 561 277

229 662 584 726 Diomedem
615 685 677 747 p.
699 661 820 724 ‘293
851 665 1063 726 crescit
1089 666 1248 748 illi),
1286 665 1547 728 (Ινὶεαόἱι
1570 665 1679 728 cibi
1705 686 1740 726 e
1772 664 2058 750 Priapeo
2088 667 2197 742 19,
2228 675 2298 731 et
2326 668 2418 731 al-

227 770 351 823 tero
376 784 405 822 s
432 758 649 823 deleto
682 758 1106 823 scribendum
1137 764 1367 825 crisare
1386 812 1399 825 .

373 859 536 922 1281.
583 857 1218 934 Μοιιιοειῑιερυε
1261 882 1545 924 MORIS.
1588 860 1913 923 Marullus
1956 882 2237 926 Moms.

373 956 537 1018 1282.
585 954 699 1018 Ur
759 976 1052 1019 mmm:
1115 980 1566 1022 insunsca‘r
1626 981 1874 1022 secun
1934 982 2251 1023 DEGERE
2298 984 2417 1024 νι-

222 1076 398 1116 TAM.
442 1052 827 1132 Quadratus
870 1055 1153 1140 deyerere
1177 1104 1198 1134 ‚
1239 1063 1315 1117 ut
1360 1077 1566 1139 supra
1608 1078 1808 1119 versu
1837 1056 1961 1120 968
1992 1104 2006 1118 .
2052 1056 2418 1120 Brixiensis

223 1150 417 1215 editor
441 1175 638 1214 seeum
667 1175 939 1238 qnoque,
983 1152 1168 1236 quod
1199 1154 1592 1217 sententiam
1623 1176 1758 1217 non
1791 1154 2048 1239 explet:
2078 1155 2416 1219 Antonius

220 1249 386 1312 Marii
416 1258 482 1313 et
509 1249 833 1312 Marullus
859 1273 1060 1313 secam
1087 1254 1216 1331 vir,
1259 1251 1485 1314 Italiee
1514 1252 1725 1336 magis
1757 1273 1954 1336 quam
1983 1253 2221 1315 Latine
2242 1301 2255 1314 .
2294 1275 2414 1337 po·

221 1349 331 1411 tius
372 1356 470 1411 est
509 1355 588 1410 ut
615 1346 943 1411 adiciatur
974 1370 1119 1411 Nos
1149 1398 1164 1411 .
1209 1349 1339 1412 hoe
1370 1348 1636 1412 dicendi
1667 1370 1877 1434 genus
1907 1371 2100 1413 nemo
2130 1351 2349 1413 nescit
2376 1372 2417 1414 a

217 1445 490 1509 Bentleio
519 1446 918 1509 illustratum
951 1467 1098 1509 esse
1129 1444 1216 1509 ad
1246 1445 1412 1510 illud
1441 1447 1736 1523 Horatii,
1780 1450 2034 1512 insuevit
2052 1459 2234 1533 pater
2260 1451 2412 1532 opti-

214 1568 328 1606 mus
361 1544 467 1607 Ιιοσ
505 1567 604 1606 me
628 1591 647 1622 ,
693 1564 884 1606 serm.
907 1547 1024 1619 1‚4‚
1050 1545 1165 1608 105
1201 1594 1214 1607 .
1260 1546 1354 1608 sie
1397 1547 1637 1609 desuevi
1673 1569 1809 1609 eum
1842 1544 2132 1610 Titinius
2168 1547 2239 1610 in
2280 1547 2410 1609 Ge·

215 1642 364 1704 mina
393 1690 407 1716 ‚
447 1643 621 1705 Nam
650 1644 963 1727 parasito-s·
1003 1645 1199 1706 amovi
1226 1691 1244 1722 ,
1286 1645 1569 1707 lemnum
1614 1644 1861 1707 aedibus
1902 1667 2039 1707 mm
2082 1644 2380 1707 abatem-mci
2395 1693 2412 1716 ‚

221 1739 449 1803 Demevi
487 1764 564 1803 ne
608 1763 726 1826 quo
766 1741 853 1803 ad
893 1764 1144 1803 caenam
1172 1742 1368 1804 exiret
1392 1752 1565 1805 extra
1595 1742 1909 1804 consilium
1934 1765 2137 1805 queam
2164 1789 2183 1821 ,
2228 1741 2411 1826 apud

215 1835 471 1900 Nonium
499 1859 565 1921 p.
586 1837 684 1911 94,
703 1837 783 1898 33
804 1885 819 1911 ,
860 1837 973 1900 ubi
1003 1839 1177 1901 Nam
1207 1846 1275 1901 et
1303 1863 1439 1902 eum
1468 1840 1730 1903 omissis
1761 1840 2083 1924 seriptum
2113 1847 2218 1902 est
2247 1840 2411 1903 leno·

213 1957 328 1996 uem
349 1983 367 2014 ,
410 1957 557 1998 eum
600 1956 914 1998 numeros
953 1936 1273 2020 ‘iambicos
1304 1937 1671 2001 ostendant
1700 1959 1870 2022 quae
1900 1937 2172 2001 fuerunt
2200 1937 2268 2000 in
2300 1959 2409 2000 eo-

211 2031 340 2095 dem
375 2034 521 2097 loco
557 2082 573 2108 ‚
616 2055 654 2096 a
682 2033 905 2096 Nonio
953 2035 1349 2120 consignata
1375 2061 1440 2122 p.
1459 2036 1702 2108 406‚20
1732 2084 1747 2110 ‚
1792 2036 1864 2099 Se·
1906 2059 2013 2098 rus
2051 2060 2189 2099 omn
2215 2047 2410 2100 scorto

210 2134 548 2196 constitum-it
583 2134 674 2194 ire
699 2179 718 2210 ‚
761 2133 947 2195 clavis
985 2134 1128 2197 ilico
1158 2134 1452 2196 Abstrudi
1491 2135 1663 2197 iubeo
1694 2180 1712 2210 ,
1754 2135 2015 2197 rusticae
2043 2135 2206 2217 toqai
2232 2157 2309 2196 ne
2334 2136 2413 2196 sit

208 2232 360 2313 copia
391 2279 404 2293 .
447 2231 613 2293 satis
658 2237 891 2292 notum
931 2239 1035 2294 est
1075 2254 1492 2294 mamnescere
1529 2252 1608 2292 eo
1641 2228 1841 2292 modo
1873 2228 2126 2292 dixisse
2158 2229 2406 2292 Varro·

213 2348 340 2390 nem
377 2328 459 2391 de
497 2350 575 2391 re
614 2328 866 2390 rustica
897 2351 967 2403 11,
991 2329 1098 2403 1‚4
1131 2377 1146 2403 ‚
1185 2330 1483 2392 silvestria
1512 2328 2023 2412 deprehenderent
2059 2351 2134 2390 ac
2163 2328 2404 2390 conclu·

205 2427 388 2490 der-ent
411 2439 466 2491 et
494 2438 980 2490 mamnescerent
1008 2476 1021 2489 .
1065 2425 1270 2511 idque
1313 2427 1531 2512 ipsum
1562 2426 1875 2489 Lucretio
1918 2424 2196 2489 reddam
2234 2424 2305 2487 in
2345 2446 2405 2492 v,

345 2624 518 2696 v‚2.
575 2645 726 2685 PRO
778 2644 1046 2686 RERUM
1110 2646 1603 2689 MAmsTATls
1653 2646 1918 2700 ATQUE
1970 2644 2401 2687 Reman-ns,

204 2721 507 2785 Antonius
537 2721 737 2784 Marii
768 2771 783 2796 ‚
823 2722 981 2785 item
1024 2724 1175 2785 olim
1207 2724 1512 2808 impressi
1545 2732 1612 2787 et
1641 2723 1967 2786 Marullus
1996 2770 2011 2797 ‚
2051 2723 2403 2785 maiestatis·

202 2843 300 2903 qne
331 2824 586 2906 repertis
620 2871 632 2881 .
676 2821 1036 2885 Lambinus
1081 2844 1228 2885 eum
1273 2844 1346 2884 se
1386 2823 1454 2884 in
1497 2843 1698 2885 manu
1742 2822 2008 2907 seriptis
2045 2821 2285 2906 partim
2313 2819 2408 2882 ita

203 2919 496 3005 seriptum
541 2920 920 3005 repperisse
964 2920 1125 2984 dicit
1157 2970 1171 2994 ‚
1217 2923 1522 2983 maiestate
1562 2921 1770 3005 Izi-sque
1808 2921 2060 3003 repertis
2088 2966 2106 2996 ,
2162 2917 2403 3002 partim

201 3016 278 3078 ita
300 3065 313 3092 ‚
349 3021 658 3082 maiestate
687 3031 864 3105 atque
891 3022 1144 3104 repertis
1171 3067 1187 3098 ,
1228 3018 1410 3081 haud
1444 3017 1642 3080 dubie
1671 3017 1955 3080 fallitur:
1987 3014 2108 3078 sed
2138 3014 2401 3077 verissi-

199 3135 350 3177 mum
391 3124 559 3202 puto
594 3103 778 3200 quod
807 3117 952 3200 ipse
989 3118 1145 3179 mihi
1175 3116 1441 3180 videtur
1471 3137 1594 3179 sua
1623 3116 2007 3178 coniectura
2036 3112 2367 3175 invenisse
2389 3159 2403 3176 .

193 3235 294 3295 pro
320 3239 523 3278 rerum
553 3237 1014 3278 MAIESTATE
1049 3237 1340 3290 111sQur:
1371 3216 1622 3299 repertis
1654 3263 1666 3275 .
1708 3234 1865 3276 mox
1898 3212 2227 3294 oblongus
2257 3209 2403 3294 quia

196 3312 326 3375 talia
364 3315 531 3377 nobi-s·
557 3363 570 3376 .

342 3411 395 3474 5.
447 3433 804 3487 QUESITA
853 3435 1150 3475 PREMIA
1202 3435 1482 3487 moun·
1519 3461 1533 3473 .
1590 3412 1667 3474 In
1720 3411 2011 3492 oblongo
2066 3405 2403 3472 recentior

197 3527 405 3573 manus
434 3559 448 3585 ‚
490 3532 630 3573 non
661 3510 916 3594 antiqui
945 3511 1115 3573 illius
1148 3510 1581 3583 correctoris,
1613 3532 1654 3584 Q
1673 3509 2078 3580 uARsmAQ
2098 3527 2191 3568 ui:
2224 3553 2240 3578 ‚
2279 3503 2402 3566 ita-

195 3626 309 3686 que
351 3631 584 3671 omnes
629 3616 898 3694 praeter
937 3616 1204 3671 veteres
1245 3610 1704 3671 membranas.
1746 3607 1813 3668 in
1842 3603 2148 3668 versibus
2178 3602 2403 3688 proxi-

195 3703 300 3766 mis
325 3754 338 3778 ,
377 3728 551 3790 quos
582 3706 973 3769 Lactantius
1001 3707 1240 3770 recitat
1269 3707 1473 3770 instit.
1497 3729 1593 3780 111,
1618 3706 1710 3780 14,
1728 3704 1768 3767 2
1796 3753 1811 3778 ‚
1854 3700 2225 3788 quadratus
2257 3702 2403 3763 deus

193 3801 302 3883 ipse
322 3804 482 3889 suit.
1481 3819 1514 3835 ··

348 3901 437 3964 12.
472 3923 673 3964 Lucu
718 3924 1105 3965 voeavrr.
1151 3903 1299 3965 Itali
1331 3910 1399 3964 et
1427 3902 1734 3986 impressi
1765 3921 2142 3964 Locavlr.

347 3999 438 4060 14.
471 3998 533 4060 N
552 4021 588 4060 A
610 4021 710 4074 MQ
728 4022 817 4061 ur:
857 4022 947 4062 or:
967 4023 1138 4062 Rus.
1171 4000 1377 4063 Iidem
1408 4000 1665 4063 Ci-:Rsss
1687 4049 1700 4062 .
1732 4007 1872 4062 tum
1903 3996 2401 4083 oblongussraec-

185 4113 390 4179 yesque
416 4096 686 4182 liberque
704 4144 717 4157 .
747 4118 947 4160 versu
978 4098 1050 4160 21
1090 4097 1461 4181 quadratus
1492 4101 1765 4161 animum
1784 4146 1797 4160 .

340 4193 439 4254 30.
486 4195 586 4256 31.
656 4193 932 4256 TANro
1001 4216 1253 4259 01³1:sz
1321 4218 1828 4259 orricannr
1898 4216 2134 4256 Noms
2203 4213 2402 4252 'rriu-

192 4307 447 4352 rnALA
505 4314 923 4356 COLENTES
969 4292 1388 4368 Tamen,
1431 4313 2036 4365 ms‘romAsQuss
2092 4309 2402 4350 PLAGAS

191 4406 439 4461 aroer
478 4411 784 4454 1sn1ARA
821 4412 1219 4454 PROPTER.
1247 4390 1394 4454 Itali
1428 4398 1494 4453 et
1520 4389 1827 4476 impressi
1857 4389 2401 4450 STYMPHALA.
