3042 5192
566 468 702 537 182
1620 457 1716 526 III

724 639 865 702 735.
915 657 1111 700 nsro
1170 652 1529 708 QUAmws
1572 650 1879 694 FACERE
1924 649 2170 692 unm-2
2216 648 2525 692 conrus
2555 676 2572 703 ‚
2616 627 2775 692 Cmi

560 758 966 803 sonnium:
997 755 1093 796 Ar
1124 754 1275 807 Qui:
1306 752 1650 795 rossum·
1681 750 1819 791 viA
1850 748 2122 790 nuntii
2149 747 2550 791 Vinnrun.
2578 724 2779 790 Recte

568 837 719 900 Gwm
755 834 1009 898 &abeant
1038 855 1059 893 .·
1105 851 1253 893 cum
1288 849 1399 892 res
1426 828 1523 892 ita
1552 832 1939 913 comparata
1969 825 2058 889 sit
2082 832 2162 888 ut
2190 825 2479 888 subeant
2508 845 2750 912 corpus
2766 875 2781 901 ‚

563 940 709 997 esto
752 932 832 995 iis
875 949 1037 994 sane
1082 927 1242 991 utile
1283 926 1410 990 sibi
1450 932 1592 989 tum
1632 922 1856 988 facere
1902 944 2150 1009 corpus
2184 970 2199 984 .
2239 921 2499 986 frustra
2529 944 2779 986 correc-

561 1040 672 1095 tor
715 1026 1026 1114 quadrati
1066 1023 1426 1108 adscripsit
1463 1024 1560 1086 vel
1593 1023 1716 1086 Gur
1754 1021 1929 1106 (non
1970 1022 2099 1106 leye
2129 1044 2269 1094 our,
2308 1028 2388 1085 ut
2412 1018 2630 1084 refert
2654 1020 2782 1084 Ha-

561 1126 1029 1213 vercampus)‚
1057 1122 1310 1187 frustra
1338 1121 1588 1184 amicus
1617 1117 1823 1182 Fabri
1850 1118 1874 1201 (
1888 1139 2114 1183 secum
2143 1117 2470 1204 Forbiger
2500 1139 2545 1182 a
2570 1118 2784 1183 Fabro

564 1224 1117 1289 communicatum
1149 1219 1414 1303 scribit)
1452 1217 1633 1298 Quod
1654 1218 1951 1282 subeant.
1992 1214 2117 1280 sed
2154 1224 2342 1281 recte
2368 1217 2702 1281 Marullus
2730 1228 2789 1281 at

566 1344 721 1399 QUA
741 1324 1006 1407 possint.
1594 1377 1599 1381 .

730 1420 869 1483 738.
899 1417 1067 1482 Nnc
1098 1436 1377 1480 :tanum
1419 1435 1564 1477 iis-r
1603 1435 1705 1477 ιιι·
1736 1434 2039 1487 chuu
2079 1433 2539 1477 rnnrncris
2583 1435 2787 1476 insi·

565 1538 948 1581 nunnrun
990 1514 1560 1578 Conpomnus.
1598 1509 1961 1574 Lambinus
1987 1521 2060 1573 ut
2084 1531 2229 1572 IAM
2251 1509 2582 1597 perfectis,
2612 1508 2791 1595 quod

566 1615 939 1680 sententiae
970 1613 1133 1677 satis
1161 1609 1326 1674 facit
1351 1658 1365 1674 .
1410 1609 1586 1673 malo
1616 1608 1750 1671 hoc
1778 1658 1794 1683 ‚
1834 1606 2022 1692 quod
2052 1628 2093 1670 a
2120 1607 2363 1672 litteris
2392 1608 2670 1671 nimium
2694 1629 2789 1673 re·

566 1711 807 1777 cedere
828 1712 1047 1776 fateor
1062 1759 1079 1786 ‚
1109 1729 1310 1794 quam
1331 1708 1563 1795 inepta
1581 1705 1851 1770 Marulli
1874 1713 1942 1769 et
1957 1704 2360 1770 Wakefieldi
2382 1713 2763 1770 commenta
2776 1754 2792 1777 ‚

566 1823 651 1875 est
674 1812 852 1897 quasi
880 1833 992 1873 cm
1007 1807 1301 1895 perfectis
1315 1854 1333 1885 ‚
1365 1816 1450 1869 est
1476 1807 1585 1893 qui
1614 1826 1752 1868 cum
1767 1804 2064 1890 perfecti-s·
2081 1852 2096 1866 .

731 1907 871 1971 740.
895 1927 1157 1980 NEQUE
1183 1925 1599 1968 consnnsu
1632 1923 2039 1966 commem
2066 1922 2342 1964 rmum.
2365 1899 2583 1965 Immo
2608 1922 2789 1966 con-

567 2029 600 2069 s
616 2028 711 2068 EN
728 2028 760 2068 s
776 2028 864 2068 us
896 2005 1175 2089 concayia
1192 2028 1213 2065 .·
1239 2008 1424 2066 recte
1455 2003 1627 2066 enim
1651 2001 2013 2066 Creechius
2041 2002 2530 2088 interpretatur
2550 2002 2791 2087 ‘neque

565 2104 660 2167 ita
699 2124 947 2188 corpus
994 2110 1063 2166 et
1104 2100 1321 2164 anima
1359 2100 1820 2165 consentirent
1860 2107 1927 2163 et
1953 2107 2176 2163 motus
2203 2099 2445 2164 vitales
2476 2099 2608 2164 sibi
2636 2099 2789 2162 invi·

570 2223 713 2265 cem
743 2208 974 2264 mutuo
1003 2197 1422 2286 impertirent
1440 2200 1472 2261 .’

734 2298 873 2362 743.
903 2298 965 2361 A
993 2317 1397 2361 riui-mnus
1426 2317 1699 2359 nArua
1726 2317 1823 2359 ΕΤ
1852 2316 2259 2359 APATRan
2288 2316 2552 2359 ravon
2582 2316 2788 2359 1⁸01-

567 2417 720 2459 τινι·
763 2417 1071 2459 ARTUS.
1109 2394 1187 2457 In
1229 2394 1523 2479 oblongo
1565 2399 1752 2457 recte
1788 2391 2040 2457 factum
2077 2391 2385 2456 radendo
2430 2405 2491 2457 et
2518 2395 2787 2479 patu-im.

568 2492 1021 2603 grammatici,
1069 2499 1390 2576 quantum
1419 2497 1756 2578 possunt,
1803 2489 2072 2555 dativos
2111 2491 2429 2577 ingerunt
2470 2491 2535 2554 ei
2575 2489 2788 2554 versui

571 2590 685 2674 qui
703 2588 886 2652 hunc
906 2587 1285 2674 praecedit,
1312 2598 1389 2653 ut
1411 2597 1595 2654 certe
1618 2589 1834 2652 oratio
1859 2588 2082 2673 aliquo
2109 2588 2475 2653 cohaereat
2495 2589 2786 2653 vinculo.

568 2685 693 2751 sed
729 2708 869 2749 non
910 2694 1015 2750 est
1048 2688 1119 2750 in
1161 2707 1239 2750 ea
1282 2688 1616 2750 sententia
1642 2686 1995 2751 Lucretius
2024 2736 2040 2763 ,
2079 2694 2158 2750 ut
2195 2688 2600 2753 animalibus
2629 2688 2788 2765 dari,

567 2783 700 2847 hoc
733 2790 835 2846 est
862 2784 1225 2847 monstrari
1241 2833 1257 2860 ‚
1287 2808 1328 2848 a
1343 2786 1632 2869 patribus
1657 2785 2040 2849 violentiam
2063 2782 2291 2849 dolum
2316 2785 2553 2872 fugam
2578 2786 2786 2849 existi·

567 2888 703 2944 met
732 2930 748 2957 ‚
791 2881 985 2966 quasi
1010 2879 1331 2945 imitando
1365 2889 1432 2945 et
1461 2880 1904 2946 adsuetudine
1942 2904 2163 2947 mores
2190 2892 2553 2970 parentum
2580 2882 2786 2971 expri-

568 2987 753 3065 mant
781 3029 795 3043 .
834 2980 1063 3065 itaque
1103 2979 1470 3044 rectissime
1495 2973 1760 3044 ‘doctus
1801 2979 2072 3067 quidam
2087 2983 2121 3057 ’‚
2162 2982 2349 3045 cuius
2389 3003 2641 3046 nomen
2682 3002 2787 3044 cur

570 3078 931 3143 Lambinus
956 3078 1329 3142 dissimulet
1358 3079 1586 3142 nescio
1606 3128 1621 3154 ,
1644 3078 1824 3141 hunc
1851 3100 2121 3143 versum
2151 3079 2439 3143 alienum
2468 3101 2625 3144 esse
2653 3101 2784 3144 sus·

571 3178 831 3262 picatus
887 3184 991 3240 est
1021 3226 1035 3240 .
1077 3185 1362 3263 apparet
1408 3177 1578 3240 enim
1632 3198 1781 3240 eum
1825 3177 1939 3260 qui
1977 3176 2148 3241 haec
2189 3177 2464 3262 scripsit
2502 3175 2786 3241 Lucretii

571 3275 967 3337 sententiam
994 3272 1276 3337 irridere
1306 3298 1320 3337 ε
1359 3274 1542 3338 nullo
1570 3271 1775 3338 modo
1796 3323 1812 3350 ‚
1840 3275 2058 3359 inquit
2086 3323 2100 3351 ‚
2135 3274 2334 3337 animi
2362 3275 2623 3338 semina
2651 3294 2785 3338 cum

571 3391 858 3454 corpore
888 3371 1081 3434 simul
1110 3378 1456 3447 crescunt,
1486 3370 1614 3435 sed
1639 3372 1944 3436 leonibus
1972 3372 2287 3437 violentia
2323 3380 2393 3435 et
2422 3371 2626 3437 dolus
2652 3372 2783 3435 vul-

568 3469 765 3556 pibus
810 3492 852 3532 a
882 3470 1166 3554 patr-ihm
1206 3471 1416 3550 datur,
1461 3481 1520 3534 et
1560 3491 1910 3535 cervorum
1942 3471 2190 3555 patrius
2218 3492 2423 3556 pavor
2450 3471 2549 3535 ad
2573 3470 2783 3556 fugam

568 3567 780 3629 incitat
806 3577 976 3629 artus
1003 3567 1335 3653 pullorum
1354 3614 1368 3628 .

734 3663 874 3726 747.
907 3686 1059 3727 cum
1097 3685 1459 3728 CORPORE
1492 3684 1701 3728 'roro
1735 3713 1749 3727 .
1792 3665 1897 3729 Ita
1926 3665 2331 3752 quadratus:
2362 3668 2696 3753 oblongus
2722 3672 2787 3727 et

569 3760 782 3824 Italici
810 3784 949 3825 cum
978 3785 1231 3847 corpore
1259 3784 1528 3847 quoque.
1560 3772 1674 3830 toto
1699 3764 2022 3846 praetuli,
2047 3765 2204 3848 quia
2227 3786 2365 3828 non
2388 3786 2669 3851 possum
2693 3762 2787 3825 ul·

568 3859 698 3922 lam
728 3867 940 3923 artem
968 3880 1336 3974 agnoscere
1363 3859 1435 3922 in
1463 3859 1654 3923 simili
1679 3859 1814 3924 hoc
1842 3862 2040 3925 trium
2062 3863 2551 3927 versiculorum
2580 3862 2787 3932 exim,

568 3958 958 4044 inqenioqne,
986 3961 1388 4045 seminioqtoe,
1420 3981 1673 4043 empore
1693 3982 1962 4046 quoque.
1991 3982 2129 4024 non
2157 3968 2391 4046 potest
2420 3967 2643 4024 autem
2673 3955 2787 4019 du·

567 4054 767 4119 bitari
799 4057 959 4140 quin
987 4064 1273 4140 utraque
1305 4057 1638 4141 scriptura
1664 4056 1908 4121 fuerit
1890 4079 1959 4121 ιιι
1989 4058 2401 4145 archetypo.

735 4153 876 4217 759.
906 4154 1281 4230 Dnnmun
1324 4176 1419 4217 ur
1440 4202 1454 4216 .
1486 4154 1687 4218 Hunc
1714 4176 1983 4220 versum
2009 4156 2279 4220 rubrica
2308 4164 2377 4220 et
2405 4155 2644 4220 litteris
2668 4174 2787 4215 un-

570 4250 846 4316 cialibus
890 4252 1214 4337 scriptum
1240 4251 1448 4316 habet
1478 4253 1809 4337 oblongus
1838 4302 1854 4329 ,
1897 4251 2268 4339 quadratus
2299 4253 2549 4317 omittit
2574 4249 2791 4337 spatio

569 4370 809 4434 magno
855 4349 1089 4413 relicto
1129 4351 1198 4413 in
1242 4372 1376 4436 quo
1424 4350 1802 4415 rubricator
1842 4350 1977 4415 hoc
2021 4351 2212 4436 quasi
2242 4350 2602 4436 capitulum
2628 4346 2792 4411 scri-

568 4445 761 4511 beret
780 4496 793 4509 .
824 4445 1002 4511 idem
1029 4447 1098 4510 in
1117 4447 1252 4511 hoc
1272 4448 1445 4513 libro
1471 4446 1788 4536 deinceps
1818 4449 2084 4535 saepius
2106 4447 2357 4514 factum
2387 4454 2523 4523 est,
2543 4444 2791 4510 scilicet
