3042 5192
628 452 770 521 202
1698 447 1791 515 III

626 646 832 713 supra
873 631 1161 709 uterque
1200 623 1412 710 Tityon
1442 671 1454 683 .
1515 619 1829 707 quadrati
1877 628 2222 686 corrector
2263 629 2332 686 et
2358 622 2509 687 Itali
2548 623 2646 686 hic
2674 647 2711 686 E
2727 646 2847 688 sr:

627 725 780 790 olim
809 722 1116 808 impressi
1146 723 1245 786 hic
1274 732 1359 786 et.

791 823 932 887 994.
964 843 1377 886 somnum-r
1420 840 1884 885 cunrnnmn
1927 840 2130 883 onan
2151 867 2165 881 .
2199 817 2560 884 Corrector
2591 819 2849 907 oblongi

624 923 940 1008 mopedine
951 970 971 1001 ‚
995 919 1308 1006 quadrati
1334 942 1527 985 curn
1541 941 1584 982 n
1598 941 1679 983 m
1694 940 1751 992 n,
1780 917 2009 1001 itaque
2031 916 2285 1003 primus
2307 926 2469 1003 post
2489 939 2643 982 eum
2664 918 2847 983 Lam·

623 1022 822 1086 binus
853 1041 1003 1084 cum
1025 1018 1345 1083 Turnebo
1384 1018 1454 1081 in
1484 1016 2025 1082 adversariorum
2052 1016 2203 1092 x‚8.
2249 1016 2421 1082 libro
2455 1041 2520 1093 v,
2532 1017 2617 1082 45
2655 1019 2848 1098 Quan-

623 1131 721 1185 tae
758 1131 885 1184 twm
911 1119 1193 1182 seindzmt
1226 1118 1524 1182 hominem
1555 1116 1908 1202 czwedinis
1945 1136 2120 1178 aeres
2148 1113 2493 1181 Sollicitum
2538 1139 2727 1181 curae
2740 1166 2754 1177 .
2792 1117 2850 1180 in

624 1238 825 1282 versu
853 1216 1160 1302 proximo
1191 1238 1429 1303 quoque
1458 1214 1706 1280 omittit
1735 1211 2108 1299 quadratus
2127 1260 2140 1275 .

789 1315 932 1378 997.
962 1336 1240 1378 rn1sr1
1259 1335 1300 1389 Q
1318 1335 1408 1376 un
1454 1335 1808 1377 nncnnu·
1828 1358 1841 1373 .
1892 1310 2256 1375 Corrector
2297 1310 2621 1397 quadrati
2663 1320 2733 1377 et
2757 1334 2848 1377 ce-

627 1415 749 1477 teri
780 1433 1268 1487 ‘nus-usqum
1289 1460 1302 1473 .
1337 1409 1660 1475 Horatius
1681 1433 1850 1496 pono
1877 1410 2180 1495 tristisque
2205 1410 2449 1476 recedo.

791 1510 932 1576 999.
965 1531 1237 1574 numm
1280 1530 1663 1573 LAnonnu
1709 1529 2153 1573 surr-nass.
2196 1506 2387 1572 Idem
2417 1519 2769 1575 corrector
2795 1520 2845 1574 et

623 1609 931 1696 impressi
970 1629 1383 1673 surrnmzn
1428 1628 1838 1671 Lasonnm.

795 1707 972 1771 1001.
1033 1727 1250 1782 quon
1310 1727 1591 1770 TAMEN
1649 1727 1917 1770 sumno
1977 1725 2121 1768 um
2178 1725 2546 1769 vnn-non
2605 1729 2844 1772 nuscx

623 1804 734 1869 Vo
749 1827 871 1869 Lv1
888 1827 1038 1869 run
1057 1852 1071 1867 .
1101 1803 1431 1868 Marullus
1461 1829 1504 1869 a
1529 1827 1796 1885 summo,
1818 1803 2147 1868 Avantius
2166 1824 2207 1866 n
2228 1825 2496 1868 summo.
2525 1805 2599 1868 in
2629 1805 2844 1882 v‚1125

625 1905 714 1969 Ee
739 1915 940 1968 tamen
968 1928 1002 1968 e
1027 1925 1291 1967 szmnmo.
1335 1904 1405 1966 in
1434 1902 1625 1979 1v‚86
1653 1926 1730 1967 ex
1754 1926 2022 1968 summo.
2066 1903 2135 1966 in
2165 1901 2403 1977 111,197
2441 1902 2674 1987 δορα-ε
2700 1904 2847 1967 utab

621 2026 887 2068 simma.

791 2099 968 2164 1005.
1016 2099 1247 2179 Qnon
1301 2121 1661 2165 Faenum*
1720 2119 1965 2164 Noms
2010 2120 2403 2163 Annonam
2451 2120 2846 2174 ceraunon,

623 2220 929 2264 cuicum
971 2198 1145 2264 Cum
1185 2220 1594 2263 anonim-r.
1647 2196 1909 2263 Nonius
1953 2219 2128 2285 quae
2158 2205 2317 2262 ante
2345 2196 2520 2262 haec
2562 2198 2845 2283 proxime

621 2298 846 2385 posita
873 2304 1036 2361 sunt
1063 2296 1290 2362 attulit
1316 2319 1380 2382 p.
1396 2295 1592 2372 298‚9
1624 2303 1693 2361 et
1718 2296 1862 2374 424,
1879 2296 1953 2361 6:
1992 2296 2103 2361 hic
2120 2344 2137 2373 ‚
2179 2296 2294 2360 ubi
2322 2296 2736 2383 interpretes
2760 2305 2844 2360 ta·

623 2403 823 2471 cent,
867 2418 997 2460 nos
1024 2417 1164 2460 non
1193 2394 1471 2460 adiuvat
1501 2444 1515 2458 .
1567 2415 1821 2481 quaero
1852 2396 2025 2460 enim
2054 2394 2218 2508 quid
2244 2392 2413 2459 illud
2441 2393 2535 2458 sit
2562 2396 2732 2481 qnod
2748 2395 2843 2483 sa-

621 2496 788 2558 ciant
826 2494 998 2558 nobis
1038 2495 1195 2557 anni
1235 2503 1577 2581 tempora.
1620 2515 1776 2558 nam
1816 2502 1999 2559 certe
2038 2494 2195 2557 anni
2231 2514 2370 2558 non
2397 2492 2698 2570 faciunt,
2740 2491 2845 2557 sed

621 2589 955 2676 cupiditas
992 2599 1275 2668 nostra,
1316 2599 1395 2657 ut
1436 2592 1694 2657 animus
1734 2613 2095 2678 numquam
2134 2591 2487 2678 expleatur
2517 2599 2731 2677 atque
2756 2613 2842 2656 sa·

620 2690 870 2754 tietur.
910 2711 1192 2775 pascere
1224 2690 1492 2776 quidem
1522 2692 1680 2755 anni
1722 2698 2031 2776 tempora
2058 2689 2391 2766 animum,
2432 2712 2575 2755 non
2617 2712 2843 2776 corpus

623 2794 913 2862 tantum,
953 2787 1212 2853 facilius
1253 2788 1654 2866 concedam,
1697 2788 1823 2854 sed
1860 2810 1998 2853 non
2042 2790 2276 2853 oin-onom
2313 2790 2678 2854 redewztza:
2711 2810 2841 2853 nam

619 2888 849 2952 circum
874 2889 1078 2952 redire
1109 2886 1273 2973 quid
1302 2888 1392 2951 sit
1419 2909 1557 2951 non
1583 2887 1898 2973 intellego
1931 2936 1945 2950 .
1988 2886 2242 2952 scilicet
2282 2888 2451 2975 quod
2474 2887 2840 2952 coniunctio

621 2993 760 3062 est,
787 2985 910 3067 ita,
961 2986 1412 3074 Quodsaciunt
1448 2986 1621 3052 nobis
1659 3009 1963 3050 annonem
2006 2997 2281 3072 ἰθηψονα
2320 3007 2667 3060 weron,
2713 2987 2840 3050 &om

617 3085 895 3165 redeunt,
921 3085 1210 3173 fetusque
1232 3084 1455 3172 smmi
1479 3086 1803 3171 variosque
1830 3085 2066 3170 lepores
2079 3131 2097 3164 ‚
2145 3085 2285 3149 Nec
2312 3095 2517 3148 tamen
2544 3084 2840 3168 aquam

615 3184 764 3247 vitai
773 3183 1086 3271 fructibus
1112 3206 1406 3270 wnquam
1433 3232 1446 3246 .
1489 3190 1787 3247 ceterum
1818 3182 2150 3269 oblongus
2176 3181 2290 3247 hic
2317 3181 2530 3245 habet
2558 3179 2649 3244 de
2676 3199 2837 3245 more

615 3283 739 3345 vita
749 3281 1093 3369 fruetibaeae,
1135 3280 1259 3347 sed
1289 3279 1663 3367 quadratus
1691 3282 1818 3346 vita
1844 3283 2153 3347 ementibus
2170 3331 2183 3345 .
2230 3279 2401 3345 haec
2430 3287 2660 3344 autem
2688 3298 2837 3364 quae

618 3376 708 3442 ad
748 3377 964 3442 Danai
1004 3379 1175 3443 filias
1219 3380 1559 3467 pertinent
1610 3380 1828 3444 omnia
1878 3378 2036 3444 1003
2060 3417 2130 3427 —
2153 3379 2315 3444 1010
2358 3378 2643 3444 Servius
2680 3378 2745 3441 in
2778 3398 2835 3439 vx

621 3474 962 3539 Aeneidos
994 3476 1117 3540 596
1157 3478 1634 3564 praetermittit
1651 3526 1667 3553 ‚
1712 3477 1829 3542 ubi
1873 3484 2100 3542 cetera
2141 3498 2178 3541 e
2218 3476 2538 3542 Lucretio
2582 3475 2833 3562 exponit

617 3574 752 3638 hoc
779 3572 983 3638 modo
1003 3623 1017 3637 .
1067 3573 1233 3640 Sane
1261 3577 1336 3641 de
1364 3577 1458 3641 his
1485 3577 1759 3642 omnibm·
1783 3576 1963 3641 rebus
1988 3576 2146 3640 mire
2171 3576 2373 3641 reddit
2394 3575 2701 3641 rationem
2720 3574 2833 3639 Lu·

618 3673 881 3752 cretius,
927 3684 986 3737 et
1024 3674 1393 3764 confit-mal
1368 3699 1436 3739 m
1462 3686 1673 3740 nostra
1698 3675 1825 3740 vita
1853 3698 1977 3739 esse
2006 3675 2213 3739 omnia
2240 3697 2399 3761 quae
2424 3674 2752 3763 ftnymmr
2774 3671 2835 3734 de

615 3771 859 3859 inseri-3.
901 3771 1050 3835 dicit
1073 3795 1338 3860 namque
1367 3772 1626 3859 Tityon
1654 3795 1927 3838 amorem
1953 3796 2078 3837 esse
2092 3821 2111 3854 ,
2151 3772 2265 3837 hoc
2292 3783 2378 3837 eat
2403 3772 2827 3837 libidinem.-

614 3870 743 3954 ipee
781 3871 965 3934 etiam
993 3869 1324 3935 Lueretius
1362 3872 1509 3935 dicit
1536 3894 1660 3956 per
1699 3893 1830 3952 eos,
1869 3871 2130 3957 quibu-s·
2111 3892 2243 3935 iam
2269 3871 2401 3934 iam
2431 3891 2712 3935 casurus
2734 3868 2831 3931 im·

617 3968 823 4031 minet
850 3968 1009 4052 lapis
1020 4016 1040 4048 ,
1074 3969 1512 4055 superstitiosos
1539 3920 1911 4059 simii-fleam,
1955 3970 2064 4056 qui
2088 3970 2355 4035 inaniter
2379 3991 2622 4054 semper
2648 3989 2831 4033 veren-

616 4076 717 4129 tur
745 4066 901 4130 etde
929 4066 1047 4130 diis
1075 4078 1134 4131 et
1158 4069 1324 4132 caelo
1354 4080 1411 4132 et
1437 4069 1586 4132 loci-3
1611 4067 2026 4153 superioribus
2052 4069 2216 4133 male
2242 4068 2609 4153 opinmzwr.
2644 4103 2709 4114 —-
2731 4084 2831 4150 per

617 4186 715 4229 eos
744 4174 946 4229 autem
972 4167 1080 4252 qui
1108 4188 1343 4230 saxum
1369 4166 1687 4241 volvunt,
1728 4165 2019 4230 ambitum
2060 4167 2187 4231 vult
2226 4176 2283 4229 et
2318 4166 2635 4251 repulsam
2666 4162 2828 4249 siqni-

600 4264 797 4352 ficari
813 4310 831 4343 ‚
861 4265 1012 4349 quia
1038 4266 1225 4330 semel
1247 4265 1477 4351 repulsi
1506 4265 1794 4350 petitores
1822 4264 2055 4329 ambire
2078 4287 2203 4329 non
2243 4265 2527 4329 desinm
2546 4314 2561 4328 .
2601 4261 2826 4328 scilicet

617 4361 1087 4445 grammaticus
1118 4361 1422 4427 ordinem
1454 4370 1523 4426 et
1552 4363 1763 4428 verba
1790 4362 2071 4448 Vergilii
2100 4363 2441 4448 sequitur,
2484 4383 2527 4426 a
2556 4383 2684 4447 quo
2708 4357 2825 4422 Da»

617 4457 851 4522 naides
898 4481 1038 4523 non
1088 4469 1690 4526 commemorantur
1721 4511 1734 4526 .
1796 4459 1918 4526 sed
1968 4458 2147 4526 idem
2196 4461 2476 4526 Servius
2528 4479 2689 4546 quae
2732 4453 2823 4518 his
