3042 5192
672 477 811 544 222
1733 472 1833 539 VI

513 668 609 714 495
750 649 944 712 Nunc
973 669 1094 733 age
1115 696 1130 723 ‚
1154 668 1289 732 quo
1320 654 1524 735 pacto
1557 647 1820 730 pluvius
1853 654 2248 710 concrescat
2276 646 2345 709 in
2375 648 2528 712 altis

665 764 952 828 nubibus
980 784 1171 826 umor
1189 811 1204 838 ,
1230 769 1298 825 et
1324 761 1393 824 in
1421 769 1638 825 terras
1671 759 2001 823 demissus
2031 769 2108 824 ut
2133 761 2347 824 imber

665 877 936 942 decidat
952 926 967 952 ‚
993 875 1343 963 expediam
1364 925 1377 938 .
1400 876 1683 962 primum
1710 875 1838 938 iam
1871 876 2125 939 semina
2153 878 2353 960 aquai

666 994 871 1058 multa
900 991 1093 1060 simul
1119 993 1379 1054 vincam
1410 1010 1821 1075 consurgere
1852 990 2140 1054 nubibus
2169 991 2335 1074 ipsis

667 1109 971 1173 omnibus
1003 1128 1088 1170 ex
1114 1108 1318 1170 rebus
1337 1154 1352 1180 ,
1375 1106 1764 1192 pariterque
1791 1105 1887 1167 ita
1916 1125 2221 1168 crescere
2249 1113 2609 1192 utrumque
2628 1158 2643 1174 .

513 1242 611 1286 500
669 1231 736 1287 et
762 1223 959 1286 nubis
979 1271 993 1298 ,
1020 1230 1088 1285 et
1118 1242 1359 1306 aquam
1377 1268 1393 1295 ,
1417 1240 1590 1304 quae
1621 1240 1904 1303 cumque
1931 1220 2000 1282 in
2031 1220 2319 1284 nubibus
2350 1229 2539 1286 extat
2557 1273 2572 1298 ‚

663 1347 742 1403 ut
769 1339 1020 1425 pariter
1048 1336 1244 1401 nobis
1275 1356 1522 1422 corpus
1554 1356 1703 1397 cum
1732 1335 2054 1420 sanguine
2086 1336 2328 1399 crescit
2345 1385 2361 1410 ‚

666 1451 875 1516 sudor
904 1452 1060 1515 item
1078 1500 1092 1526 ‚
1117 1458 1319 1535 atque
1348 1470 1542 1513 umor
1572 1450 1685 1534 qui
1715 1471 1999 1534 cumque
2031 1459 2135 1514 est
2165 1449 2452 1536 denique
2482 1454 2816 1518 membris.

666 1567 1049 1652 concipiunt
1077 1566 1273 1629 etiam
1301 1564 1580 1628 multum
1609 1586 1879 1649 quoque
1910 1586 2113 1650 saepe
2142 1566 2465 1629 marinum

665 1702 964 1745 umorem
982 1730 997 1756 ‚
1020 1679 1127 1743 vel
1154 1682 1251 1743 uti
1280 1678 1647 1765 pendentia
1672 1680 1924 1744 vellera
1951 1680 2143 1743 lanae
2163 1729 2178 1756 ‚

513 1813 610 1859 505
667 1817 814 1859 cum
844 1816 1089 1882 supera
1115 1816 1426 1880 magnum
1455 1815 1639 1859 mare
1669 1796 1851 1858 venti
1880 1795 2108 1858 nubila
2135 1802 2414 1882 portant
2432 1845 2446 1858 .

667 1910 988 1974 consimili
1018 1909 1277 1973 ratione
1308 1930 1391 1972 ex
1421 1910 1728 1973 omnibus
1758 1910 2063 1973 amnibus
2091 1931 2285 1973 umor

662 2024 917 2089 tollitur
943 2025 1014 2088 in
1042 2023 1239 2087 nubis
1259 2072 1272 2085 .
1300 2045 1435 2108 quo
1468 2045 1618 2086 cum
1642 2024 1817 2089 bene
1848 2025 2098 2088 semina
2126 2044 2448 2109 aquarum

662 2140 870 2204 multa
897 2138 1115 2203 modis
1143 2138 1366 2202 multis
1398 2159 1773 2202 convenere
1803 2138 2101 2224 undique
2131 2138 2419 2203 adaucta
2436 2188 2452 2212 ‚

666 2255 1010 2320 confertae
1039 2253 1253 2316 nubes
1283 2254 1576 2317 umentia
1601 2255 1862 2318 mittere
1893 2261 2156 2318 certant

510 2386 606 2433 510
664 2369 1049 2457 dupliciter:
1072 2389 1225 2431 nam
1253 2368 1358 2431 vis
1386 2369 1572 2432 venti
1602 2367 1948 2433 contrudit
1965 2417 1980 2444 ,
2006 2376 2073 2432 et
2099 2370 2250 2455 ipsa

663 2486 857 2571 copia.
882 2484 1255 2547 nimborum
1291 2483 1488 2546 turba
1514 2484 1762 2547 maiore
1794 2491 2030 2547 coacta

663 2606 894 2685 urget,
920 2598 1005 2662 de
1039 2619 1286 2685 supero
1317 2598 1593 2684 premit,
1616 2619 1695 2663 ac
1723 2597 1886 2663 facit
1917 2597 2186 2662 effluere
2215 2599 2443 2663 imbris
2462 2649 2476 2661 .

660 2720 1013 2800 praeterea
1042 2735 1190 2777 cum
1218 2721 1573 2776 rarescunt
1601 2735 1872 2798 quoque
1900 2713 2128 2777 nubila
2156 2714 2378 2777 ventis

662 2836 778 2893 aut
807 2827 1264 2892 dissolvuntur
1282 2877 1296 2903 ,
1322 2828 1487 2891 solis
1519 2849 1724 2914 super
1752 2830 1889 2892 icta
1919 2828 2144 2893 calore
2164 2877 2180 2903 ‚

507 2963 603 3008 515
657 2944 929 3008 mittunt
955 2964 1251 3006 umorem
1280 2943 1574 3026 pluvium
1593 2992 1608 3019 ‚
1633 2943 2017 3028 stillantque
2036 2992 2052 3018 ‚
2077 2944 2272 3027 quasi
2299 2944 2434 3028 igni

660 3080 815 3123 cera
842 3079 1046 3144 super
1076 3055 1292 3120 calido
1324 3057 1680 3121 tabescens
1710 3058 1918 3122 multa
1945 3058 2306 3143 liquescat.

660 3173 784 3238 sed
813 3194 1084 3237 vemens
1114 3172 1324 3235 imber
1355 3171 1462 3247 fit,
1485 3173 1602 3235 ubi
1629 3183 1970 3238 vementer
1998 3181 2286 3258 utraque

659 3289 885 3353 nubila
914 3288 1105 3373 aquis
1138 3286 1470 3350 cumulata
1497 3295 1894 3374 premuntur
1925 3296 1992 3352 et
2019 3289 2263 3373 impete
2297 3288 2506 3351 venti.

658 3411 864 3486 atque
893 3410 1124 3466 tenere
1156 3401 1271 3465 diu
1301 3402 1566 3488 pluviae
1595 3402 1999 3488 longumque
2029 3404 2273 3467 morari

505 3534 601 3580 520
659 3525 1069 3581 consuerunt
1087 3567 1101 3593 ‚
1125 3517 1237 3580 ubi
1266 3517 1473 3581 multa
1503 3518 1763 3582 cientur
1793 3519 2044 3582 semina
2072 3539 2395 3603 aquarum
2414 3566 2430 3591 ‚

660 3639 862 3715 atque
892 3633 1035 3696 aliis
1067 3632 1235 3696 aliae
1264 3632 1478 3696 nubes
1506 3632 1844 3717 nimbique
1875 3633 2174 3718 rigantes

657 3748 929 3832 insuper
958 3755 1161 3832 atque
1192 3748 1371 3810 omni
1401 3747 1605 3832 vulgo
1640 3746 1724 3810 de
1755 3755 1949 3832 parte
1977 3747 2320 3822 feruntur,

657 3873 971 3948 terraque
1003 3885 1147 3925 cum
1178 3862 1441 3926 fumans
1472 3884 1768 3925 umorem
1799 3870 1947 3926 tota
1975 3862 2286 3926 redhalat
2304 3911 2317 3924 .

661 4206 763 4255 496
799 4199 1050 4254 dimissus
1098 4202 1117 4268 ΙΙ
1167 4207 1266 4254 498
1304 4203 1509 4254 vineam
1561 4206 1582 4272 Η
1620 4209 1718 4255 500
1757 4203 1829 4255 Et
1864 4203 2092 4256 nubibus
2129 4203 2150 4271 ΙΙ
2191 4208 2288 4254 502
2327 4201 2465 4255 idem
2505 4204 2525 4271 ΙΙ
2562 4207 2652 4255 503
2688 4196 2854 4250 Conci-

661 4288 815 4343 diunt
848 4289 868 4358 ΙΙ
911 4292 1008 4340 509
1034 4287 1230 4340 viventi
1268 4291 1289 4358 ΙΙ
1329 4297 1421 4342 511
1462 4306 1666 4343 mmore
1701 4289 1720 4357 11
1761 4294 1857 4339 512
1899 4305 1928 4339 c
1966 4287 1986 4357 ΙΙ
2024 4288 2206 4357 primit
2242 4286 2262 4355 ΙΙ
2301 4291 2398 4338 514
2437 4286 2685 4339 calorem.
2717 4285 2736 4352 ΙΙ
2774 4285 2852 4331 515

662 4373 893 4427 stillante
931 4370 952 4438 ΙΙ
991 4376 1089 4452 516
1128 4370 1264 4424 Tela
1302 4372 1322 4438 ΙΙ
1361 4378 1459 4424 518
1496 4374 1546 4424 vi
1585 4374 1606 4441 ΙΙ
1644 4378 1740 4424 519
1779 4372 1856 4423 At
1881 4373 2133 4424 retineret
2170 4370 2190 4438 ΙΙ
2228 4377 2328 4422 520
2365 4371 2558 4422 flentur
2604 4370 2624 4434 ll
2674 4372 2756 4417 521
2794 4362 2854 4414 ri·

660 4463 886 4527 gnante.
945 4454 965 4521 ΙΙ
1014 4461 1112 4506 522
1152 4473 1286 4525 aquo
1323 4459 1480 4525 {1523
1520 4456 1792 4509 humorem
1830 4457 1850 4516 ΙΙ
1891 4454 2149 4507 redralat.
