3042 5192
564 476 652 543 18
1650 470 1680 537 I

559 658 627 713 ct
663 648 792 711 alia
830 643 1261 731 philosophia
1299 639 1719 728 instructis),
1769 645 2098 729 eleyantem
2137 649 2362 708 tamen
2399 648 2466 709 in
2503 671 2624 711 sua
2664 670 2799 712 ma-

559 750 713 812 teria
742 764 895 809 esse
926 741 1270 807 concedit:
1294 742 1480 806 solus
1501 740 1940 805 Eichstadius
1967 764 2034 827 p.
2052 764 2291 807 Lxxvu
2324 766 2538 808 Lxxnt
2563 746 2636 809 in
2666 745 2798 810 hoc

558 851 795 930 poeta,
829 863 964 927 quo
1006 840 1257 904 nullum
1298 840 1424 904 sibi
1463 862 1587 925 per
1631 841 1851 904 omnia
1892 840 2272 906 similiorem
2317 844 2607 928 cognovi
2635 894 2652 918 ,
2701 844 2797 909 in-

558 942 1028 1028 aequalitatem
1047 939 1383 1025 quandam
1413 947 1482 1003 et
1512 938 2033 1025 discrepantiam
2063 941 2387 1004 orationis
2420 939 2797 1028 deprehen·

560 1040 692 1115 dit,
726 1038 906 1104 unde
951 1059 1217 1102 carmen
1259 1058 1342 1101 ex
1383 1039 1679 1102 auctoris
1726 1058 1926 1102 manu
1964 1038 2315 1103 incohatum
2354 1050 2413 1103 et
2442 1040 2600 1103 made
2638 1060 2796 1124 pro·

560 1138 743 1203 disse
793 1157 1014 1222 neque
1057 1157 1099 1201 a
1141 1143 1527 1200 correctore
1580 1137 1744 1200 satis
1798 1143 2191 1200 constanter
2247 1136 2620 1223 expolitum
2675 1138 2796 1202 sibi

558 1255 971 1321 cognoscere
1013 1233 1201 1298 visus
1245 1240 1394 1310 est3
1451 1233 1510 1297 is
1553 1233 1809 1298 scilicet
1850 1235 1965 1320 qui
2006 1256 2092 1299 ne
2131 1234 2484 1298 manifesta
2527 1235 2797 1320 quidem

556 1339 740 1398 r'ecte
767 1331 1245 1406 intellexisset,
1280 1339 1358 1395 ut
1387 1330 1502 1441 qui
1526 1331 1961 1417 coniungeret
1986 1333 2161 1396 inter
2191 1353 2266 1396 se
2287 1332 2458 1396 haec
2483 1333 2560 1396 in
2587 1355 2665 1408 V,
2682 1332 2799 1398 118

544 1455 674 1518 par
715 1453 838 1495 esse
879 1431 1004 1494 ritu
1040 1429 1407 1513 Θὶραηιυηι,
1440 1429 1510 1491 111
1551 1451 1653 1504 w,
1673 1429 1831 1493 1067
1873 1432 2266 1516 sinyulart‘ter
2303 1453 2697 1511 memorare,
2729 1432 2796 1495 in

555 1553 640 1606 11,
655 1529 780 1595 402
823 1553 939 1594 ora
977 1530 1253 1593 centauri
1301 1551 1524 1614 sapore
1550 1540 1989 1643 pertorquent,
2047 1536 2116 1593 et
2155 1529 2319 1593 alias
2360 1531 2641 1593 centauri
2662 1528 2798 1616 seri

553 1641 783 1694 namra
820 1651 1041 1714 sapore
1072 1638 1472 1714 pertorquent
1507 1651 1622 1692 ora
1634 1676 1653 1708 ,
1696 1629 1767 1691 in
1805 1650 1906 1702 vi,
1923 1626 2046 1692 238
2081 1627 2218 1691 vini
2258 1627 2381 1690 vim
2414 1628 2798 1702 mobiliorem

557 1727 688 1791 dici
719 1728 1142 1813 opinaretur,
1183 1732 1251 1788 et
1290 1725 1360 1788 in
1401 1748 1501 1800 ιν,
1517 1725 1643 1789 864
1684 1727 1978 1813 lanymda
2021 1723 2311 1789 anhelare
2351 1724 2461 1789 vel
2501 1746 2796 1812 corpora

551 1824 661 1888 vel
699 1825 1038 1901 membra,
1066 1827 1139 1887 in
1178 1845 1288 1898 111,
1304 1822 1427 1887 683
1469 1823 1752 1888 animam
1793 1847 1987 1889 cresse
2025 1825 2093 1887 in
2136 1824 2433 1909 sanquine
2473 1822 2670 1908 quod
2707 1824 2794 1888 ibi

551 1922 887 2009 potuisset
931 1945 1174 1986 cernere
1196 1970 1214 2000 ,
1259 1921 1328 1984 in
1371 1944 1453 1985 111
1485 1931 1709 1986 autem
1738 1924 1859 1986 775
1905 1923 2124 1988 obruat
2156 1928 2432 2008 putaret
2467 1923 2701 1987 valere
2726 1922 2795 1987 id

554 2019 742 2106 quod
784 2027 1067 2107 proruat
1108 2027 1177 2083 et
1216 2020 1477 2097 11,1137
1504 2044 1822 2108 proquam
1860 2041 2222 2107 perquam,
2257 2020 2417 2083 item
2443 2023 2514 2085 in
2545 2021 2795 2096 111‚569

547 2132 858 2185 moventur
899 2118 973 2183 id
1015 2116 1202 2205 quod
1239 2125 1514 2182 movent
1544 2168 1558 2194 ,
1599 2117 1890 2204 denique
1928 2119 1998 2182 in
2040 2141 2092 2194 1,
2113 2117 2236 2182 508
2284 2119 2518 2204 Corpus
2558 2143 2637 2183 ea
2675 2143 2792 2184 non

550 2229 637 2281 est
658 2220 755 2282 ita
782 2218 1345 2304 interpretaretur
1362 2264 1377 2291 ,
1403 2214 1667 2301 Corpus
1689 2225 1932 2281 natura
1951 2216 2080 2281 loci
2102 2237 2239 2279 non
2270 2224 2408 2280 est.
2434 2215 2562 2280 sed
2581 2217 2789 2302 Berg-

549 2315 700 2380 kius
732 2338 892 2381 suae
924 2316 1011 2380 de
1039 2316 1172 2380 hoc
1202 2322 1409 2400 poeta
1439 2317 1813 2380 sententiae
1842 2323 2183 2381 auctorem
2206 2314 2299 2379 M.
2318 2314 2612 2379 Tullium
2640 2337 2789 2402 per-

549 2412 785 2490 hibet3
831 2414 1019 2499 quod
1067 2413 1376 2500 profecto
1429 2436 1568 2478 non
1616 2414 1876 2478 faceret
1902 2463 1919 2490 ,
1970 2413 2099 2476 nisi
2149 2414 2235 2476 ab
2287 2412 2433 2477 aliis
2484 2436 2789 2479 seorsum

550 2532 748 2594 quam
794 2512 1179 2597 simpliciter
1215 2511 1513 2576 iudicare
1553 2513 1898 2578 maluisset
1917 2562 1931 2575 .
1968 2532 2124 2575 nam
2152 2511 2455 2574 Marcum
2485 2512 2785 2599 plerique

548 2629 699 2671 cum
737 2608 907 2674 haec
951 2609 1041 2673 ad
1071 2609 1392 2689 Quintum
1429 2611 1764 2676 fratrem'
1747 2633 1817 2674 ιιι
1845 2611 2016 2675 libro
2046 2633 2131 2686 11,
2153 2611 2225 2674 11
2260 2611 2616 2696 scripsisse
2648 2632 2784 2674 cre-

550 2703 917 2784 didissent,
954 2709 1233 2773 Lucretii
1252 2721 1541 2795 poemata
1568 2721 1638 2774 ut
1660 2710 1875 2774 scribae
1902 2711 1992 2773 ita
2017 2720 2195 2789 sunt,
2225 2732 2348 2774 non
2372 2710 2580 2773 multi-5
2608 2710 2784 2774 hnm-

544 2803 770 2866 nibus
745 2809 999 2889 mqem'i,
1029 2807 1255 2872 multae
1283 2821 1483 2872 tamen
1511 2812 1692 2889 artis,
1722 2805 1956 2872 addita
1979 2806 2234 2871 scilicet
2253 2807 2462 2893 priori
2485 2809 2784 2872 membro

545 2901 836 2984 negandi
878 2905 1251 2987 particula,
1288 2928 1486 3018 quam
1523 2906 1677 2972 libri
1716 2907 2080 2992 ignorant,
2134 2927 2171 2969 e
2213 2907 2554 2970 contraria
2592 2915 2786 2994 parte

542 2997 655 3060 ille
699 2996 1056 3064 Cicerones
1098 3003 1414 3067 Lucretio
1465 3004 1806 3089 ingenium
1855 3005 2271 3069 concessisse
2333 3005 2574 3068 statuit
2603 3053 2621 3080 ,
2667 3003 2785 3069 sed

546 3094 817 3159 eosdem
860 3097 929 3158 in
971 3118 1051 3160 eo
1096 3119 1331 3182 parum
1372 3101 1537 3164 artis
1581 3122 1732 3166 esse
1771 3100 2107 3166 iudicasse
2138 3152 2152 3165 .
2206 3100 2392 3187 quod
2436 3102 2508 3165 in
2547 3102 2783 3166 Marco

545 3214 707 3256 sane
746 3193 1119 3257 mirandum
1163 3202 1345 3258 esset
1371 3243 1386 3269 ,
1421 3199 1673 3282 quippe
1716 3201 1830 3282 qui
1875 3201 2015 3264 eius
2056 3201 2221 3264 artis
2269 3221 2403 3285 qua
2430 3200 2784 3265 Lucretius

542 3290 755 3373 pollet
794 3312 879 3352 ne
922 3291 1250 3353 minimam
1281 3290 1554 3374 quidem
1597 3304 1856 3376 partem
1884 3298 1952 3358 in
1983 3300 2384 3363 carminibus
2416 3299 2557 3362 suis
2587 3298 2780 3362 adse-

542 3393 738 3450 cutus
770 3397 952 3451 esset
970 3437 983 3450 .
1011 3395 1248 3451 contra
1274 3387 1453 3452 idem
1483 3411 1603 3453 cur
1630 3412 1848 3475 pauca
1874 3397 2109 3478 inyem'i
2136 3398 2372 3460 lmnina
2400 3395 2778 3460 inLucretii

545 3486 832 3548 carmine
874 3484 1420 3551 animadverterit
1448 3537 1463 3562 ‚
1499 3510 1637 3552 non
1667 3497 1900 3574 potest
1929 3492 2287 3558 obscurum
2318 3516 2503 3558 esse:
2541 3516 2694 3559 nam
2725 3496 2779 3558 81

540 3581 798 3645 Ennius
831 3592 899 3646 et
914 3584 1140 3648 Attius
1173 3605 1255 3647 ea
1279 3607 1353 3648 re
1383 3588 1680 3671 inqeniosi
1699 3586 2136 3665 videbantur,
2161 3591 2347 3675 quod
2377 3593 2776 3659 oblectando

542 3679 869 3746 docerent
909 3691 979 3745 et
1021 3683 1253 3748 animis
1292 3683 1646 3750 movendis
1689 3687 2105 3772 corrigerent
2144 3709 2365 3752 mores
2399 3739 2414 3752 .
2465 3714 2595 3776 pro
2635 3693 2772 3755 Mu-

537 3800 701 3843 rena
728 3780 810 3844 30
851 3781 1096 3845 Etenim
1137 3794 1207 3846 ut
1243 3785 1330 3846 ait
1366 3785 1710 3868 inqmioms·
1746 3795 1932 3869 poeta
1982 3796 2040 3849 et
2076 3799 2288 3852 auctor
2327 3789 2516 3852 valde
2563 3792 2767 3878 homes,

531 3878 786 3962 proeliis
814 3881 1231 3965 promulyatis
1256 3881 1517 3945 Pellitur
1559 3906 1592 3945 e
1629 3883 1829 3946 medio
1869 3907 1992 3948 non
2030 3885 2227 3948 sol-tom
2264 3887 2380 3949 ista
2421 3899 2622 3952 vestra
2647 3912 2766 3952 ver-

534 3975 679 4039 bosa
704 3978 1009 4042 simulatio
1027 3980 1401 4065 prudentiae
1426 4028 1445 4059 ,
1480 3981 1592 4043 sed
1629 3982 1810 4044 etiam
1855 3984 1992 4067 ipsa
2019 3984 2132 4047 illa
2163 3984 2414 4048 domina
2442 4008 2650 4050 rerum
2676 4009 2764 4049 sa-

524 4073 790 4157 pientia,
826 4079 887 4140 vi
908 4080 1150 4162 qeritur
1188 4102 1315 4142 res.
1352 4098 1478 4161 pro
1510 4077 1786 4142 Plancio
1813 4079 1894 4143 59
1931 4081 2106 4160 Quae
2142 4084 2390 4167 sempsit
2422 4086 2636 4168 yravis
2673 4084 2764 4146 ille

533 4181 591 4235 et
612 4172 955 4257 inqeniosus
969 4187 1157 4262 poe’ta
1180 4224 1198 4256 ‚
1234 4200 1357 4240 non
1384 4187 1454 4239 ut
1478 4177 1616 4240 illo-s·
1644 4178 1843 4262 reqios
1860 4201 2094 4264 pueros
2115 4228 2134 4259 ,
2173 4181 2282 4265 qui
2308 4182 2440 4244 iam
2473 4203 2758 4268 nusquam

528 4282 706 4335 erant
720 4321 739 4351 ,
772 4274 881 4337 sed
918 4286 985 4338 ut
1021 4298 1132 4338 nos
1171 4286 1230 4338 et
1265 4285 1498 4339 nostros
1526 4275 1745 4340 liberos
1773 4276 1862 4340 ad
1900 4277 2170 4341 laborem
2198 4289 2258 4342 et
2282 4279 2370 4342 ad
2395 4279 2638 4344 laudem
2664 4300 2754 4343 ex·

529 4370 778 4433 citaret.

700 4468 919 4531 14.Ετ
966 4491 1329 4533 narlnos

2365 4475 2592 4539 16.T1÷
2632 4495 2752 4537 sr-

1567 4472 1657 4533 15.
1687 4471 1881 4535 [Non
1927 4496 2126 4537 meni:
