3042 5192
1321 483 1420 552 IV
2345 486 2480 556 221
2516 530 2533 542 ,

249 658 442 722 cretii
471 679 612 722 xxv
658 664 728 722 et
770 657 1042 744 capituli
1085 658 1319 722 titulus
1339 707 1352 720 .
1398 679 1478 722 ac
1521 659 1803 744 primum
1845 658 2114 744 quidem
2156 660 2289 725 hoc
2332 661 2458 728 fuit
2473 713 2487 738 ‚

254 757 540 836 Qtnonom
565 779 757 821 umam
784 756 1021 843 quidvis
1063 757 1269 820 leviter
1293 757 1547 845 siforte
1575 758 1807 822 duobus
1833 760 2115 844 Attinyas
2142 759 2375 845 diffidis,
2420 760 2487 824 in

247 876 396 919 eam
442 854 844 918 sententiam
884 875 1082 939 quam
1127 854 1465 919 Homerus
1514 855 1585 919 in
1624 855 1949 921 infinitum
1998 857 2185 922 auxit
2237 856 2322 921 de
2366 880 2486 922 un·
2579 878 2585 887 ·

245 960 507 1039 guento
538 952 812 1016 Iunonis
843 950 1074 1016 dicens
1103 951 1235 1025 ΤοῨ
1268 953 1359 1016 καὶ
1401 952 1762 1026 κικγμὲκοιο
1794 952 1943 1017 Διὸς
1987 951 2140 1018 κατὰ
2186 968 2485 1041 χαλκοΒΛ-

243 1051 360 1116 rec
391 1048 493 1114 Δῶ
511 1050 773 1115 Ἔμπκε
805 1049 876 1115 ἐς
910 1049 1082 1124 raian
1107 1072 1179 1113 τε
1212 1052 1305 1114 «al
1338 1049 1611 1136 οῨρΛΝὸΝ
1641 1052 1786 1115 ἵκετ’
1824 1051 2031 1125 ‹ivi-mi
2053 1101 2066 1113 .
2095 1051 2336 1118 horum
2363 1055 2483 1140 igi-

240 1157 362 1215 tur
392 1149 723 1214 elementa
750 1147 1180 1213 subtilissima
1218 1169 1371 1213 esse
1403 1147 1704 1225 dicebat,
1750 1157 1820 1214 et
1846 1150 2115 1214 omnino
2146 1150 2220 1214 τὲ
2251 1151 2484 1216 εῗΔωλα

243 1249 379 1311 uic
422 1246 799 1311 λεπτότκακ
844 1245 1334 1332 ἃΝΥπεΡΒλι-ἰτὸιο
1382 1247 1742 1333 κεχρῆσθαι,
1788 1255 1866 1313 ut
1909 1256 2013 1314 est
2053 1248 2236 1335 apud
2278 1248 2482 1314 Laer-

242 1345 414 1410 tium
443 1345 601 1422 x‚47
616 1394 631 1409 .
652 1343 922 1409 videtur
949 1350 1174 1408 tamen
1200 1343 1307 1408 his
1337 1342 1666 1410 adiecisse
1692 1369 1817 1411 esse
1842 1349 1986 1411 item
2009 1348 2255 1412 maiora
2285 1349 2481 1413 simu-

238 1443 434 1508 lacra
460 1492 477 1519 ,
523 1428 778 1507 scilicet
819 1464 857 1506 e
896 1442 1122 1506 multis
1164 1449 1370 1527 atque
1407 1443 1771 1509 innumeris
1797 1445 1973 1510 inter
2003 1466 2078 1510 se
2108 1446 2482 1512 coniunctis

239 1543 490 1607 effecta
506 1591 523 1619 ‚
549 1548 629 1606 ut
647 1540 979 1627 fulgorem
1003 1540 1175 1626 ignis
1205 1541 1515 1618 aetherii,
1547 1561 1683 1626 quo
1712 1542 1888 1607 inter
1910 1542 2274 1609 tonitruum
2305 1546 2481 1610 soni-

234 1650 356 1706 tus
417 1641 639 1705 omnia
695 1647 1113 1726 occupentur
1171 1647 1239 1704 et
1296 1640 1794 1718 contineantur,
1852 1662 1991 1717 om
2047 1663 2087 1705 r
2115 1664 2159 1707 u
2183 1665 2222 1706 L
2247 1666 2343 1708 Μι
2370 1667 2414 1708 ιι
2440 1666 2479 1707 E

234 1760 511 1803 cnuto
568 1738 851 1803 Omma
902 1760 1045 1802 rna
1096 1758 1444 1803 sonu-us
1487 1760 1779 1825 ancum,
1830 1761 2186 1815 remum,
2237 1763 2481 1817 mann,

233 1861 336 1902 cA
353 1859 452 1901 EI.
468 1858 573 1901 um
590 1887 604 1901 .
649 1843 1064 1922 postremum
1095 1843 1242 1901 erat
1268 1834 1402 1900 hoc
1419 1884 1435 1912 ,
1466 1857 1617 1900 cum
1643 1844 1836 1901 tanta
1863 1839 1954 1903 sit
1980 1838 2481 1904 simulacrorum

231 1936 587 2002 subtilitas
616 1985 634 2012 ,
675 1935 821 2000 fieri
848 1957 985 2000 non
1023 1956 1228 2021 posse
1256 1942 1334 1999 ut
1361 1935 1623 2021 singula
1650 1936 1960 2000 sensibus
1987 1939 2238 2002 nostris
2265 1940 2481 2023 perci-

225 2037 550 2123 piantur,
582 2035 832 2122 quippe
862 2057 1037 2099 cassa
1062 2057 1275 2114 sen-m,
1321 2032 1508 2119 quod
1539 2034 1742 2098 estin
1769 2056 1971 2099 versu
2005 2035 2125 2100 128
2145 2083 2158 2097 .
2188 2035 2360 2100 haec
2386 2038 2482 2101 ita

223 2135 383 2199 fere
414 2154 460 2196 a
502 2138 708 2220 poeta
736 2133 1046 2220 exposita
1082 2132 1292 2197 fuisse
1332 2132 1535 2196 certis
1578 2129 1841 2196 indiciis
1879 2133 2021 2198 sine
2050 2133 2187 2197 ulla
2215 2132 2478 2199 dubita-

225 2234 427 2298 tione
459 2252 944 2317 cognoscamus
973 2230 1131 2295 licet
1147 2280 1161 2294 .
1206 2231 1421 2316 prima
1461 2230 1661 2295 huius
1695 2230 1847 2295 libri
1874 2232 2121 2317 pagina
2146 2232 2214 2295 in
2245 2231 2479 2297 codice

221 2353 313 2396 eo
350 2352 444 2394 ex
476 2351 612 2415 quo
640 2330 859 2394 nostri
889 2327 1213 2415 descripti
1240 2337 1400 2393 sunt
1436 2327 1721 2393 indicem
1752 2330 2194 2415 capitulorum
2232 2332 2478 2407 tenuit,

219 2451 441 2518 quem
492 2426 709 2492 codex
749 2427 1084 2513 oblongus
1125 2427 1196 2489 in
1234 2448 1473 2492 versus
1512 2450 1680 2492 xxvl
1729 2427 2127 2514 dispositum
2172 2429 2477 2495 exhibet:

213 2551 390 2594 nam
419 2527 595 2592 haec
623 2547 797 2611 quae
827 2526 1248 2591 subiecturus
1279 2548 1425 2590 sum
1455 2525 1717 2613 singula
1746 2527 1987 2613 singuli
2016 2549 2256 2593 versus
2287 2536 2447 2593 sunt
2462 2578 2477 2604 ,

614 2660 647 2712 7
682 2658 767 2711 De
792 2657 1064 2712 celeritate
1087 2665 1234 2712 tactu
1259 2659 1428 2713 videri

587 2741 645 2794 11
683 2741 766 2795 De
801 2742 973 2795 turbis
1009 2741 1080 2795 de
1112 2742 1299 2796 umbra
1332 2743 1561 2797 hominis

584 2825 647 2878 15
681 2826 768 2879 De
803 2825 997 2880 auditis
1033 2842 1345 2897 corpoream
1389 2842 1510 2880 esse
1546 2842 1733 2879 vocem

578 2907 646 2961 24
682 2909 768 2963 De
806 2908 1125 2962 ambulando
1266 2909 1350 2963 De
1387 2926 1607 2962 somno.

206 3031 282 3095 in
315 3047 579 3094 aversa
605 3026 852 3113 pagina
877 3025 1004 3090 fuit
1029 3027 1310 3112 primum
1339 3026 1573 3091 titulus
1593 3074 1607 3101 ‚
1633 3025 1767 3090 Sibi
1793 3025 2296 3090 iucundissimum
2318 3050 2473 3107 esse,

206 3136 465 3193 cetera
497 3173 514 3201 ‚
555 3146 728 3210 quae
777 3125 970 3210 quasi
1009 3125 1291 3211 primum
1330 3125 1530 3189 huius
1570 3123 1719 3187 libri
1748 3144 2019 3187 versum
2050 3123 2323 3188 exhibet
2352 3124 2474 3187 ob·

203 3228 484 3311 longus
502 3271 517 3297 ,
559 3223 931 3308 quadratus
974 3224 1176 3288 minio
1208 3224 1461 3310 scripta
1497 3221 1868 3286 uncialibus
1909 3221 2186 3298 litteris;
2227 3220 2473 3286 deinde

201 3344 480 3390 versus
509 3343 646 3385 xxv
675 3322 908 3409 primi.
937 3322 1006 3385 in
1037 3320 1293 3385 scheda
1321 3319 1623 3385 secunda
1646 3341 1890 3384 versus
1921 3341 2046 3394 Lu,
2078 3340 2118 3383 a
2146 3318 2228 3383 26
2256 3341 2474 3406 usque

199 3423 304 3489 ad
340 3421 390 3485 7
393 3420 472 3494 6,
506 3440 655 3483 cum
687 3420 881 3484 titulo
912 3427 1069 3483 ante
1098 3419 1180 3483 29
1200 3466 1214 3480 .
1260 3419 1330 3483 in
1367 3419 1593 3507 priore
1636 3417 1930 3483 schedae
1959 3418 2194 3483 tertiae
2230 3419 2476 3504 pagina

199 3539 480 3588 versus
518 3523 762 3603 poetae
791 3540 947 3594 xxv,
961 3518 1001 3581 7
1005 3518 1042 3581 7
1049 3556 1120 3565 —
1134 3517 1287 3594 101,
1333 3516 1569 3581 titulus
1599 3524 1756 3581 ante
1785 3517 1901 3594 983
1945 3517 2014 3579 in
2043 3537 2290 3581 aversa
2315 3518 2474 3582 item

196 3641 368 3687 xxv
403 3638 559 3681 cum
587 3616 817 3692 titulo,
867 3614 1218 3680 102—126.
1249 3616 1476 3702 potuit
1514 3616 1717 3701 igitur
1755 3615 1900 3692 hic,
1942 3615 2058 3679 ubi
2088 3637 2326 3680 sensus
2353 3616 2473 3679 im-

193 3716 581 3810 perfectus
613 3723 749 3791 est,
782 3713 1032 3800 aliquid
1060 3715 1373 3801 periisse3
1403 3735 1542 3777 non
1570 3714 1763 3778 nimis
1793 3713 2003 3778 multa
2029 3724 2285 3790 tamen,
2316 3715 2475 3799 quia

191 3822 440 3907 poeta
468 3834 544 3878 se
571 3834 709 3877 rem
728 3814 957 3900 paucis
980 3811 1228 3877 docere
1260 3811 1423 3877 dicit
1447 3811 1601 3889 1153
1626 3833 1787 3898 ergo
1816 3834 1957 3876 non
1984 3820 2125 3876 tres
2154 3813 2470 3924 paginae,

192 3914 348 3983 sed
397 3931 572 3975 una:
616 3933 772 3976 nam
814 3910 984 3975 duas
1015 3908 1252 3975 deesse
1292 3932 1429 3974 non
1457 3932 1665 3996 posse
1706 3910 2037 3976 concedet
2067 3910 2179 3995 qui
2210 3931 2289 3974 ea
2318 3932 2471 3995 per·

190 4011 496 4101 ceperit
534 4031 706 4095 quae
752 4008 970 4074 dicam
1010 4007 1101 4073 ad
1128 4030 1396 4073 versum
1443 4008 1561 4073 144
1595 4058 1608 4073 .
1650 4031 1871 4096 neque
1916 4031 1995 4074 ea
2032 4009 2280 4096 pagina
2306 4032 2473 4074 xxvi

188 4108 636 4181 carminibus
666 4108 1005 4184 constitit,
1056 4106 1181 4172 sed
1208 4106 1334 4172 fuit
1359 4107 1428 4170 in
1460 4128 1542 4172 ea
1579 4116 1853 4196 praeter
1882 4108 2175 4173 carmina
2202 4108 2435 4174 titulus
2454 4157 2470 4185 ,

188 4229 430 4300 quem
459 4205 719 4271 indices
748 4207 922 4272 libro
952 4205 1319 4293 praepositi
1349 4205 1671 4271 exhibent
1688 4255 1704 4283 ,
1732 4227 1881 4271 cum
1908 4206 2091 4271 intus
2117 4206 2291 4270 inter
2318 4227 2469 4270 ver-

185 4332 330 4379 sus
365 4327 520 4371 non
548 4313 966 4392 compareat,
999 4305 1151 4370 Esse
1177 4306 1319 4369 item
1343 4306 1587 4370 maiora
1603 4353 1617 4368 .
1644 4327 1765 4370 eos
1786 4312 2010 4369 autem
2031 4325 2268 4368 versus
2291 4325 2466 4390 quos

185 4409 380 4476 huic
410 4405 705 4493 paginae
735 4425 944 4492 supra
972 4403 1277 4479 attribui,
1321 4403 1589 4469 Probus
1622 4410 1689 4468 et
1719 4403 1995 4468 Servius
2024 4400 2431 4465 rettulerunt
2450 4451 2464 4464 .

185 4505 433 4575 Probi
475 4504 688 4570 verba
733 4512 893 4570 sunt
932 4504 1101 4569 haec
1141 4503 1211 4567 in
1242 4502 1715 4569 commentario
1746 4501 1836 4569 ad
1867 4501 2161 4587 eclogam
2192 4522 2260 4564 vl
2289 4498 2466 4564 Ver-
