3042 5192
1346 452 1408 523 II
2399 462 2486 530 53

257 629 471 695 dicere
503 628 681 693 enim
711 627 937 716 possis
965 626 1323 692 caelestem
1348 627 1640 694 fulminis
1669 630 1889 718 ignem

121 764 204 809 385
255 745 565 832 suptilem
590 745 808 830 magis
838 764 875 807 e
904 743 1132 831 parvis
1164 750 1474 808 constare
1500 743 1731 830 figuris
1750 796 1766 821 ‚

255 869 453 947 atque
480 858 643 924 ideo
672 859 964 924 transire
990 856 1317 922 foramina
1346 879 1519 944 quae
1546 860 1782 945 nequit
1809 862 1981 947 ignis

256 983 485 1041 noster
510 974 627 1039 hic
658 996 697 1039 e
722 974 919 1060 lignis
948 979 1105 1038 ortu
1131 971 1469 1059 taedaque
1500 981 1766 1039 creatus
1784 1024 1799 1037 .

258 1098 615 1180 praeterea
641 1088 864 1154 lumen
891 1109 1015 1176 per
1044 1108 1319 1152 cornum
1348 1089 1594 1153 transit
1609 1138 1626 1165 ‚
1649 1097 1721 1153 at
1746 1089 1957 1154 imber

254 1205 595 1294 respuitur
612 1253 627 1266 .
654 1223 863 1290 quare
880 1202 913 1266 Ρ
932 1203 1061 1267 nisi
1086 1200 1347 1266 luminis
1375 1201 1488 1266 illa
1513 1203 1772 1268 minora

118 1337 205 1384 390
254 1339 544 1408 corpora
573 1327 733 1383 sunt
762 1338 959 1403 quam
991 1315 1077 1380 de
1107 1316 1349 1402 quibus
1380 1325 1486 1381 est
1512 1317 1734 1403 liquor
1762 1319 1973 1385 almus
2002 1341 2322 1406 aquarum
2344 1374 2357 1386 .

256 1444 323 1499 et
349 1434 656 1521 quamvis
685 1433 907 1498 subito
937 1453 1061 1522 per
1090 1430 1308 1495 colum
1334 1431 1490 1495 vina
1514 1431 1820 1498 videmus

249 1548 616 1638 perfluere:
639 1557 712 1615 at
739 1556 979 1613 contra
1004 1544 1276 1611 tardum
1305 1554 1659 1612 cunctatur
1689 1549 1933 1614 olivom
1952 1599 1968 1625 ‚

257 1672 371 1728 aut
400 1664 560 1750 quia
577 1712 594 1740 ‚
613 1664 685 1727 ni
711 1663 945 1728 mirum
963 1710 979 1738 ‚
998 1661 1360 1726 maioribus
1392 1668 1497 1726 est
1527 1662 1868 1728 elementis

257 1785 369 1843 aut
393 1777 610 1864 magis
639 1776 875 1842 amatis
902 1776 1081 1840 inter
1108 1796 1183 1840 se
1209 1796 1470 1862 perque
1496 1776 1765 1864 plicatis
1783 1827 1800 1854 ‚

122 1910 208 1955 395
257 1902 454 1979 atque
482 1891 642 1956 ideo
671 1891 750 1957 fit
775 1892 874 1957 uti
897 1912 1037 1955 non
1065 1898 1205 1955 tam
1233 1888 1511 1955 diducta
1539 1900 1817 1979 repente

254 2010 420 2074 inter
449 2029 524 2073 se
552 2007 821 2096 possint
846 2004 1211 2096 primordia
1239 2004 1498 2092 singula
1529 2027 1833 2093 quaeque

256 2124 514 2211 singula
541 2143 665 2209 per
695 2121 1014 2207 cuiusque
1041 2119 1367 2186 foramina
1393 2141 1787 2207 permanare
1812 2172 1825 2185 .

334 2237 490 2303 Huc
519 2235 787 2302 accedit
812 2236 911 2300 uti
935 2235 1146 2300 mellis
1186 2235 1516 2322 lactisque
1546 2236 1839 2322 liquores

252 2352 544 2418 iucundo
576 2374 781 2418 sensu
807 2351 1070 2437 linguae
1098 2358 1473 2415 tractentur
1499 2352 1571 2416 in
1600 2374 1749 2416 ore:

122 2484 206 2531 400
254 2476 323 2532 at
350 2476 593 2533 contra
618 2474 838 2531 taetra
865 2465 1161 2531 absinthi
1186 2473 1428 2531 natura
1454 2464 1712 2552 ferique

255 2584 557 2648 centauri
584 2580 791 2646 foedo
818 2587 1264 2670 pertorquent
1293 2601 1416 2646 ora
1444 2602 1723 2670 sapore3

255 2706 330 2761 ut
351 2697 550 2763 facile
579 2716 909 2783 agnoscas
940 2717 977 2759 e
1005 2695 1263 2760 levibus
1292 2704 1495 2781 atque
1522 2695 1835 2761 rutundis

256 2833 401 2876 esse
431 2833 512 2877 ea
541 2832 715 2898 quae
745 2832 987 2875 sensus
1013 2808 1302 2874 iucunde
1332 2818 1610 2897 tangere
1639 2819 1960 2899 possunt,

255 2934 329 2990 at
356 2935 591 2991 contra
617 2946 790 3011 quae
821 2946 1046 2990 amara
1073 2934 1277 3010 atque
1307 2946 1550 3013 aspera
1578 2948 1859 3012 cumque
1889 2926 2202 2992 videntur
2220 2978 2235 3003 ‚

122 3058 204 3103 405
254 3040 439 3105 haec
454 3043 657 3127 magis
685 3040 920 3105 amatis
946 3040 1122 3105 inter
1150 3061 1225 3104 se
1253 3061 1427 3106 nexa
1453 3040 1699 3117 teneri,

256 3162 750 3243 proptereaque
779 3155 995 3220 solere
1022 3155 1166 3219 vias
1196 3154 1580 3220 rescindere
1607 3156 1858 3220 nostris

257 3271 559 3335 sensibus
586 3270 994 3355 introituque
1026 3291 1151 3334 suo
1179 3292 1613 3359 perrumpere
1645 3291 1890 3356 corpus
1909 3320 1923 3333 .

335 3384 579 3450 Omnia
602 3392 948 3473 postremo
975 3384 1157 3449 bona
1184 3385 1492 3450 sensibus
1522 3392 1592 3450 et
1618 3384 1789 3449 mala
1816 3392 2001 3450 tactu

259 3498 556 3564 dissimili
584 3498 756 3563 inter
786 3520 860 3563 se
887 3507 1193 3586 pugnant
1218 3498 1523 3587 perfecta
1547 3499 1794 3586 figura3

125 3629 206 3676 410
258 3636 340 3678 ne
368 3622 447 3678 tu
474 3612 654 3678 forte
682 3620 880 3701 putes
910 3634 1135 3677 serrae
1166 3613 1511 3679 stridentis
1542 3614 1852 3678 acerbum

258 3727 613 3794 horrorem
640 3735 951 3793 constare
981 3728 1325 3794 elementis
1352 3730 1610 3793 levibus
1639 3750 1851 3814 aeque

264 3863 339 3906 ac
365 3863 641 3908 musaea
665 3842 836 3907 mele
854 3890 870 3917 ‚
891 3864 1015 3929 per
1045 3841 1339 3908 chordas
1369 3844 1663 3930 organici
1695 3865 1865 3929 quae

256 3958 609 4023 mobilibus
639 3956 862 4044 digitis
893 3957 1365 4046 expergefacta
1392 3958 1716 4045 figurant3

258 4094 383 4137 neu
414 4072 609 4138 simili
636 4080 993 4158 penetrare
1021 4079 1222 4159 putes
1249 4071 1615 4160 primordia
1641 4071 1855 4137 forma

267 4352 361 4401 384
397 4346 647 4401 fulmines
684 4348 706 4416 ΙΙ
746 4353 843 4400 387
882 4356 1033 4403 ortus
1070 4349 1092 4418 ΙΙ
1128 4354 1227 4403 390
1262 4349 1449 4404 alimus
1485 4352 1506 4421 ΙΙ
1547 4356 1643 4403 396
1681 4349 1912 4421 sing-ulta
1950 4348 1971 4415 ΙΙ
2008 4352 2105 4401 403
2136 4347 2384 4402 iucundet
2410 4355 2489 4400 ta·

268 4445 385 4483 cere
418 4430 441 4497 ΙΙ
481 4434 582 4482 403
619 4429 908 4485 Nobilibus
947 4431 969 4499 ΙΙ
1004 4438 1102 4486 414
1139 4432 1411 4503 penetrale
