3042 5192
614 465 707 533 78
1691 461 1753 531 II

611 638 817 705 editio
855 638 1120 703 Ornatas
1162 637 1355 700 amnis
1395 637 1483 700 ita
1533 646 1764 700 statuas
1804 647 2140 724 &tardosque
2187 629 2491 703 mimatae
2517 664 2541 702 .·
2573 638 2662 703 de
2707 640 2841 704 Bri-

612 739 828 802 xiensi
859 745 928 801 et
956 734 1341 799 Veronensi
1367 734 1534 797 nihil
1572 734 1738 799 certi
1772 734 1995 799 dicere
2025 756 2303 822 possum
2348 745 2635 823 propter
2666 739 2844 803 stoli·

572 863 581 872 ·
614 836 770 901 dam
795 834 1304 921 Glasguensium
1335 845 1405 896 et
1425 832 1773 919 Forbigeri
1801 833 2290 918 neglegentiam
2308 885 2324 899 .
2356 834 2481 900 sed
2505 835 2582 899 hi
2609 857 2846 901 versus

611 945 747 1001 tam
776 936 844 998 in
876 933 1170 1019 oblongo
1215 953 1414 1018 quam
1440 932 1510 995 in
1552 931 1824 996 schedis
1863 932 2132 995 rubrica
2161 933 2397 1019 scripti
2423 941 2586 998 sunt
2612 934 2847 999 litteris

612 1033 983 1098 uncialibus
1019 1080 1035 1107 ,
1091 1051 1132 1094 a
1162 1029 1474 1116 quadrati
1501 1029 1772 1094 librario
1803 1030 2033 1094 omissi
2060 1030 2502 1118 complurium
2529 1053 2846 1096 versuum

614 1133 835 1220 spatio
865 1152 1080 1195 vacuo
1111 1129 1393 1206 relicto,
1376 1152 1391 1168 ·
1438 1127 1627 1214 quod
1667 1128 1886 1214 ipsum
1915 1127 2213 1193 similiter
2248 1129 2317 1193 in
2348 1137 2677 1214 quattuor
2705 1151 2848 1194 ver-

612 1232 798 1297 sibus
837 1229 987 1294 libri
1030 1228 1207 1293 tertii
1246 1227 1497 1292 factum
1541 1246 1690 1291 esse
1719 1224 2202 1293 demonstrabo
2231 1226 2323 1290 ad
2351 1228 2491 1291 31113
2519 1227 2677 1293 libri
2707 1249 2849 1292 ver-

614 1353 761 1395 sum
805 1328 971 1392 759.
1015 1328 1081 1390 in
1121 1327 1259 1391 1103
1300 1333 1520 1389 autem
1563 1325 1737 1390 libro
1779 1323 2080 1389 secundo
2120 1346 2358 1390 versus
2403 1326 2573 1402 508,
2629 1328 2850 1393 Cedere

610 1431 788 1508 item,
827 1428 897 1490 in
936 1425 1231 1511 oblongo
1274 1424 1497 1488 rubris
1551 1431 1622 1487 et
1661 1422 2035 1488 uncialibus
2084 1424 2328 1489 litteris
2371 1424 2674 1509 scriptus
2716 1435 2847 1502 est,

614 1548 897 1612 eumque
920 1523 1291 1611 quadratus
1313 1523 1818 1609 praetermittit,
1840 1520 1962 1585 sed
1986 1543 2135 1586 cum
2158 1520 2426 1587 duobus
2447 1521 2595 1587 aliis
2617 1524 2847 1609 (Nam-

613 1647 729 1711 que
758 1625 899 1688 aliis
930 1660 1001 1669 —
1038 1632 1393 1687 emoreretur
1418 1669 1437 1700 ,
1477 1620 1704 1685 Omnia
1730 1618 1845 1705 sic)
1876 1626 1945 1683 et
1975 1620 2119 1684 sine
2147 1620 2283 1685 ullo
2313 1622 2717 1687 interstitio:
2747 1643 2846 1686 ce-

615 1733 800 1786 teros
852 1721 921 1784 in
971 1720 1265 1804 oblongo
1325 1717 1563 1783 eodem
1620 1716 1824 1782 modo
1875 1718 2170 1803 scriptos
2223 1718 2599 1804 quadratus
2644 1720 2846 1786 babet

614 1821 948 1906 scriptura
986 1840 1123 1882 non
1167 1817 1409 1902 insigni
1439 1866 1453 1880 .
1503 1818 1548 1880 ii
1579 1823 1738 1880 sunt
1775 1816 1847 1879 hi
1879 1865 1896 1892 ,
1941 1816 2020 1880 94
2051 1817 2346 1882 Pluribus
2370 1820 2626 1884 ostendis
2655 1869 2675 1900 ,
2730 1820 2845 1885 502

614 1921 829 1983 Aurea
845 1939 1194 2001 pavonum,
1224 1916 1347 1979 710
1379 1915 1631 1980 Scilicet
1655 1916 1764 1995 id,
1793 1914 1919 1978 809
1950 1915 2127 1980 ›Sc-ire
2154 1916 2322 1995 licet,
2350 1916 2475 1981 887
2513 1918 2703 1998 Quod
2722 1943 2846 1982 mo·

610 2027 738 2095 vet,
782 2014 906 2079 909
945 2016 1073 2078 Aut
1107 2025 1455 2100 nequeant,
1499 2013 1623 2077 962
1661 2013 1864 2093 Quam
1903 2036 2066 2100 quo,
2115 2012 2275 2077 1012
2306 2015 2513 2079 Rebus
2549 2017 2846 2094 et,1023

614 2116 806 2179 Nunc
833 2114 1149 2191 animum,
1186 2112 1345 2177 1112
1374 2113 1456 2177 Ν
1446 2135 1552 2177 am
1576 2135 1692 2176 sua
1720 2114 1985 2198 cuique:
2023 2110 2293 2177 rubrica
2321 2113 2467 2177 est
2447 2135 2518 2176 111
2550 2114 2843 2200 oblongo

612 2214 680 2277 in
708 2233 909 2277 versu
939 2210 1096 2285 608,
1127 2211 1262 2290 Quo
1286 2234 1481 2291 nunc,
1513 2209 1640 2275 sed
1666 2210 1931 2276 litterae
1961 2217 2347 2275 currentes.
2375 2213 2567 2297 paria
2591 2212 2704 2276 his
2732 2215 2844 2277 ob-

614 2310 884 2375 servavi
910 2309 978 2372 in
1011 2309 1489 2374 commentario
1518 2308 1671 2372 libri
1699 2308 1893 2395 primi
1911 2357 1927 2384 ‚
1958 2307 2045 2372 de
2073 2329 2277 2374 versu
2312 2309 2381 2372 11
2410 2317 2479 2374 et
2497 2310 2659 2375 411.
2691 2333 2842 2376 enu-

612 2407 861 2472 meravi
892 2415 1114 2470 autem
1144 2406 1406 2492 singula
1424 2455 1438 2482 ,
1464 2406 1622 2492 quia
1650 2428 1918 2471 causam
1946 2407 2046 2471 rei
2071 2406 2459 2493 intellegere
2485 2430 2633 2473 non
2660 2410 2842 2496 potui

614 2505 791 2589 (nam
836 2504 1044 2589 siquis
1090 2525 1208 2567 eos
1252 2525 1488 2568 versus
1527 2505 1595 2568 in
1637 2505 2032 2592 exemplaris
2061 2505 2414 2593 archetypi
2439 2508 2846 2594 marginibus

613 2603 907 2688 scriptos
934 2602 1141 2665 fuisse
1173 2602 1459 2667 coniciet
1476 2651 1491 2678 ,
1522 2603 1840 2688 errabit),
1872 2611 1941 2666 et
1966 2610 2045 2667 ut
2071 2611 2379 2690 apertum
2403 2602 2702 2670 facerem
2732 2628 2844 2670 303

613 2699 908 2765 absurde
949 2700 1167 2785 egisse
1198 2749 1215 2774 ,
1268 2701 1382 2785 qui
1420 2721 1661 2766 versus
1703 2701 1903 2766 minio
1959 2701 2252 2788 scriptos
2303 2709 2588 2788 propter
2631 2705 2844 2789 ipsum

615 2800 887 2864 minium
946 2799 1348 2863 auctoritate
1401 2820 1631 2863 carere
1683 2807 1754 2864 et
1805 2799 2408 2887 interpolatoribus
2459 2798 2844 2866 adscriben-

617 2898 743 2962 dos
774 2918 925 2960 esse
955 2895 1250 2961 dixerint
1278 2947 1292 2960 .
1338 2898 1568 2983 itaque
1596 2896 1727 2961 hos
1759 2896 1845 2961 de
1874 2898 2118 2982 quibus
2146 2899 2401 2984 agimus
2428 2919 2674 2964 versus
2700 2900 2846 2965 libri

614 2994 893 3062 secundi
923 2993 1058 3059 duo
1089 2994 1417 3060 Marullus
1446 2995 1738 3081 pessimo
1781 2996 2058 3060 consilio
2104 2996 2298 3060 eiecit
2322 3045 2338 3071 ,
2380 3017 2670 3084 eumque
2712 3008 2845 3065 tur-

614 3097 882 3183 pissime
904 3103 1174 3182 praeter
1190 3097 1551 3160 Avantium
1574 3093 1900 3180 Piumque
1923 3115 2154 3159 omnes
2178 3095 2390 3160 secuti
2412 3104 2606 3161 sunt.
2631 3119 2843 3163 emen·

615 3193 820 3260 dandi
849 3214 1007 3257 vero
1039 3195 1367 3258 rationem
1395 3199 1603 3282 poeta
1628 3193 1776 3279 ipse
1805 3191 2141 3270 ostendit,
2172 3215 2321 3257 cum
2348 3216 2568 3281 prope
2599 3197 2846 3266 eadem,

613 3299 690 3356 ut
717 3291 937 3366 solet,
976 3292 1216 3355 iterum
1247 3290 1474 3356 dixit
1457 3314 1527 3355 111
1567 3291 1740 3356 libro
1770 3313 1834 3367 v,
1852 3289 2055 3366 1228,
2095 3291 2604 3378 Indwperatorem
2649 3296 2849 3360 clam

612 3412 797 3474 super
840 3411 1113 3475 aequora
1150 3392 1342 3455 verrit
1373 3392 1522 3455 Cum
1561 3391 1787 3454 validis
1826 3391 2073 3475 pariter
2126 3390 2459 3476 leyiom‘bus
2511 3402 2700 3478 atque
2736 3393 2846 3456 ele·

602 3488 892 3573 phontis.
937 3508 1020 3551 ex
1065 3488 1305 3573 quibus
1346 3495 1630 3574 apparet
1673 3487 1844 3551 baec
1873 3487 1968 3550 ita
1994 3485 2282 3573 legenda
2310 3509 2506 3566 esse,
2553 3489 2850 3554 Subsedit}

612 3587 985 3671 maymlmun
1016 3607 1543 3650 ELx-:PnAnns
1585 3586 2026 3662 constabilita-3,
2064 3584 2331 3650 Omatoe
2367 3588 2593 3667 amis,
2625 3609 2847 3652 vam·

614 3705 803 3758 nas,
833 3706 1348 3760 Pam-rnaoun
1381 3686 1717 3748 animatas.
1746 3684 1818 3747 in
1843 3704 2049 3746 versu
2077 3683 2304 3771 priore
2331 3704 2555 3769 neque
2587 3685 2850 3771 Ἐφέσια-ἰ

612 3803 834 3867 neque
864 3784 1155 3868 epicuron
1181 3783 1464 3847 maheidiis
1493 3783 1688 3846 locus
1717 3803 1867 3846 esse
1896 3790 2128 3869 potest
2157 3806 2172 3846 :
2219 3782 2433 3846 altera
2471 3785 2650 3846 enim
2681 3781 2850 3847 nulla

615 3888 775 3945 sunt
793 3929 808 3956 ‚
837 3880 1049 3945 altera
1077 3887 1281 3968 poeta
1310 3901 1515 3945 sanus
1543 3882 1850 3946 sociorum
1880 3878 2195 3956 dixisset,
2236 3901 2462 3966 neque
2487 3882 2563 3945 in
2592 3880 2850 3946 Tuscu-

614 3978 783 4042 lanis
804 3978 1000 4054 v,116
1025 3977 1259 4043 Cicero
1283 3979 1376 4042 ita
1399 3976 1626 4041 dicere
1648 3977 1872 4063 potuit
1899 3979 2168 4063 epicurei
2192 3981 2415 4058 nostri,
2447 4000 2852 4066 quamquam

614 4075 755 4139 scio
787 4077 1169 4162 epibatarum
1196 4076 1598 4140 vocabulum
1627 4076 1697 4139 in
1735 4098 1861 4140 11311
1891 4075 2286 4140 Latinorum
2323 4075 2534 4142 fuisse
2565 4128 2580 4141 .
2627 4076 2750 4143 sed
2785 4085 2854 4139 et

613 4173 958 4259 elephantos
1000 4181 1070 4237 et
1110 4175 1179 4237 in
1231 4173 1444 4238 altero
1486 4195 1690 4238 versu
1743 4175 1981 4239 validas
2019 4173 2318 4260 legiones
2372 4175 2542 4240 liber
2581 4177 2854 4261 quintus

613 4280 749 4335 tam
779 4279 1013 4357 aperte
1044 4271 1472 4337 commendat
1496 4280 1576 4336 ut
1603 4270 1898 4337 dubitari
1924 4274 2041 4336 vix
2070 4274 2324 4360 possit.
2358 4294 2476 4337 eae
2505 4282 2730 4338 autem
2761 4274 2853 4337 le-

613 4370 848 4455 giones
894 4370 1095 4434 armis
1137 4378 1414 4435 ornatae
1455 4392 1690 4435 omnes
1730 4372 1905 4436 inter
1948 4392 2024 4435 se
2066 4375 2314 4456 pariter
2353 4374 2666 4437 animalem
2701 4392 2856 4435 3333

615 4466 865 4532 debent
883 4516 898 4544 ,
921 4475 998 4532 ut
1020 4467 1184 4545 sint,
1209 4490 1407 4554 quem
1430 4467 1792 4534 admodum
1811 4470 2095 4535 Plautus
2120 4468 2284 4535 dicit
2307 4470 2376 4533 in
2395 4468 2857 4538 Bacchidibus
