3042 5192
1276 462 1346 528 V

221 639 393 703 allata
418 645 618 723 atque
648 636 828 700 auris
855 632 1123 700 aliunde
1153 636 1418 702 obiecta
1447 638 1679 704 alienis
1697 689 1712 716 ‚

221 751 324 817 sed
347 753 589 839 pariter
617 751 831 836 prima
858 758 1191 836 concepta
1218 751 1304 816 ab
1336 753 1593 839 origine
1619 755 1850 820 mundi

219 875 501 953 certaque
529 888 692 952 pars
721 866 859 930 eius
877 914 894 942 ‚
918 865 1111 951 quasi
1140 867 1337 932 nobis
1363 869 1663 934 membra
1679 919 1695 942 ,
1716 870 2036 938 videntur
2053 924 2067 937 .

109 1001 176 1046 550
213 991 525 1070 praeterea
552 979 795 1068 grandi
824 980 1078 1046 tonitru
1107 1001 1440 1047 concussa
1465 993 1744 1069 repente

216 1105 369 1162 terra
394 1117 594 1183 supra
624 1116 797 1182 quae
827 1117 901 1159 se
931 1102 1092 1160 sunt
1118 1097 1418 1162 concutit
1450 1099 1673 1164 omnia
1698 1109 1920 1178 motu3

218 1211 375 1297 quod
398 1211 615 1276 facere
643 1209 814 1274 haut
840 1210 977 1274 ulla
1004 1219 1242 1296 posset
1268 1212 1530 1276 ratione
1548 1261 1563 1289 ‚
1585 1214 1714 1278 nisi
1744 1223 1925 1280 esset

212 1327 479 1412 partibus
507 1326 704 1391 aeriis
732 1324 962 1389 mundi
991 1325 1315 1412 caeloque
1343 1329 1679 1393 revincta:

212 1462 339 1504 nam
365 1440 811 1506 communibus
838 1441 1015 1506 inter
1046 1462 1121 1506 se
1149 1440 1491 1508 radicibus
1518 1442 1804 1508 haerent

101 1572 170 1615 555
214 1577 283 1618 ex
304 1557 555 1621 ineunte
582 1576 755 1621 aevo
785 1556 1144 1621 coniuncta
1172 1564 1378 1642 atque
1405 1557 1627 1623 uniter
1655 1566 1818 1645 apta
1834 1608 1848 1622 .

211 1691 403 1734 noune
428 1670 614 1736 vides
644 1671 846 1735 efiam
874 1692 1074 1756 quam
1100 1692 1341 1757 magno
1370 1670 1676 1757 pondere
1707 1674 1901 1752 nobis

211 1785 499 1850 sustineat
525 1807 775 1872 corpus
801 1785 1191 1850 tenuissima
1216 1787 1321 1850 vis
1350 1787 1592 1851 animai

207 1906 529 1986 propterea
557 1900 718 1986 quia
744 1907 881 1964 tam
911 1900 1270 1965 coniuncta
1298 1908 1503 1987 atque
1531 1901 1752 1968 uniter
1781 1911 1943 1990 apta
1973 1914 2077 1971 est
2093 1907 2126 1969 P

211 2011 461 2099 denique
485 2017 610 2079 iam
642 2016 823 2080 saltu
848 2014 1105 2101 pernici
1132 2015 1370 2079 tollere
1407 2036 1660 2103 corpus

96 2141 168 2187 550
213 2126 350 2212 quid
372 2129 541 2214 potis
571 2138 679 2195 est
706 2130 834 2194 nisi
860 2132 965 2195 vis
992 2129 1191 2194 animi
1207 2179 1222 2206 ‚
1247 2151 1418 2215 quae
1446 2131 1744 2196 membra
1770 2134 2102 2219 gubernat
2118 2136 2151 2199 Ρ

208 2241 391 2306 iamne
416 2243 597 2309 vides
629 2251 957 2332 quantum
986 2247 1205 2310 tenuis
1233 2252 1477 2310 natura
1503 2245 1729 2311 valere

203 2359 418 2440 possit,
437 2360 547 2424 ubi
577 2367 685 2425 est
715 2360 1072 2425 coniuncta
1098 2361 1286 2447 gravi
1317 2381 1466 2424 cum
1495 2382 1785 2447 corpore
1804 2411 1819 2438 ,
1843 2371 1921 2428 ut
1948 2369 2065 2428 aer

207 2472 557 2538 coniunctus
584 2475 787 2539 terris
817 2483 887 2540 et
913 2476 1112 2540 nobis
1143 2482 1249 2539 est
1278 2476 1475 2538 animi
1504 2477 1606 2539 vis
1625 2476 1657 2538 P

266 2585 391 2650 Nec
416 2589 606 2653 nimio
638 2590 805 2654 solis
830 2591 1042 2655 maior
1067 2598 1222 2655 rota
1246 2611 1372 2654 nec
1399 2591 1618 2655 minor
1647 2591 1853 2657 ardor

92 2711 160 2756 5⁶5
202 2720 323 2765 esse
348 2712 596 2788 potest,
618 2705 875 2770 nostris
907 2727 1105 2791 quam
1134 2705 1443 2770 sensibus
1473 2726 1626 2770 esse
1653 2706 1921 2773 videtur
1940 2760 1954 2773 .

200 2835 327 2879 nam
353 2819 579 2902 quibus
610 2842 648 2884 e
681 2821 917 2906 spatiis
945 2842 1229 2907 cumque
1257 2821 1447 2907 ignes
1474 2820 1723 2886 lumina
1749 2834 2041 2909 possunt

198 2929 421 2997 adicere
452 2943 517 2998 et
545 2934 838 3000 calidum
863 2936 1175 3001 membris
1203 2935 1453 3001 adflare
1483 2959 1803 3023 vaporem
1821 2986 1837 3014 ,

194 3045 269 3108 nil
294 3067 362 3110 ea
384 3049 449 3112 in
473 3049 577 3114 his
604 3050 975 3117 intervallis
1005 3049 1092 3114 de
1122 3072 1405 3138 corpore
1433 3052 1650 3116 libant

196 3156 556 3229 flammarum
575 3216 591 3242 ,
612 3167 711 3231 nil
738 3165 829 3230 ad
856 3165 1147 3252 speciem
1177 3175 1283 3232 est
1311 3168 1729 3232 contractior
1756 3168 1925 3254 ignis
1947 3217 1960 3231 .

92 3283 158 3330 ⁵73
196 3276 439 3358 proinde
456 3329 472 3356 ‚
493 3280 682 3346 calor
714 3281 1027 3367 quoniam
1055 3281 1217 3347 solis
1244 3282 1603 3368 lumenque
1632 3282 1981 3368 profusum

88 3395 154 3442 ⁵50
192 3395 541 3470 perveniunt
566 3397 971 3480 nostrosrad
999 3419 1239 3463 sensus
1269 3407 1337 3462 et
1365 3398 1515 3463 loca
1541 3398 1835 3464 mulcent
1854 3448 1869 3475 ,

189 3500 367 3570 forma
392 3532 660 3599 quoque
687 3513 846 3577 hinc
875 3513 1038 3578 solis
1068 3511 1274 3578 debet
1298 3513 1616 3599 filumque
1642 3512 1860 3580 videri
1879 3564 1894 3588 ‚

186 3617 261 3681 nil
283 3620 437 3688 adeo
464 3634 541 3690 ut
568 3629 796 3713 possis
824 3628 978 3714 plus
1008 3636 1126 3692 aut
1150 3629 1367 3693 minus
1398 3627 1653 3692 addere
1672 3678 1688 3706 ‚
1709 3651 1870 3693 vere
1889 3679 1902 3693 .

82 3738 147 3785 5ῖ5
186 3730 437 3822 lunaque
464 3741 605 3806 sive
634 3742 850 3807 notho
879 3744 1096 3808 fertur
1122 3744 1275 3808 loca
1298 3744 1542 3808 lumine
1571 3744 1867 3809 lustrans
1886 3794 1902 3820 ‚

183 3845 297 3912 sive
322 3874 497 3920 suam
523 3858 806 3944 proprio
834 3859 1044 3923 iactat
1074 3856 1161 3923 de
1191 3879 1477 3943 corpore
1504 3858 1719 3923 lucem
1738 3908 1753 3935 ‚

182 3962 467 4053 quidquid
495 3970 570 4035 id
600 3979 709 4036 est
725 4022 741 4049 ‚
760 3972 896 4037 nilo
925 3972 1140 4038 fertur
1168 3972 1419 4036 maiore
1446 3971 1662 4057 figura

2289 475 2423 550 17„5

184 4271 434 4344 ⁵51supru
472 4276 493 4347 ΙΙ
529 4283 631 4330 553
658 4278 768 4331 aeri
805 4278 827 4351 [Ι
865 4287 962 4334 555
989 4288 1162 4335 aucta.
1210 4281 1230 4351 ΙΙ
1269 4287 1368 4335 558
1392 4290 1549 4354 rapta
1584 4281 1603 4352 Η
1644 4287 1741 4335 559
1766 4282 1982 4353 pernice
2008 4284 2028 4354 ΙΙ
2055 4287 2153 4333 560
2181 4280 2317 4345 Quis
2355 4280 2375 4350 ΙΙ

184 4350 353 4407 mimae
386 4356 405 4428 u
441 4364 538 4412 563
579 4360 879 4417 Coniuncta
914 4362 936 4436 Η
975 4369 1073 4416 567
1110 4363 1362 4419 Adlieere
1401 4366 1420 4436 ΙΙ
1458 4371 1558 4419 568
1602 4364 1749 4419 Nihil
1784 4365 1886 4420 nisi
1923 4364 2214 4418 intervallis
2251 4365 2272 4434 ΙΙ
2309 4363 2374 4416 Ιί-

180 4429 330 4489 brant.
364 4436 384 4509 ΙΙ
419 4448 518 4496 570
554 4443 790 4516 fulgent.
828 4445 848 4516 ΙΙ
888 4454 981 4500 571
1024 4447 1252 4520 ilumque
1289 4449 1309 4518 ΙΙ
1346 4457 1678 4504 5743570.
1715 4448 1736 4522 n
1775 4455 1874 4502 576
1910 4466 2007 4501 sua

1097 4571 1197 4614 Ὀ
