3042 5192
571 471 711 538 280
1652 465 1719 530 V

573 666 734 708 casu
762 644 859 706 uti
891 642 1140 714 noluit,
1174 661 1309 724 quo
1343 640 1557 703 con-ubi
1587 638 1941 702 dicendum
1976 646 2153 712 erat,
2184 637 2371 722 quod
2403 638 2653 701 habeut
2688 661 2793 724 per

571 744 594 804 i
635 740 769 804 duo
815 739 1140 823 scriptum
1170 739 1483 800 Lucanus
1515 738 1725 811 11‚330
1755 738 1877 800 343
1918 744 1987 799 et
2029 737 2286 800 Statius
2316 736 2795 802 'l'heb.vn.300

570 862 634 914 x,
653 839 733 902 62
753 886 768 912 ,
805 836 927 900 sed
958 836 1187 899 maluit
1216 834 1437 898 dicere
1466 835 1632 898 Aen.
1653 835 1881 910 1v‚168
1911 846 1967 898 et
1992 837 2267 898 con-scius
2294 836 2501 898 aether
2531 835 2796 898 conubiis

575 938 714 1000 sive
735 984 750 1010 ,
781 943 856 999 ut
883 934 1041 998 mihi
1073 932 1374 1008 videtur,
1415 935 1673 998 Con-ubis
1702 984 1716 997 .
1758 934 1890 996 hoc
1921 943 2175 997 certum
2208 942 2314 998 est
2342 982 2357 1004 ,
2401 936 2427 996 i
2464 934 2709 1018 pingue
2738 939 2797 994 et

575 1036 638 1097 in
686 1041 1168 1097 consonantem
1211 1030 1520 1095 duratum
1565 1054 1700 1095 non
1746 1032 1995 1096 habere
2024 1032 2244 1112 locum
2274 1032 2341 1094 in
2362 1031 2612 1119 flaqt'u‘s
2639 1031 2800 1093 exilis

571 1132 861 1217 supplicis
903 1130 1120 1193 media
1166 1137 1478 1214 correpta
1510 1178 1523 1191 .
1570 1130 1637 1193 in
1671 1129 1945 1193 Graecis
1990 1141 2211 1192 autem
2254 1128 2419 1191 nihil
2458 1128 2605 1190 eius
2636 1124 2799 1190 modi

575 1228 993 1293 admiserunt
1026 1252 1040 1291 ε
1084 1249 1304 1312 neque
1337 1229 1508 1291 enim
1541 1276 1556 1300 ‚
1603 1226 1789 1311 quod
1822 1228 2061 1291 Graeci
2090 1228 2158 1290 in
2189 1248 2312 1291 suo
2344 1248 2659 1289 sermone
2690 1225 2797 1287 sibi

575 1326 936 1411 aliquando
959 1326 1156 1390 licere
1176 1327 1561 1401 voluerunt,
1586 1326 1742 1388 item
1761 1325 2131 1410 peregrinis
2149 1325 2333 1398 licet,
2357 1346 2509 1386 cum
2534 1333 2801 1386 utuntur

575 1426 949 1488 nominibus
971 1424 1245 1487 Graecis
1263 1474 1275 1486 .
1295 1424 1522 1507 itaque
1542 1423 1755 1486 tribus
1775 1424 2052 1509 syllabis
2071 1425 2356 1487 Paeonias
2375 1422 2634 1486 dixisse
2652 1422 2801 1484 Ver·

576 1524 798 1608 gilium
816 1524 882 1586 in
901 1522 1143 1597 v11‚769
1164 1529 1232 1585 et
1251 1522 1753 1605 epitomatorem
1773 1519 2022 1584 Iliados
2042 1521 2182 1595 351,
2208 1522 2479 1584 Paeonia
2499 1519 2801 1584 Ovidium

576 1621 645 1683 in
677 1628 936 1684 metam.
963 1644 1069 1692 xv,
1089 1619 1209 1682 535
1241 1668 1256 1690 ,
1302 1619 1530 1682 Silium
1561 1619 1627 1680 in
1660 1641 1795 1694 κεν,
1814 1619 1893 1682 27
1926 1620 2225 1683 Paeonios
2250 1668 2269 1698 ‚
2312 1618 2628 1682 homines
2658 1618 2803 1680 ‹loc-

581 1718 815 1781 tissimi
845 1739 978 1780 non
1011 1715 1454 1803 persuadent,
1484 1714 1608 1778 sed
1632 1717 1857 1801 potius
1890 1739 2157 1781 eausam
2187 1717 2475 1801 aliquam
2508 1717 2804 1779 omnibus

582 1836 991 1878 communem
1023 1825 1156 1878 tam
1189 1821 1611 1878 constantem
1642 1836 1936 1879 errorem
1968 1815 2265 1879 effecisse
2295 1815 2645 1899 suspicor:
2676 1815 2805 1878 nul·

583 1914 684 1976 lus
717 1913 888 1976 enim
919 1919 1267 1997 poetarum
1304 1913 1371 1975 in
1399 1911 1531 1976 hac
1560 1935 1730 1976 voce
1756 1935 1985 1976 veram
2014 1914 2336 1977 rationem
2367 1905 2653 1977 secutus
2682 1923 2803 1976 est.

583 2031 781 2095 quam
825 2011 912 2074 ob
956 2033 1093 2074 rem
1123 2011 1482 2074 Mauricius
1514 2011 1852 2096 IIauptius
1887 2010 2045 2073 mihi
2085 2019 2265 2074 recte
2302 2010 2608 2074 iudicare
2638 2010 2805 2073 vide·

583 2117 691 2171 tur
724 2107 1050 2172 Catullum
1095 2131 1233 2172 non
1265 2110 1619 2195 scripsisse
1649 2111 1844 2175 Doris
1873 2110 2233 2173 celebranda
2263 2110 2499 2172 chor-elle
2530 2133 2659 2195 pro
2692 2111 2805 2173 Do-

581 2209 692 2270 νὶἰε
732 2216 850 2271 aut
879 2208 1136 2272 Dor-isin
1169 2258 1182 2271 .
1233 2209 1345 2293 qui
1389 2231 1539 2272 cum
1570 2209 1912 2272 verissime
1942 2207 2105 2271 dicit
2131 2208 2198 2270 in
2228 2208 2807 2271 observationibus

583 2330 645 2391 p.
664 2305 745 2369 69
778 2355 792 2381 ‚
833 2305 889 2369 si
931 2307 1042 2390 qui
1073 2308 1236 2371 Dori
1276 2306 1566 2370 fuissent
1594 2355 1609 2380 ‚
1649 2306 1952 2392 potuisse
1995 2305 2191 2368 etiam
2222 2306 2419 2369 ,Doris
2448 2305 2687 2368 chor-eale
2720 2306 2804 2368 lo-

585 2426 730 2466 cum
776 2425 923 2467 esse
953 2453 968 2478 ‚
1013 2411 1237 2467 tamen
1277 2404 1453 2469 idem
1496 2427 1645 2468 cum
1689 2403 1890 2488 vulgo
1936 2411 2161 2475 errat,
2210 2402 2397 2487 quod
2447 2404 2577 2465 sibi
2622 2413 2808 2466 notos

587 2522 734 2562 esse
782 2502 1012 2564 scribit
1044 2502 1157 2585 qui
1199 2502 1620 2588 appellentur
1650 2502 1854 2566 Dores
1881 2549 1894 2562 .
1940 2502 2140 2565 Dores
2170 2502 2338 2563 enim
2371 2509 2442 2565 et
2470 2504 2696 2566 Aeoles
2722 2500 2807 2565 di-

584 2606 827 2661 cuntur
869 2619 1029 2661 sane
1073 2619 1112 2660 a
1141 2598 1485 2664 Prisciano
1513 2648 1529 2672 ,
1573 2601 1775 2664 Dores
1803 2599 1870 2661 in
1898 2598 2179 2683 Aquilae
2210 2598 2491 2662 Romani
2526 2600 2807 2685 capitulo

583 2696 663 2758 47
684 2744 699 2770 ,
743 2694 865 2758 scd
895 2698 1102 2759 Aeolis
1146 2697 1287 2760 sive
1317 2699 1560 2762 Aeoleis
1582 2696 1874 2760 Varroni
1915 2697 1981 2759 in
2025 2718 2245 2759 rerum
2288 2697 2693 2761 rusticarum
2724 2720 2808 2760 m.

589 2793 699 2868 1,6
731 2802 800 2856 et
837 2793 984 2867 12,ss
1016 2842 1031 2867 ‚
1078 2794 1255 2858 Eolis
1285 2794 1370 2858 de
1400 2796 1625 2880 lingua
1653 2796 1895 2859 Latina
1922 2795 1991 2857 in
2019 2817 2063 2857 v
2093 2817 2156 2878 p.
2177 2795 2251 2857 41
2293 2795 2407 2858 104
2450 2795 2808 2859 secundum

587 2891 924 2978 exemplar
954 2890 1406 2957 Florentinum
1438 2943 1453 2968 ‚
1495 2894 1564 2956 in
1597 2892 1939 2957 Ciceronis
1986 2891 2071 2955 de
2111 2914 2187 2955 re
2230 2893 2498 2977 publica
2529 2896 2657 2960 11.4
2692 2896 2809 2958 Do-

586 2992 675 3052 ris
703 3038 720 3069 ,
764 2989 894 3052 hoc
938 2997 1042 3054 est
1071 2991 1287 3055 Doriis
1318 3041 1331 3054 .
1375 2992 1443 3054 in
1490 2990 1785 3055 eiusdem
1826 3011 1951 3074 pro
1982 2988 2224 3053 Flacco
2268 2991 2579 3055 oratione
2625 2991 2807 3067 2264

588 3086 932 3172 Zumptius
961 3136 977 3161 ,
1022 3090 1124 3151 vir
1155 3089 1561 3153 clarissimus
1580 3138 1595 3164 ,
1624 3110 1729 3152 me
1761 3087 1992 3151 docuit
2021 3088 2573 3173 Lagomarsinum
2604 3092 2672 3153 in
2700 3112 2811 3152 un·

590 3183 803 3247 decim
833 3184 1177 3249 codicibus
1209 3185 1382 3249 Eolis
1411 3187 1733 3270 scriptum
1765 3186 2096 3249 invenisse
2116 3235 2132 3262 ‚
2172 3186 2239 3249 in
2272 3186 2541 3250 duobus
2571 3190 2809 3262 Aedes,

593 3283 781 3346 Doris
807 3284 875 3346 in
906 3292 1062 3347 octo
1095 3329 1111 3358 ‚
1152 3285 1220 3346 in
1251 3305 1384 3346 uno
1417 3285 1634 3347 florii-s*
1663 3333 1675 3345 .
1718 3283 1900 3369 apud
1929 3283 2201 3347 Festum
2230 3306 2293 3369 p.
2313 3285 2558 3358 317‚33
2596 3287 2813 3350 Graeci

599 3381 804 3444 Doriae's
829 3429 845 3459 ‚
900 3381 1086 3466 quod
1135 3382 1391 3467 sprevit
1429 3381 1759 3446 Miillerus
1788 3431 1802 3444 .
1857 3381 2304 3446 Terentianus
2360 3383 2643 3447 Maurus
2698 3383 2812 3446 659

597 3479 788 3542 Plura
828 3480 1077 3564 Sappho
1118 3481 1524 3564 comprobavit
1564 3479 1797 3562 (immo
1844 3480 2286 3564 comprobabit)
2320 3528 2338 3558 ,
2377 3482 2591 3545 Aeoli-s·
2633 3494 2688 3545 el
2724 3505 2811 3544 ce·

587 3577 700 3638 teri
730 3624 742 3638 .
791 3577 1042 3659 optima
1073 3576 1474 3660 exemplaria
1505 3577 1892 3656 Quintiliani
1920 3579 2129 3646 Aeolis
2155 3578 2222 3640 in
2256 3600 2296 3646 1,
2316 3578 2376 3652 4,
2399 3578 2508 3641 16.
2556 3579 2809 3662 Δωριεῖς

591 3680 659 3735 et
699 3674 938 3734 Αἰολεῖς
980 3672 1163 3757 apud
1192 3674 1606 3738 Macrobium
1651 3675 1961 3740 (le·verbi
1993 3675 2380 3739 differentiis
2409 3700 2473 3761 p.
2493 3678 2619 3740 253
2648 3678 2811 3740 Iani.

591 3794 676 3834 cx
704 3770 812 3834 his
844 3780 1125 3856 apparet
1151 3794 1370 3856 neque
1400 3773 1582 3857 apud
1609 3773 1932 3837 Velleium
1965 3799 2005 3849 ι,
2024 3775 2082 3850 4,
2100 3775 2137 3837 4
2163 3776 2367 3838 Aeolia·
2394 3773 2553 3837 ferri
2586 3796 2811 3860 posse.

593 3890 813 3954 neque
845 3868 1027 3954 apud
1052 3870 1332 3933 Gellium
1363 3894 1433 3940 11,
1452 3870 1534 3934 26
1565 3872 1817 3937 Dorici.
1850 3874 2027 3937 Aeoli
2056 3873 2372 3958 appellati
2403 3881 2563 3936 sunt
2593 3895 2633 3935 a
2661 3875 2810 3935 Cor·

593 3974 758 4029 nuto
789 3967 854 4029 in
886 3969 1221 4053 excerptis
1246 3967 1633 4032 Cassiodori
1662 3970 1843 4054 apud
1866 3970 2255 4034 I’utschium
2288 3993 2349 4055 p.
2369 3970 2534 4034 2282
2554 4020 2569 4042 ,
2601 3972 2747 4034 item
2776 3989 2809 4029 a

596 4065 830 4128 Servio
876 4064 964 4129 ad
994 4064 1331 4129 Aeneidos
1365 4067 1603 4140 111‚445
1634 4116 1648 4140 ‚
1692 4069 1856 4132 Dori
1894 4067 2075 4153 apud
2121 4068 2402 4130 eundem
2445 4068 2534 4131 ad
2566 4070 2718 4130 Aen.
2746 4087 2811 4127 11.

594 4163 693 4238 27,
724 4163 950 4248 itaque
983 4163 1226 4227 Festus
1259 4186 1319 4248 p.
1340 4164 1538 4234 206,3
1577 4173 1646 4228 et
1672 4165 1974 4229 Isidorus
2005 4167 2328 4251 originum
2363 4188 2449 4240 ιχ,
2469 4167 2659 4240 2,8Ο.
2692 4164 2811 4227 Do-

592 4284 793 4325 remes
819 4262 1077 4326 Iustino
1124 4284 1194 4335 11,
1211 4262 1270 4335 6,
1296 4261 1368 4323 16
1403 4309 1418 4335 ,
1460 4263 1782 4327 Aeolenses
1812 4263 2048 4348 Sergio
2085 4264 2513 4347 grammatico
2544 4285 2606 4347 p.
2635 4259 2809 4324 1527.

595 4359 660 4420 in
690 4359 837 4442 lege
866 4360 1214 4423 notissima
1246 4367 1404 4422 sunt
1443 4359 1501 4422 T
1493 4384 1747 4424 emneses
1789 4361 1930 4424 sive
1971 4361 2317 4424 Ter-menses
2342 4363 2605 4424 maiores
2641 4359 2811 4421 Peisi-

595 4457 710 4519 dae
728 4504 744 4532 ,
776 4458 834 4520 T
826 4481 1123 4521 omnen-ses
1143 4456 1333 4520 Livio
1357 4480 1647 4533 xxxviii,
1675 4458 1746 4520 15
1766 4507 1781 4532 ‚
1816 4460 2134 4522 Telmesses
2160 4458 2230 4521 in
2257 4458 2595 4521 Ciceronis
2618 4455 2697 4518 de
2716 4452 2810 4515 di-
