3042 5192
574 361 715 429 256
1640 358 1737 425 IV

573 536 859 599 transire
903 533 1149 598 debeat
1179 584 1192 596 .
1247 532 1491 596 deinde
1531 534 1599 595 in
1640 533 1746 596 his
1789 553 1872 595 ex
1919 541 2112 619 parte
2160 533 2393 597 eadem
2438 542 2792 602 tractantur

574 657 745 720 quae
777 634 844 696 in
873 633 1210 718 prioribus
1231 681 1244 694 .
1287 633 1437 716 quis
1469 631 1640 694 enim
1670 631 1846 694 ferat
1872 631 1967 694 ita
1995 632 2101 695 bis
2133 631 2217 695 de
2248 632 2613 698 simulacris
2642 635 2794 700 diei.

574 730 915 818 quomodo
945 731 1240 794 membra
1281 736 1611 792 moveant.
1640 736 1710 799 et
1745 730 1999 793 iactent
2040 731 2357 795 bracchia
2383 779 2399 800 ,
2447 745 2523 794 ut
2562 733 2789 797 sactum

576 839 681 895 cst
709 852 912 892 versu
943 829 1064 891 768
1094 837 1161 892 et
1191 828 1313 890 788
1333 828 1365 889 ⁴?
1410 835 1479 891 et
1509 849 1655 890 cum
1691 849 1890 890 versu
1926 829 2046 890 775
2078 830 2147 891 in
2174 852 2312 892 uno
2347 851 2613 914 quoque
2642 843 2789 894 tem-

573 951 740 1015 pore
785 927 1080 991 sensibili
1123 947 1363 1010 magna
1407 927 1884 1010 particularum
1914 928 2111 1014 eopia
2139 927 2379 991 adesse
2412 926 2647 992 dicitur
2672 979 2687 994 .
2730 929 2789 993 id

575 1029 640 1091 ni
671 1028 906 1089 mirum
947 1024 1124 1088 idem
1156 1033 1261 1088 est
1293 1023 1477 1108 quod
1516 1047 1718 1087 versu
1750 1024 1872 1087 794
1904 1026 2262 1111 exponitur
2296 1075 2311 1101 ‚
2358 1026 2428 1089 in
2468 1049 2600 1090 uno
2641 1051 2791 1112 quo-

575 1148 705 1211 que
737 1134 1038 1210 tempore
1057 1173 1072 1197 ‚
1102 1124 1171 1186 in
1203 1144 1339 1206 quo
1372 1144 1446 1185 re
1475 1144 1637 1185 vera
1666 1123 1873 1186 multa
1902 1131 2207 1211 tempora
2235 1124 2524 1200 lateant,
2564 1126 2628 1188 in
2655 1126 2787 1190 loco

575 1245 846 1310 quoque
879 1222 1231 1286 simulacra
1262 1242 1569 1305 quaeque
1600 1229 1877 1306 praesto
1911 1243 2062 1285 esse
2082 1272 2096 1285 .

741 1320 1546 1388 795.Cons1-:m1mns‚
1594 1341 1677 1384 ιι)
1727 1341 1905 1394 EST,
1955 1343 2114 1384 cum
2160 1343 2321 1384 vox
2368 1343 2787 1385 Eum-ruta

575 1444 673 1484 uN
689 1443 734 1482 A
755 1468 767 1482 .
790 1419 990 1481 Hune
1013 1439 1283 1480 versum
1306 1437 1735 1500 eorrumpere
1763 1439 1840 1481 ea
1866 1420 2109 1501 quibus
2132 1420 2435 1504 ingestus
2459 1429 2565 1484 est
2581 1471 2597 1492 ‚
2618 1420 2783 1483 Lam-

577 1520 772 1584 binus
802 1525 987 1579 reete
1016 1515 1189 1579 vidit
1208 1564 1221 1576 .
1256 1536 1335 1578 ea
1364 1522 1522 1578 sunt
1551 1515 1719 1578 hacc
1738 1563 1752 1588 ‚
1785 1517 1935 1602 quia
1964 1528 2231 1602 tempore
2258 1521 2325 1581 in
2352 1542 2475 1582 meo
2518 1521 2782 1604 Impera

573 1618 768 1679 multa
798 1617 1013 1692 latent,
1044 1616 1205 1678 ratio
1235 1637 1394 1699 quae
1423 1616 1716 1698 comperit
1741 1637 1898 1688 esse,
1927 1615 1997 1677 in
2028 1616 2271 1699 quibus
2302 1619 2633 1681 sententia
2660 1639 2780 1702 per·

575 1716 754 1777 fecta
787 1720 855 1776 et
884 1712 1194 1776 absoluta
1225 1710 1682 1774 concluditur.
1726 1711 2181 1796 quaerendmn
2213 1723 2319 1777 est
2349 1736 2510 1796 ergo
2533 1766 2547 1788 ,
2592 1712 2777 1799 siquid

573 1813 752 1876 forte
783 1812 851 1875 in
879 1811 1122 1874 vicinia
1151 1811 1444 1897 positum
1475 1811 1596 1885 sit,
1629 1810 1816 1895 quod
1845 1810 1979 1874 hoc
2011 1833 2213 1875 versu
2244 1813 2595 1876 interiecto
2626 1812 2776 1876 adiu-

575 1911 720 1973 vari
751 1910 971 1997 possit
1000 1958 1013 1971 .
1060 1909 1294 1993 atquin
1335 1910 1484 1994 ipsa
1523 1908 1691 1972 haec
1720 1910 1929 1972 verba
1960 1958 1974 1984 ‚
2019 1933 2157 1972 cum
2193 1933 2310 1974 voa:
2340 1913 2626 1974 emittitur
2650 1936 2777 1974 nna.

579 2010 928 2072 remittunt
957 2029 1083 2072 nos
1116 2006 1205 2070 ad
1228 2029 1498 2070 versum
1529 2008 1651 2071 785
1672 2056 1685 2080 ‚
1715 2007 1830 2071 ubi
1863 2015 1967 2071 est
1997 2007 2218 2071 Omnia
2245 2008 2355 2070 suh
2374 2009 2628 2072 verbone
2648 2021 2779 2072 erent

574 2118 805 2170 natura
845 2105 1201 2191 paratque?
1252 2127 1405 2169 nam
1458 2105 1692 2170 eadem
1743 2114 1901 2170 sunt
1941 2128 2058 2169 vox
2106 2113 2172 2168 ct
2222 2106 2467 2169 verbum
2512 2117 2579 2170 et
2629 2109 2774 2170 libido

577 2226 780 2267 versu
812 2204 890 2266 77
895 2204 968 2267 9:
997 2204 1106 2266 sub
1138 2204 1310 2267 uerbo
1343 2212 1448 2267 est
1471 2205 1595 2267 sub
1627 2205 1812 2268 iussu
1832 2254 1847 2280 ‚
1881 2203 2083 2268 docte
2104 2205 2509 2268 illustratum
2532 2226 2571 2267 a
2592 2205 2772 2267 Bfme·

575 2323 819 2365 manno
867 2301 955 2364 ad
997 2301 1328 2366 Laetantii
1370 2302 1860 2366 institutionum
1904 2303 2144 2366 librum
2188 2302 2527 2376 1v‚l5‚22.
2581 2301 2690 2366 sed
2722 2303 2769 2363 in

575 2401 703 2463 illis
731 2400 898 2483 ipsis
930 2400 1240 2463 versibus
1285 2398 1667 2464 difficillima
1697 2409 1854 2464 sunt
1892 2401 2096 2475 haec,
2145 2401 2220 2465 Sa·
2245 2425 2452 2481 mare,
2494 2402 2549 2464 .ςὲ
2585 2413 2769 2463 imam

577 2498 799 2562 eordist
813 2547 830 2576 ‚
888 2500 942 2560 ei
984 2500 1243 2584 denique
1283 2500 1520 2562 caelum
1536 2525 1560 2581 ‚-
1609 2500 1723 2562 ubi
1767 2498 1855 2561 ad
1896 2502 1951 2562 si
1992 2501 2213 2564 cor-dist
2250 2499 2610 2562 infinitivus
2647 2520 2768 2583 sup-

578 2594 866 2682 plendus
899 2605 1004 2658 est
1022 2644 1036 2670 ,
1080 2598 1194 2680 qui
1221 2619 1553 2682 nusquam
1581 2598 1857 2682 legitur:
1885 2620 2037 2662 nam
2065 2619 2286 2682 neque
2317 2596 2666 2660 Creechius
2691 2618 2769 2658 sa·

579 2715 733 2756 num
776 2694 1213 2778 interpretem
1261 2696 1396 2780 egit
1429 2745 1445 2771 ‚
1512 2718 1659 2759 cum
1701 2696 1871 2759 haec
1923 2697 2017 2760 ita
2063 2696 2397 2782 expressit
2416 2744 2430 2770 ‚
2490 2699 2545 2759 ‚si
2576 2695 2772 2781 plamm

579 2794 845 2877 coqitare
860 2841 878 2872 ,
909 2814 1128 2877 neque
1152 2794 1478 2857 Marullus
1497 2842 1512 2868 ‚
1546 2795 1658 2878 qui
1690 2795 1799 2858 hic
1829 2794 2012 2859 solus
2036 2793 2354 2870 attendit,
2374 2795 2621 2859 bonum
2645 2792 2766 2857 arti-

576 2891 765 2954 ficem
786 2940 801 2966 ‚
845 2913 996 2954 cum
1025 2893 1295 2977 scripsit
1327 2893 1401 2955 Si
1426 2917 1636 2972 mare,
1675 2895 1731 2956 si
1759 2904 1927 2957 terra
1954 2905 2070 2972 est,
2111 2894 2166 2955 si
2194 2893 2366 2956 cordi
2394 2895 2641 2981 denique
2664 2916 2763 2956 cae-

578 2991 737 3054 lum.
782 2989 944 3074 quid
983 2991 1186 3074 igitur
1228 2991 1284 3053 si
1326 2990 1505 3052 hunc
1535 3013 1799 3055 versum
1838 2991 1994 3054 illuc
2034 2990 2529 3066 transferimus,
2573 3001 2631 3055 et
2658 2989 2762 3075 qui-

579 3087 730 3151 dem
759 3138 774 3164 ‚
823 3088 978 3173 quia
1019 3097 1252 3174 aperte
1296 3098 1659 3175 corruptus
1706 3096 1811 3153 est
1837 3139 1853 3164 ‚
1907 3089 2147 3153 leniter
2193 3089 2665 3155 emendatum?
2708 3085 2765 3150 E!

576 3188 762 3250 simul
790 3211 864 3250 ac
891 3189 1164 3250 volumus
1192 3188 1363 3250 nobis
1390 3189 1658 3250 occurrit
1684 3186 1934 3272 ima-90?
1981 3189 2039 3266 Q
2058 3210 2151 3251 uo
2170 3211 2212 3250 n
2242 3192 2531 3252 sentimus
2546 3239 2562 3267 ,
2591 3189 2651 3250 id
2670 3183 2765 3250 esi?

580 3307 717 3346 cru-m
755 3308 872 3348 vox
915 3287 1203 3349 emittitur
1245 3309 1412 3366 una5
1460 3285 1535 3349 Si
1575 3309 1783 3364 mare,
1823 3288 1879 3349 si
1921 3297 2151 3350 terram
2180 3289 2434 3366 cordi-st,
2478 3290 2533 3350 si
2559 3288 2765 3370 deniquc

580 3384 846 3445 caelum.
872 3384 965 3446 ita
989 3384 1158 3446 enim
1183 3391 1466 3470 apparet
1487 3408 1612 3447 esse
1636 3382 2023 3447 addendum
2049 3406 2195 3448 esse
2213 3433 2229 3460 ‚
2261 3408 2409 3448 eum
2434 3388 2502 3449 id
2519 3398 2599 3450 est
2614 3403 2761 3470 prat*-

581 3482 893 3545 ccsserit:
923 3484 979 3545 si
1007 3485 1180 3547 cordi
1210 3495 1295 3547 est
1321 3508 1444 3548 esse
1471 3507 1646 3547 mare
1666 3532 1680 3558 ‚
1708 3485 1765 3547 si
1793 3493 2023 3545 terram
2040 3531 2055 3557 ‚
2082 3485 2138 3545 si
2166 3485 2401 3548 caelum
2421 3534 2435 3547 .

746 3580 886 3643 790.
917 3604 1073 3644 mon
1093 3604 1378 3645 1L1T13R
1408 3604 1561 3645 cum
1604 3603 2002 3644 ALTERNIS
2044 3604 2409 3645 BRAcn1A
2452 3597 2760 3645 :umrcxr

577 3679 693 3742 ΕΤ
738 3701 1167 3742 nnpn‘runr
1220 3701 1508 3743 oenus
1569 3671 1886 3743 ensi-um
1952 3702 2155 3742 PEDE
2222 3693 2757 3744 CONV'I-:Nn-:N‘rl-

579 3778 838 3842 Horum
872 3799 951 3841 ea
979 3779 1243 3862 integra
1270 3800 1408 3841 non
1439 3786 1599 3841 sunt
1630 3799 1800 3862 quae
1832 3777 1920 3840 ad
1948 3777 2162 3863 pedes
2191 3779 2558 3865 pertinent:
2586 3791 2755 3856 neque

580 3876 754 3938 enim
792 3878 1084 3960 repetitur
1123 3876 1251 3939 nisi
1284 3874 1468 3960 quod
1508 3874 1744 3938 eodem
1774 3875 1977 3938 modo
2008 3875 2257 3940 factum
2288 3885 2426 3953 est,
2466 3894 2661 3958 neque
2684 3892 2752 3930 re·

568 3976 802 4058 petitur
831 3976 1019 4038 oculis
1051 3973 1239 4058 quod
1270 3983 1426 4037 ante
1458 3996 1576 4037 eos
1607 3975 1843 4036 iterum
1875 3976 2125 4059 agitur,
2168 3975 2291 4039 sed
2323 3973 2503 4060 quod
2528 3971 2637 4056 ipsi
2660 3968 2750 4029 ite·

579 4093 726 4134 rum
766 4072 1307 4156 contemplantur
1326 4120 1340 4133 .
1387 4072 1482 4134 ita
1524 4070 1724 4135 Silius
1769 4074 1998 4148 111‚533
2044 4085 2213 4137 tanta
2240 4074 2571 4161 formidine
2597 4067 2747 4152 plum

584 4169 915 4234 Exterrmzc
943 4173 1197 4255 repetita
1226 4173 1448 4235 omelia.
1484 4191 1693 4255 quare
1724 4171 2106 4235 necessario
2139 4169 2550 4236 scribendum
2578 4173 2660 4227 cst
2686 4157 2749 4222 Β

579 4290 725 4330 REF
744 4291 1005 4332 ERUNT
1049 4272 1238 4334 oculis
1262 4282 1497 4355 yestum
1529 4318 1541 4332 .
1588 4269 1871 4334 Ovidius
1900 4270 1967 4332 in
2000 4271 2287 4357 epistula
2315 4267 2519 4346 vu‚2(i
2544 4267 2745 4328 Aeneffl*

582 4368 787 4428 animo
815 4390 1054 4452 noxque
1084 4370 1327 4454 diesque
1355 4367 1574 4454 refert.
