3042 5192
581 453 717 522 112
1640 453 1736 521 III

382 646 509 692 1015
576 635 681 692 est
708 627 1078 713 insignibus
1106 625 1383 711 insignis
1400 674 1416 703 ,
1439 627 1847 712 scelerisque
1877 601 2075 690 luella
2093 675 2109 702 ‚

575 762 804 807 carcer
835 748 903 805 et
931 740 1269 805 horribilis
1300 738 1386 802 de
1416 761 1583 804 saxo
1612 741 1808 805 iactu'
1837 739 2153 805 deorsum
2171 789 2187 816 ,

570 856 855 922 verbera
872 905 887 932 ,
912 855 1255 920 carnifices
1273 904 1290 930 ‚
1311 855 1519 919 robur
1538 904 1553 931 ,
1575 856 1693 942 pix
1709 905 1725 933 ‚
1747 856 2054 919 lammina
2070 904 2086 930 ‚
2107 854 2350 919 taedae
2369 881 2385 934 ς

578 992 748 1057 111100
778 979 1000 1035 tamen
1031 970 1157 1034 etsi
1185 970 1433 1034 absunt
1449 1019 1465 1046 ‚
1488 977 1561 1034 at
1587 991 1775 1035 mens
1805 970 1963 1046 sibi,
1987 971 2257 1035 conscia
2283 969 2481 1034 factis
2499 1020 2514 1046 ,

573 1092 1043 1170 praemetuens
1072 1083 1350 1149 adhibet
1376 1084 1681 1149 stimulos
1710 1091 2052 1169 terretque
2079 1084 2389 1171 flagellis,

386 1217 513 1264 1020
576 1221 703 1264 nec
731 1199 921 1264 videt
945 1199 1203 1263 interea
1235 1200 1350 1285 11111
1376 1200 1697 1265 terminus
1727 1220 1876 1263 esse
1902 1198 2226 1263 malorum

573 1315 793 1401 possit
818 1333 945 1377 nec
977 1334 1146 1399 quae
1178 1315 1265 1378 sit
1291 1335 1661 1400 poenarum
1690 1312 1980 1399 denique
2008 1314 2157 1378 finis
2176 1364 2191 1390 ,

577 1437 782 1515 atque
813 1427 1047 1492 eadem
1075 1429 1312 1493 metuit
1338 1429 1548 1514 magis
1575 1428 1745 1492 haec
1771 1449 1860 1492 ne
1887 1428 1956 1492 in
1984 1437 2200 1493 morte
2229 1438 2664 1514 gravescant.

574 1543 685 1608 hic
713 1542 1083 1608 Acherusia
1110 1544 1187 1608 fit
1214 1544 1569 1608 stultorum
1599 1542 1888 1630 denique
1914 1544 2056 1607 vita
2073 1593 2087 1607 .

656 1657 809 1723 Hoc
840 1659 1036 1722 etiam
1063 1659 1186 1723 tibi
1211 1665 1357 1723 tute
1384 1658 1559 1722 inter
1590 1656 1743 1721 dum
1778 1657 2002 1721 dicere
2030 1661 2254 1744 possis
2273 1709 2287 1723 .

382 1788 511 1835 1025
571 1767 846 1836 ‘lumina
875 1773 966 1837 sis
996 1772 1206 1837 oculis
1237 1772 1432 1837 etiam
1457 1772 1679 1838 bonus
1705 1772 1914 1837 Ancu’
1942 1773 2212 1858 reliquit
2230 1823 2245 1849 ‚

580 1888 693 1974 qui
719 1887 952 1953 melior
980 1887 1202 1952 multis
1234 1907 1432 1974 quam
1458 1894 1538 1951 tu
1563 1886 1689 1952 fuit
1707 1937 1723 1964 ‚
1745 1888 2047 1974 improbe
2066 1935 2082 1964 ,
2104 1889 2306 1953 rebus
2324 1938 2339 1952 .

573 2000 730 2066 inde
759 2002 867 2066 alii
894 2002 1085 2067 multi
1113 2023 1308 2088 reges
1336 2023 1693 2088 rerumque
1722 1998 2065 2088 potentes'

575 2115 968 2182 occiderunt
984 2166 1000 2193 ‚
1021 2117 1278 2205 magnis
1309 2117 1424 2203 qui
1452 2119 1764 2203 gentibus
1791 2118 2257 2204 imperitarunt
2274 2166 2288 2181 .

574 2231 681 2295 1110
711 2252 981 2317 1111011110
1008 2232 1156 2318 ipse
1173 2281 1188 2308 ‚
1210 2233 1383 2296 viam
1415 2233 1530 2318 qui
1562 2231 1900 2318 quondam
1927 2254 2052 2318 per
2079 2253 2262 2296 mare
2287 2252 2600 2318 magnum

380 2362 509 2409 1030
574 2347 814 2411 stravit
840 2347 1101 2433 iterque
1132 2345 1321 2411 dedit
1346 2347 1719 2433 legionibus
1745 2348 1843 2412 ire
1871 2369 1996 2434 per
2024 2348 2227 2411 altum

578 2461 698 2544 [00
726 2460 1013 2547 pedibus
1044 2462 1259 2527 salsas
1290 2461 1520 2526 docuit
1551 2483 1754 2548 super
1785 2464 1884 2526 ire
1913 2462 2226 2546 lucunas]

581 2584 651 2639 et
678 2578 1032 2642 contemsit
1061 2577 1249 2662 equis
1276 2577 1607 2641 insultans
1635 2598 1972 2641 murmura
1997 2578 2189 2663 ponti
2208 2625 2224 2652 ‚

573 2689 816 2755 lumine
846 2690 1162 2778 adempto
1192 2693 1474 2756 animam
1503 2691 1904 2757 moribundo
1936 2712 2223 2777 corpore
2253 2689 2457 2755 fudit.

575 2804 925 2892 Scipiadas
943 2854 959 2882 ‚
980 2807 1138 2871 belli
1166 2807 1415 2872 fulmen
1436 2857 1450 2884 ‚
1474 2807 1899 2892 Carthaginis
1927 2806 2174 2871 horror
2191 2855 2206 2882 ‚

382 2938 509 2984 1035
579 2942 736 2986 ossa
766 2920 955 2986 dedit
982 2928 1203 2986 terrae
1232 2921 1517 3008 proinde
1546 2943 1626 2986 ac
1653 2921 1860 2986 famul
1883 2921 2144 2984 infimus
2175 2929 2354 2984 esset
2371 2970 2385 2984 .

573 3033 751 3099 adde
779 3043 1162 3122 repertores
1193 3034 1647 3102 doctrinarum
1676 3045 1879 3123 atque
1907 3037 2207 3122 leporum
2227 3085 2241 3112 ‚

575 3148 752 3214 adde
781 3149 1289 3215 Heliconiadum
1318 3153 1628 3230 comites3
1655 3173 1938 3238 quorum
1965 3173 2139 3215 unus
2167 3151 2505 3215 Homerus

576 3273 846 3351 sceptra
872 3266 1128 3351 potitus
1159 3266 1393 3331 eadem
1423 3267 1567 3331 aliis
1598 3266 1839 3352 sopitu’
1870 3266 2191 3349 quietest.

578 3378 869 3464 denique
896 3380 1349 3446 Democritum
1377 3388 1540 3467 post
1569 3401 1766 3465 quam
1796 3388 2056 3443 matura
2082 3387 2390 3445 vetustas

382 3511 510 3557 1040
576 3492 921 3560 admonuit
948 3517 1273 3561 memores
1302 3502 1523 3560 motus
1552 3494 1985 3580 languescere
2013 3496 2255 3559 mentis
2274 3544 2290 3570 ‚

576 3616 819 3695 sponte
850 3632 973 3675 sua
1000 3611 1137 3675 leto
1170 3617 1373 3696 caput
1402 3610 1642 3674 obvius
1673 3608 1918 3694 optulit
1944 3610 2090 3697 ipse
2110 3660 2124 3673 .

573 3724 718 3810 ipse
734 3711 1081 3812 'Epicurus
1108 3725 1186 3789 iit
1214 3723 1501 3789 decurso
1532 3723 1776 3789 lumine
1802 3724 1981 3789 vitae
2000 3774 2016 3801 ‚

576 3840 689 3925 qui
717 3861 929 3926 genus
956 3839 1317 3903 humanum
1344 3840 1611 3926 ingenio
1643 3840 1987 3925 superavit
2017 3848 2085 3903 et
2114 3839 2327 3902 omnis

573 3955 957 4032 restincxit‚
982 3954 1210 4019 stellas
1242 3962 1518 4020 exortus
1548 3960 1625 4019 ut
1654 3953 1993 4018 aetherius
2024 3954 2159 4019 sol.

381 4085 508 4131 1045
573 4077 647 4133 tu
674 4091 837 4135 vero
870 4068 1208 4134 dubitabis
1240 4077 1307 4134 et
1333 4068 1770 4166 indignabere
1800 4069 2033 4134 obire?

584 4269 655 4275 *-
668 4269 793 4274 -—--.-
818 4269 982 4276 ἠ,-

588 4349 715 4395 1015
752 4341 917 4397 luela.
957 4344 977 4412 ΙΙ
1019 4351 1148 4397 1016
1188 4362 1396 4397 eorum.
1444 4345 1464 4412 ΙΙ
1513 4345 1922 4411 101710111101110
1959 4344 1980 4413 ΙΙ
2021 4346 2150 4395 1019
2187 4348 2460 4411 torretque
2497 4341 2520 4411 ΙΙ
2562 4347 2693 4395 1032
2729 4341 2804 4393 in-

580 4425 786 4478 suitans
822 4423 843 4492 ΙΙ
887 4432 1015 4479 1033
1054 4425 1217 4497 fugit.
1254 4427 1275 4496 ΙΙ
1317 4432 1447 4480 1038
1481 4426 1663 4498 potius
1705 4426 1727 4496 ΙΙ
1765 4432 1894 4479 1042
1935 4426 2066 4479 obiit
2101 4425 2123 4494 ΙΙ
2167 4432 2295 4479 1044
2333 4425 2508 4478 aerius
