3042 5192
625 465 717 534 60
1703 462 1790 531 11·

620 660 827 726 quare
857 658 1097 725 magna
1125 638 1324 704 deum
1352 646 1567 703 mater
1594 646 1944 724 materque
1971 638 2265 703 ferarum

623 764 692 820 et
718 754 938 818 nostri
964 754 1271 841 genetrix
1298 753 1469 816 haec
1499 751 1681 818 dicta
1712 761 1817 818 est
1845 754 2151 841 corporis
2178 774 2312 818 una
2329 804 2343 817 .

464 886 563 935 600
697 869 895 933 Hanc
920 875 1186 933 veteres
1216 867 1487 932 Graium
1517 866 1703 934 docti
1731 870 2031 933 cecinere
2059 874 2306 957 poetae

618 1096 892 1164 sedibus
919 1098 989 1162 in
1018 1119 1219 1162 curru
1245 1098 1508 1184 biiugos
1538 1099 1789 1185 agitare
1817 1098 2049 1163 leones
2066 1147 2082 1173 ‚

617 1214 789 1278 aeris
817 1213 887 1276 in
917 1213 1136 1300 spatio
1165 1234 1470 1300 magnam
1496 1212 1795 1301 pendere
1826 1213 2152 1278 docentes

616 1328 920 1393 tellurem
937 1376 953 1404 ,
974 1349 1194 1415 neque
1222 1350 1429 1416 posse
1457 1329 1527 1391 in
1556 1336 1738 1393 terra
1768 1329 2003 1394 sistere
2032 1336 2276 1393 terram
2295 1378 2308 1392 .

616 1441 981 1508 adiunxere
1008 1442 1188 1507 feras
1207 1492 1223 1518 ‚
1248 1443 1404 1528 quia
1435 1443 1738 1527 quamvis
1770 1442 1972 1506 effera
1999 1443 2227 1530 proles

462 1576 560 1623 605
617 1558 850 1624 officiis
880 1558 1085 1623 debet
1109 1557 1349 1622 molliri
1375 1559 1558 1621 victa
1583 1564 1938 1644 parentum
1959 1607 1972 1621 .

616 1672 985 1759 muralique
1016 1682 1220 1761 caput
1249 1693 1574 1736 summum
1604 1672 1873 1736 cinxere
1901 1694 2154 1737 corona
2171 1723 2186 1749 ‚

617 1787 869 1852 eximiis
897 1788 1152 1852 munita
1178 1788 1343 1853 locis
1374 1788 1532 1874 quia
1561 1788 1849 1852 sustinet
1876 1788 2118 1868 urbes3

615 1923 750 1987 quo
779 1923 957 1966 nunc
985 1902 1225 1989 insigni
1252 1924 1375 1992 per
1402 1922 1679 1989 magnas
1707 1901 2016 1990 praedita
2042 1880 2259 1969 terras

613 2015 922 2080 horrifice
951 2016 1165 2081 fertur
1196 2017 1461 2082 divinae
1487 2017 1720 2083 matris
1747 2018 1965 2104 imago
1985 2068 1999 2082 .

458 2147 557 2194 610
610 2128 787 2193 hanc
815 2131 1041 2195 variae
1070 2140 1305 2218 gentes
1335 2134 1614 2219 antiquo
1643 2154 1830 2197 more
1859 2154 2201 2198 sacrorum

610 2232 881 2309 Idaeam
908 2247 1210 2311 vocitant
1239 2255 1518 2312 matrem
1536 2297 1552 2323 ‚
1574 2247 2041 2334 Phrygiasque
2071 2255 2376 2313 catervas

614 2358 780 2425 dant
808 2361 1084 2426 comites
1102 2411 1120 2438 ‚
1144 2363 1302 2447 quia
1328 2363 1615 2451 primum
1645 2384 1730 2427 ex
1755 2362 1884 2427 illis
1910 2362 2151 2427 finibus
2183 2362 2394 2427 edunt

610 2496 735 2564 per
761 2481 1090 2540 terrarum
1120 2478 1351 2542 orbem
1378 2476 1608 2563 fruges
1638 2477 1943 2563 coepisse
1973 2478 2215 2541 creari.

611 2589 826 2676 gallos
856 2592 1233 2656 attribuunt
1250 2641 1266 2667 ‚
1290 2592 1447 2677 quia
1463 2640 1479 2666 ‚
1502 2612 1748 2654 numen
1780 2591 1896 2676 qui
1922 2591 2235 2655 violarint

458 2721 556 2767 615
610 2705 840 2768 matris
870 2713 940 2769 et
966 2706 1209 2791 ingrati
1238 2705 1635 2790 genitoribu’
1665 2705 1799 2768 sint
1826 2705 2076 2768 inventi
2097 2753 2113 2779 ‚

609 2819 978 2904 significare
1005 2819 1243 2884 volunt
1268 2817 1583 2905 indignos
1613 2839 1761 2882 esse
1791 2817 2134 2906 putandos
2153 2867 2168 2894 ‚

608 2934 826 2998 vivam
852 2933 1242 3021 progeniem
1272 2935 1387 3020 qui
1414 2934 1483 2998 in
1513 2955 1670 2999 oras
1700 2933 1960 2998 luminis
1990 2933 2197 2998 edant
2216 2983 2229 2996 .

608 3057 928 3137 tympana
956 3056 1145 3113 tenta
1174 3057 1414 3114 tonant
1440 3049 1677 3137 palmis
1708 3057 1776 3113 et
1805 3048 2112 3136 cymbala
2140 3048 2384 3113 circum

611 3185 909 3228 concava
925 3213 941 3241 ‚
963 3166 1455 3251 raucisonoque
1482 3166 1820 3230 minantur
1850 3185 2103 3228 cornua
2130 3173 2332 3228 cantu
2348 3213 2364 3239 ‚

457 3294 556 3341 620
610 3286 679 3342 et
704 3277 1002 3364 Phrygio
1035 3280 1329 3344 stimulat
1356 3300 1633 3343 numero
1665 3299 1831 3341 cava
1856 3278 2020 3342 tibia
2045 3279 2286 3344 mentis
2305 3327 2320 3353 ‚

611 3390 879 3475 telaque
907 3401 1351 3479 praeportant
1367 3441 1383 3467 ‚
1405 3393 1680 3455 violenti
1710 3392 1900 3476 signa
1925 3391 2173 3456 furoris
2193 3442 2208 3468 ‚

610 3506 910 3590 ingratos
940 3507 1196 3569 animos
1226 3514 1430 3590 atque
1457 3505 1658 3592 impia
1684 3511 1968 3593 pectora
1994 3507 2176 3593 volgi

613 3627 999 3684 conterrere
1026 3625 1208 3683 metu
1238 3640 1410 3704 quae
1439 3621 1706 3707 possint
1732 3621 1997 3685 numini'
2029 3620 2254 3686 divae.

620 3756 783 3821 ergo
815 3756 963 3798 cum
992 3733 1274 3820 primum
1302 3754 1578 3820 magnas
1607 3735 1873 3801 invecta
1900 3758 2023 3824 per
2051 3738 2236 3802 urbis

462 3863 559 3910 625
616 3849 953 3914 munificat
980 3848 1186 3913 tacita
1211 3849 1511 3913 mortalis
1541 3858 1726 3917 muta
1754 3852 1968 3917 salute
1987 3902 2003 3927 ‚

613 3984 767 4029 aere
798 3973 999 4051 atque
1029 3971 1307 4051 argento
1339 3972 1649 4030 sternunt
1675 3967 1803 4031 iter
1833 3989 2028 4032 omne
2056 3968 2310 4032 viarum
2328 4017 2343 4043 ‚

611 4079 906 4167 largifica
935 4079 1108 4167 stipe
1141 4077 1434 4144 ditantes
1453 4130 1468 4157 ,
1493 4082 1912 4168 ninglmtque
1942 4104 2248 4149 rosarum

622 4360 717 4407 605
757 4354 930 4407 moliri
979 4355 1001 4425 ΙΙ
1049 4362 1145 4409 607
1186 4355 1271 4408 Ex
1296 4358 1411 4410 imis
1460 4359 1480 4425 ΙΙ
1529 4362 1627 4409 613
1665 4355 1824 4409 orbes
1872 4357 1893 4424 Η
1953 4362 2049 4408 615
2089 4356 2330 4411 Matriet
2357 4357 2522 4428 ingati
2570 4358 2590 4426 Η
2638 4358 2830 4411 inventi

622 4438 757 4491 sint.
794 4436 816 4505 ss
852 4442 949 4491 623
987 4439 1198 4492 numine
1233 4439 1255 4506 11
1292 4443 1390 4492 626
1429 4440 1499 4491 ite
1527 4439 1702 4492 omnia
1726 4439 1921 4492 virum.
