3042 5192
1259 429 1329 497 V
2264 435 2401 504 169

216 616 276 673 at
296 627 493 692 neque
510 655 525 681 ,
545 606 644 670 uti
674 602 908 679 docui,
930 601 1149 668 solido
1181 624 1330 668 cum
1360 624 1645 691 corpore
1674 604 1905 669 mundi

108 740 176 786 365
214 727 483 787 naturast
498 768 514 796 ‚
539 719 850 806 quoniam
879 717 1315 783 admixtumst
1340 718 1411 782 in
1438 719 1643 784 rebus
1671 720 1868 785 inane
1886 770 1902 796 ‚

107 1310 177 1356 370

103 1880 175 1924 315

101 3021 169 3067 3³5

98 3591 169 3639 390

216 857 320 900 nec
342 844 553 900 tamen
583 842 688 898 est
712 841 792 897 ut
815 835 1012 897 inane
1032 884 1048 910 ‚
1069 853 1289 918 neque
1319 840 1543 897 autem
1573 855 1862 923 corpora
1890 835 2139 901 desunt
2156 886 2171 911 ‚

218 972 287 1014 ex
309 949 547 1014 infinito
580 969 752 1034 quae
780 949 1047 1036 possint
1073 948 1251 1013 forte
1281 956 1519 1012 coorta

218 1084 493 1128 corruere
519 1062 697 1127 hanc
724 1082 947 1126 rerum
972 1062 1271 1127 violento
1302 1062 1571 1127 turbine
1601 1085 1919 1128 summam

219 1187 313 1243 aut
337 1178 517 1242 aliam
544 1177 847 1263 quamvis
877 1174 1135 1240 cladem
1163 1177 1510 1262 inportare
1539 1178 1771 1266 pericli
1790 1228 1806 1254 ‚

217 1313 321 1357 nec
343 1314 537 1381 porro
566 1299 811 1356 natura
835 1290 969 1355 loci
996 1292 1418 1378 spatiumque
1447 1292 1770 1379 profundi

218 1406 439 1482 deficit,
461 1405 775 1494 exspargi
805 1426 940 1491 quo
969 1406 1238 1493 possint
1262 1406 1526 1470 moenia
1552 1406 1783 1471 mundi
1799 1456 1815 1484 ‚

216 1530 313 1585 aut
337 1521 453 1585 alia
480 1521 719 1606 quavis
745 1522 1036 1606 possunt
1061 1520 1130 1583 vi
1157 1520 1353 1606 pulsa
1379 1520 1601 1607 perire
1621 1570 1634 1585 .

217 1636 358 1700 haut
380 1636 570 1721 igitur
596 1635 718 1699 leti
745 1633 1098 1721 praeclusa
1126 1640 1233 1699 est
1257 1635 1461 1700 ianua
1489 1635 1675 1700 caelo

216 1771 322 1814 nec
347 1749 459 1814 soli
484 1757 841 1834 terraeque
868 1769 1090 1834 neque
1119 1749 1271 1813 altis
1299 1751 1612 1835 aequoris
1640 1749 1839 1815 undis
1858 1801 1874 1827 ‚

220 1862 327 1927 sed
348 1871 521 1951 patet
544 1864 815 1928 immani
845 1870 914 1928 et
940 1870 1141 1928 vasto
1171 1872 1514 1951 respectat
1541 1865 1731 1930 hiatu
1752 1914 1765 1928 .

220 2000 398 2063 quare
425 1980 612 2043 etiam
639 1978 871 2042 nativa
896 1986 1315 2043 necessumst
1344 1979 1706 2045 confiteare

215 2092 361 2157 haec
388 2093 641 2158 eadem:
664 2113 888 2178 neque
917 2092 1090 2156 enim
1107 2141 1124 2169 ‚
1145 2093 1408 2157 mortali
1438 2115 1727 2182 corpore
1757 2116 1929 2181 quae
1959 2104 2149 2172 sunt,

220 2229 288 2270 ex
312 2208 549 2273 infinito
576 2209 715 2272 iam
741 2215 1046 2293 tempore
1074 2205 1297 2296 adhuc
1324 2208 1706 2295 potuissent

213 2322 457 2387 inmensi
482 2322 748 2389 validas
778 2323 921 2386 aevi
954 2329 1379 2386 contemnere
1406 2322 1586 2387 vires
1607 2372 1620 2387 .

284 2435 569 2523 Denique
595 2444 959 2525 tantopere
986 2437 1165 2501 inter
1193 2458 1267 2501 se
1298 2458 1446 2501 cum
1472 2437 1759 2503 maxima
1784 2438 2015 2504 mundi

214 2561 481 2636 pugnent
507 2553 809 2617 membra
825 2601 842 2628 ‚
863 2552 976 2638 pio
1006 2572 1433 2637 nequaquam
1461 2553 1727 2617 concita
1752 2553 1931 2620 bello
1950 2603 1966 2629 ‚

215 2686 408 2731 nonne
434 2666 624 2732 vides
654 2667 947 2752 aliquam
972 2666 1157 2752 longi
1187 2667 1563 2732 certaminis
1595 2667 1743 2732 ollis

213 2801 391 2866 posse
419 2781 562 2847 dari
588 2782 792 2848 finem
810 2830 827 2858 ‚
848 2781 957 2845 vel
987 2802 1137 2845 cum
1166 2780 1269 2845 sol
1299 2789 1368 2844 et
1393 2803 1609 2868 vapor
1639 2782 1854 2847 omnis

214 2897 485 2962 omnibus
515 2897 742 2985 epotis
770 2895 1115 2960 umoribus
1147 2897 1615 2982 exsuperarint
1630 2895 1663 2958 Ρ

216 3010 376 3094 quod
400 3012 621 3077 facere
650 3009 1048 3085 intendunt,
1070 3030 1291 3095 neque
1321 3009 1547 3074 adhuc
1578 3018 1820 3075 conata
1847 3018 2230 3098 patrantur:

212 3132 442 3190 tantum
470 3124 918 3214 suppeditant
947 3145 1174 3189 amnes
1202 3125 1512 3211 ultraque
1541 3124 1878 3190 minantur

213 3241 404 3304 omnia
431 3240 759 3318 diluviare
791 3261 877 3304 ex
904 3240 1042 3305 alto
1072 3239 1334 3326 gurgite
1362 3240 1558 3326 ponti
1574 3290 1590 3317 ,

212 3373 283 3414 ue
309 3355 615 3441 quiquam
633 3404 650 3432 ‚
677 3355 992 3440 quoniam
1019 3363 1366 3420 verrentes
1397 3376 1697 3440 aequora
1723 3356 1908 3420 venti

215 3463 580 3535 deminuunt
608 3467 956 3554 radiisque
985 3476 1302 3533 retexens
1331 3468 1669 3533 aetherius
1700 3470 1837 3545 sol,

212 3587 269 3645 et
293 3582 535 3648 siccare
564 3585 758 3672 prius
790 3582 1138 3648 confidunt
1167 3586 1388 3648 omnia
1413 3605 1617 3668 posse

214 3717 389 3780 quam
415 3698 645 3784 liquor
673 3699 927 3787 incepti
954 3698 1173 3784 possit
1202 3697 1590 3782 contingere
1618 3698 1815 3763 finem
1830 3748 1843 3761 .

212 3817 445 3877 tantum
476 3814 823 3899 spirantes
853 3834 1069 3898 aequo
1102 3812 1459 3876 certamine
1488 3811 1733 3876 bellum

210 3929 441 4013 magnis
469 3929 654 3992 inter
686 3949 759 3992 se
791 3926 877 3991 de
905 3927 1108 3992 rebus
1139 3948 1413 3991 cernere
1444 3933 1705 3990 certant
1723 3976 1738 4002 ‚

209 4061 338 4105 cum
367 4043 576 4108 semel
604 4042 867 4107 interea
894 4041 1098 4106 fuerit
1127 4040 1554 4129 superantior
1581 4042 1753 4126 ignis

215 4319 299 4367 367
334 4324 583 4388 copel-ta.
651 4319 674 4387 ΙΙ
748 4325 845 4371 375
887 4337 917 4370 e
990 4320 1010 4387 ΙΙ
1081 4324 1177 4370 377
1216 4319 1456 4373 mortalis
1539 4319 1560 4387 ΙΙ
1634 4325 1730 4373 382
1769 4319 1897 4374 olis.
1970 4321 1991 4388 ΙΙ
2062 4325 2160 4372 393
2200 4321 2336 4372 inter
2371 4337 2432 4372 se

213 4407 408 4455 omissa.
