3042 5192
1323 486 1450 555 1111
2365 496 2501 565 149

256 679 541 744 namque
572 680 811 724 omnes
841 657 1235 745 plerumque
1266 660 1520 726 cadunt
1547 661 1616 725 in
1643 661 1885 729 vulnus
1903 713 1920 740 ‚
1944 671 2014 730 et
2040 665 2215 731 illam

93 792 202 838 1050
260 775 497 840 emicat
524 775 596 837 in
625 781 890 860 partem
918 775 1192 860 sanguis
1209 824 1225 852 ,
1247 774 1429 839 unde
1456 776 1689 840 icimur
1716 778 1855 842 ictu
1874 828 1889 856 ‚

254 897 319 954 et
345 889 405 953 si
434 890 811 954 comminus
841 895 949 953 est
965 936 980 965 ‚
1002 888 1270 954 hostem
1298 890 1499 954 ruber
1532 900 1824 977 occupat
1850 915 2076 959 umor.

250 1005 342 1068 sic
367 1005 580 1090 igitur
607 1001 900 1068 Veneris
929 1004 1045 1088 qui
1073 1004 1225 1069 telis
1257 1005 1500 1093 accipit
1527 1006 1701 1071 ictus
1720 1055 1735 1084 ,

247 1120 386 1183 sive
414 1140 593 1205 puer
620 1118 933 1183 membris
962 1118 1390 1184 muliebribus
1418 1119 1600 1184 hunc
1633 1122 1961 1187 iaculatur

248 1255 369 1298 seu
396 1234 639 1297 mulier
666 1241 815 1298 toto
845 1234 1105 1298 iactans
1136 1256 1173 1298 e
1202 1255 1490 1320 corpore
1520 1256 1848 1312 amorem,

88 1365 192 1411 1055
245 1347 432 1412 unde
462 1346 703 1412 feritur
719 1396 735 1424 ‚
762 1369 843 1411 eo
872 1347 1095 1414 tendit
1110 1397 1126 1425 ‚
1149 1349 1490 1435 gestitque
1520 1349 1701 1414 coire

246 1470 316 1526 et
341 1463 570 1526 iacere
597 1483 898 1527 umorem
925 1462 995 1524 in
1025 1483 1275 1551 corpus
1306 1462 1393 1527 de
1423 1485 1713 1549 corpore
1744 1463 2048 1532 ductum:

244 1598 542 1663 namque
571 1577 992 1662 voluptatem
1019 1579 1362 1665 praesagit
1387 1586 1576 1643 muta
1604 1578 1850 1664 cupido
1870 1630 1884 1644 .

327 1692 525 1756 Haec
554 1690 789 1756 Venus
819 1699 927 1756 est
952 1692 1183 1756 nobis:
1205 1692 1362 1758 hinc
1392 1700 1684 1759 autemst
1709 1717 1971 1760 momen
2005 1701 2247 1764 amoris
2267 1752 2281 1776 ‚

248 1806 407 1870 hinc
432 1807 629 1871 illaec
646 1857 661 1871 .
682 1808 968 1893 primum
995 1804 1286 1873 Veneris
1317 1806 1691 1873 dulcedinis
1718 1809 1788 1873 in
1817 1831 1936 1875 cor

81 1938 195 1986 1000
258 1921 535 1986 stillavit
562 1927 757 2007 gutta
774 1972 790 1996 ‚
816 1928 884 1987 et
912 1923 1240 1987 successit
1266 1922 1512 2010 frigida
1541 1944 1735 1988 eura:

248 2058 401 2101 nam
432 2036 489 2100 si
518 2037 716 2102 abest
744 2037 933 2123 quod
961 2058 1123 2102 aves
1142 2087 1158 2114 ‚
1182 2047 1417 2125 presto
1446 2038 1802 2104 simulacra
1829 2048 2052 2106 tamen
2081 2051 2240 2107 sunt

248 2151 421 2216 illius
454 2158 521 2215 et
549 2173 794 2216 nomen
824 2152 1023 2218 dulce
1053 2154 1455 2220 obversatur
1485 2152 1575 2218 ad
1605 2155 1782 2219 auris
1804 2204 1818 2218 .

249 2265 372 2331 sed
397 2265 687 2353 fugitare
718 2267 918 2334 decet
945 2269 1302 2333 simulacra
1330 2277 1399 2333 et
1424 2269 1673 2357 pabula
1702 2270 1947 2335 amoris

248 2382 630 2446 absterrere
662 2383 788 2447 sibi
818 2361 1022 2470 atque
1051 2383 1180 2448 alio
1212 2391 1608 2449 convertere
1636 2391 1926 2449 mentem

83 2511 191 2557 1005
253 2504 320 2560 et
346 2497 570 2561 iacere
595 2519 894 2563 umorem
923 2499 1300 2564 conlectum
1327 2499 1396 2563 in
1426 2520 1718 2584 corpora
1746 2521 2050 2587 quaeque
2068 2552 2083 2578 ‚

245 2633 371 2676 nec
399 2613 694 2677 retinere
711 2662 728 2689 ‚
752 2614 956 2679 semel
986 2635 1383 2680 conversum
1411 2614 1608 2678 unius
1637 2635 1863 2679 amore
1880 2665 1896 2692 ‚

248 2735 317 2791 et
344 2748 618 2792 servare
647 2728 774 2793 sibi
805 2751 1032 2794 euram
1060 2736 1453 2816 certumque
1484 2728 1821 2794 dolorem:

244 2841 436 2906 ulcus
468 2843 641 2907 enim
669 2843 950 2909 vivescit
979 2852 1049 2909 et
1073 2844 1506 2911 inveterascit
1534 2844 1778 2910 alendo
1797 2894 1814 2920 ‚

241 2957 447 3042 inque
477 2956 623 3022 dies
652 2959 870 3045 gliscit
897 2958 1087 3024 furor
1115 2967 1320 3046 atque
1351 2982 1628 3024 erumna
1656 2961 1992 3046 gravescit
2010 3010 2025 3036 ‚

78 3087 187 3134 1070
248 3072 305 3136 81
331 3094 474 3136 11011
504 3074 718 3162 prima
743 3075 938 3139 novis
970 3074 1335 3141 conturbes
1363 3075 1644 3140 volnera
1669 3076 1885 3161 plagis

244 3187 735 3275 volgivagaque
764 3210 976 3276 vagus
1001 3187 1272 3255 Venere
1302 3198 1459 3255 ante
1487 3191 1786 3255 recentia
1816 3211 2011 3255 cures

242 3311 361 3367 aut
388 3302 518 3368 alio
545 3305 772 3391 possis
802 3304 1002 3369 animi
1029 3302 1387 3370 traducere
1414 3312 1638 3370 motus
1657 3355 1672 3369 .

324 3417 473 3483 Nec
499 3417 790 3484 Veneris
818 3418 1044 3484 fructu
1072 3420 1344 3484 caretis
1374 3421 1489 3505 qui
1515 3420 1688 3485 vitat
1715 3441 2004 3484 amorem
2022 3468 2038 3495 ‚

244 3532 369 3598 sed
396 3534 626 3622 potius
658 3556 831 3621 quae
861 3541 1023 3599 sunt
1051 3535 1194 3599 sine
1223 3556 1446 3620 poena
1475 3533 1827 3600 commoda
1854 3535 2084 3600 sumit:

78 3662 185 3710 1075
244 3670 397 3713 nam
428 3659 615 3715 certe
643 3662 884 3736 purast
911 3649 1092 3714 sanis
1119 3650 1329 3735 magis
1356 3648 1515 3714 inde
1544 3651 1859 3736 voluptas

245 3785 445 3850 quam
471 3766 733 3830 miseris
752 3814 765 3829 .
798 3765 1037 3830 etenim
1067 3763 1376 3851 potiundi
1408 3773 1710 3852 tempore
1737 3765 1806 3828 in
1832 3764 1982 3848 ipso

246 3878 530 3945 fluctuat
556 3881 830 3944 incertis
861 3880 1202 3946 erroribus
1231 3879 1438 3944 ardor
1468 3887 1805 3944 amantum
1823 3927 1840 3953 ‚

239 4016 366 4059 nec
396 4002 670 4060 constat
699 3994 863 4081 quid
891 3995 1173 4084 primum
1204 3995 1414 4060 oculis
1441 3995 1878 4080 manibusque
1905 3991 2246 4058 fruantur.

241 4108 428 4195 quod
458 4110 715 4198 petiere
736 4160 753 4186 ‚
775 4119 1087 4196 premunt
1115 4118 1259 4175 arte
1277 4160 1294 4186 ‚
1315 4110 1707 4206 faciuntque
1736 4106 2038 4174 dolorem

252 4390 380 4437 1058
412 4402 613 4439 nomen
648 4386 672 4454 ΙΙ
714 4392 847 4439 1059
886 4386 972 4439 ille
1009 4386 1030 4453 ΙΙ
1085 4393 1209 4439 1061
1250 4386 1443 4441 Namst
1481 4386 1503 4453 ΙΙ
1540 4403 1682 4439 ames
1723 4385 1745 4454 ΙΙ
1784 4390 1910 4437 1065
1950 4384 2248 4436 coniectum
2283 4383 2305 4450 ΙΙ
2352 4387 2479 4433 1068

250 4468 412 4523 Vicus
