3042 5192
831 1339 1906 1466 T.LUCRET1'CAR1

412 1610 646 1710 DE
775 1607 1409 1710 RERUM
1532 1607 2307 1746 NATURA

914 1811 1228 1916 LIBE‘R
1282 1851 1806 1932 QUARTUS.

1169 2085 1572 2092 ..fi-m

249 2321 513 2460 [Avia
541 2374 881 2441 Pieridum
908 2396 1195 2463 peragro
1224 2375 1376 2439 loca
1400 2374 1645 2439 nullius
1673 2386 1831 2440 ante

246 2492 399 2556 trita
430 2490 586 2555 solo
607 2539 621 2553 .
643 2490 830 2553 iuvat
854 2490 1156 2576 integros
1186 2485 1508 2553 accedere
1534 2486 1742 2553 fontis

245 2615 446 2691 atque
476 2605 749 2668 haurire
766 2653 781 2680 ‚
802 2604 1122 2689 iuvatque
1149 2624 1368 2668 novos
1400 2601 1765 2691 decerpere
1791 2603 1995 2668 flores

246 2721 707 2806 insignemque
733 2739 883 2783 meo
915 2719 1115 2806 capiti
1142 2727 1375 2804 petere
1402 2716 1561 2781 inde
1592 2739 1910 2783 coronam
1928 2769 1943 2797 ‚

169 2851 196 2894 5
250 2833 432 2898 unde
460 2834 649 2921 prius
676 2834 838 2897 nulli
865 2833 1152 2898 velarint
1178 2841 1486 2921 tempora
1511 2854 1775 2910 musae3

247 2950 532 3035 primum
562 2948 750 3034 quod
775 2950 1032 3035 magnis
1061 2947 1291 3012 doceb
1311 2947 1398 3011 de
1424 2948 1630 3012 rebus
1660 2955 1728 3011 et
1756 2949 1921 3013 artis

246 3064 642 3150 religionum
671 3064 956 3127 animum
984 3063 1184 3128 nodis
1215 3062 1563 3128 exsolvere
1590 3082 1803 3149 pergo
1821 3110 1839 3137 ‚

248 3176 495 3241 deinde
528 3176 714 3263 quod
743 3179 1032 3243 obscura
1062 3177 1149 3242 de
1174 3199 1250 3242 re
1276 3185 1417 3242 tam
1441 3175 1669 3241 lucida
1694 3197 1920 3263 pango

246 3290 543 3356 carmina
558 3342 573 3368 ,
594 3313 867 3356 musaeo
899 3292 1296 3379 contingens
1325 3299 1569 3356 cuncta
1596 3291 1827 3378 lepore
1846 3340 1860 3353 .

136 3421 188 3467 10
245 3405 317 3469 id
346 3426 623 3491 quoque
654 3406 825 3469 enim
850 3428 991 3471 non
1018 3408 1105 3471 ab
1134 3407 1318 3470 nulla
1344 3407 1608 3470 ratione
1634 3404 1934 3471 videtur:

239 3542 395 3585 nam
420 3519 660 3584 veluti
688 3523 915 3606 pueris
945 3521 1279 3586 absinthia
1303 3529 1526 3586 taetra
1551 3518 1900 3584 medentes

245 3655 397 3697 cnm
428 3633 594 3699 dare
625 3644 956 3701 conantur
973 3687 988 3714 ‚
1010 3637 1197 3724 prius
1227 3658 1381 3702 oras
1398 3684 1414 3712 ‚
1434 3635 1683 3723 pocula
1710 3636 1956 3700 circum
1974 3685 1990 3713 ‚

243 3749 645 3836 contingunt
671 3750 883 3815 mellis
913 3749 1091 3816 dulci
1116 3751 1431 3836 flavoque
1458 3751 1717 3835 liquore
1737 3799 1751 3826 ‚

244 3871 322 3927 ut
347 3885 715 3950 puerorum
744 3873 931 3930 aetas
958 3865 1313 3954 inprovida
1339 3864 1717 3930 ludificetur

132 3992 185 4036 15
244 3977 589 4043 labrorum
617 3986 815 4044 tenus
832 4028 848 4056 ‚
868 3981 1128 4046 interea
1152 3988 1474 4069 perpotet
1501 4000 1796 4044 amarum

243 4093 541 4158 absinthi
568 4093 833 4158 laticem
851 4143 867 4172 ‚
889 4094 1309 4184 deceptaque
1336 4116 1475 4159 non
1504 4095 1809 4181 capiatur
1826 4143 1841 4170 ,

242 4207 365 4272 sed
392 4209 623 4295 potius
651 4208 771 4273 tali
797 4218 1003 4296 pacto
1032 4218 1336 4275 recreata
1364 4209 1662 4275 valescat
1679 4259 1695 4287 ,

252 4452 285 4498 8
319 4447 526 4518 pando.
562 4449 585 4518 ΙΙ
628 4456 689 4503 14
728 4449 802 4503 Et
834 4452 857 4521 ΙΙ
902 4458 961 4504 17
999 4459 1173 4506 atacto
