3042 5192
1326 484 1393 548 V
2333 489 2473 557 295

245 659 502 721 caerula
515 706 533 737 ,
587 659 856 721 nondum
892 658 1141 742 Coqm'ta
1180 670 1456 723 terrenae
1470 708 1489 739 ,
1537 671 1883 747 pontemque
1924 664 2157 726 instare
2196 673 2445 748 neyaret
2458 710 2475 741 ,

247 756 357 817 Ad
387 756 652 840 puppim
693 778 910 818 sacrae
952 755 1190 820 cithara
1217 757 1486 821 eliciente
1513 759 1764 822 carinae
1792 760 2140 824 Adductum
2169 772 2351 825 caum
2376 785 2475 825 ve-

243 855 335 916 m't
359 876 535 917 mare
553 900 567 914 .
599 854 712 918 ubi
741 854 809 916 in
839 853 1025 917 libris
1058 860 1161 917 est
1176 866 1484 941 pontoque
1511 857 1748 920 intrare
1775 869 2093 942 neyarent.

416 951 554 1015 509.
599 952 984 1016 Momnus
1033 974 1491 1018 Asrnonuxu.
1543 954 1731 1033 Quae
1768 955 1947 1019 hunc
1976 977 2243 1020 versum
2282 978 2475 1043 prae-

243 1048 531 1124 cedunt,
572 1050 652 1113 iis
692 1051 1011 1114 continuo
1060 1051 1518 1115 subiciendum
1559 1060 1665 1116 est
1714 1054 2025 1139 Terraque
2066 1065 2135 1118 ut
2169 1055 2235 1117 in
2273 1055 2478 1119 media

244 1157 315 1211 ct
353 1155 580 1210 cetera
608 1148 729 1210 534
762 1196 778 1222 ‚
818 1169 1037 1232 neque
1066 1148 1236 1212 haec
1268 1149 1353 1212 de
1382 1151 1676 1214 motibus
1705 1157 2039 1214 astrorum
2081 1158 2281 1236 poeta
2305 1150 2477 1218 infra

243 1268 446 1309 versu
478 1246 600 1309 774
630 1253 696 1308 et
725 1246 1046 1330 proximis
1070 1256 1545 1312 commemorat
1563 1298 1576 1311 .
1606 1249 1833 1333 itaque
1855 1256 2140 1335 apparet
2164 1249 2275 1313 hic
2307 1271 2473 1335 quo-

243 1366 376 1429 que
407 1345 476 1407 in
506 1343 776 1408 schedis
806 1346 1114 1409 carminis
1146 1345 1587 1430 disponendis
1616 1367 1657 1409 a
1683 1347 1898 1432 primo
1932 1346 2191 1412 editore
2213 1396 2229 1423 ,
2275 1369 2474 1433 quem

241 1443 323 1521 Q.
345 1442 734 1506 Ciceronem
779 1441 987 1506 fuisse
1029 1465 1234 1528 supra
1278 1443 1416 1508 dixi
1445 1492 1462 1520 ‚
1518 1452 1870 1529 peccatum
1910 1467 2061 1509 esse
2091 1495 2104 1508 .
2157 1453 2475 1532 poterant

239 1549 468 1605 autem
494 1540 665 1605 haec
695 1540 893 1626 paulo
925 1542 1147 1627 aptius
1176 1551 1337 1628 post
1367 1564 1633 1606 versum
1664 1541 1786 1606 563
1817 1543 2163 1608 collocari.

411 1639 548 1702 513.
607 1639 810 1702 Inois:
868 1662 1119 1703 Auum
1175 1662 1435 1704 surnA
1492 1662 1802 1704 nux-:RE
1859 1664 2121 1717 arom:
2180 1664 2470 1705 ntum-

239 1760 335 1801 οε
353 1760 451 1800 RE
495 1759 589 1801 no
605 1760 764 1801 nem
783 1786 797 1800 .
850 1737 979 1800 Hic
1009 1743 1124 1801 aer
1144 1761 1265 1824 quo
1293 1739 1566 1802 imendat
1590 1760 1807 1824 neque
1831 1740 2287 1824 superioribus
2310 1761 2470 1804 con-

240 1837 491 1900 tinetur
519 1857 739 1920 neque
766 1837 846 1899 iis
878 1857 1049 1920 quae
1080 1845 1398 1901 secuntur
1422 1886 1435 1900 .
1477 1858 1633 1901 nam
1660 1859 1866 1902 versu
1893 1837 2199 1924 proximo
2231 1859 2470 1901 caven-

240 1933 399 1998 dum
451 1943 556 1997 est
604 1956 688 1996 ne
737 1933 902 1997 illud
954 1936 1088 2014 Quo
1137 1935 1504 2000 referamus
1557 1935 1647 2000 ad
1695 1938 1932 2015 eodem,
2002 1936 2136 2015 Quo
2182 1937 2471 2001 volvenda

237 2034 469 2097 micant
487 2035 717 2097 aeterni
733 2033 942 2096 sidera
962 2035 1176 2098 mmzdi
1189 2060 1212 2097 .·
1231 2055 1450 2120 neque
1475 2035 1648 2098 enim
1678 2033 1901 2098 sidera
1928 2057 2048 2120 quo
2079 2044 2148 2097 et
2174 2034 2243 2097 in
2272 2055 2469 2118 quem

239 2131 460 2194 locum
487 2129 844 2194 volvantur
874 2129 1094 2194 dicere
1124 2131 1492 2220 poterimus
1510 2180 1526 2206 ,
1570 2139 1638 2194 et
1679 2154 1757 2194 eo
1789 2153 1990 2195 versu
2020 2131 2331 2196 absoluta
2359 2137 2465 2195 ae-

238 2251 385 2292 rum
417 2228 834 2313 expositione
865 2250 1035 2315 opus
1079 2236 1184 2293 est
1214 2228 1302 2292 ad
1332 2228 1749 2292 efficiendum
1775 2228 1849 2291 id
1879 2228 2065 2313 quod
2095 2230 2466 2313 quaeritur,

237 2327 496 2390 scilicet
524 2350 593 2390 eo
619 2326 762 2389 fieri
798 2334 876 2390 ut
905 2326 1129 2390 sidera
1155 2327 1517 2391 volvantur
1547 2375 1560 2388 .
1604 2327 1737 2390 hoc
1769 2334 1989 2389 autem
2018 2347 2219 2390 versu
2249 2326 2369 2390 514
2400 2327 2467 2389 in

239 2426 389 2489 loco
423 2446 548 2488 suo
579 2424 879 2510 reposito
898 2474 914 2500 ‚
959 2424 1090 2488 hoc
1123 2432 1227 2489 est
1256 2433 1413 2511 post
1442 2425 1600 2500 516,
1644 2431 1927 2509 apparet
1951 2423 2134 2487 illum
2163 2424 2464 2508 superio-

235 2545 376 2587 rem
419 2529 638 2587 aerem
681 2523 987 2587 intendere
1032 2544 1403 2587 nnonsum
1444 2531 1514 2587 et
1556 2522 1912 2610 sphaeram
1949 2522 2126 2585 illam
2156 2522 2320 2587 caeli
2350 2521 2464 2585 de·

234 2622 523 2706 primere
555 2644 569 2684 :
622 2621 791 2684 alter
831 2620 1002 2683 enim
1031 2670 1047 2696 ‚
1101 2622 1217 2705 qui
1246 2623 1477 2686 subter
1519 2631 1626 2687 est
1652 2670 1669 2698 ‚
1720 2621 2005 2685 eundem
2039 2621 2204 2685 caeli
2234 2620 2465 2685 orbem

230 2719 555 2784 subvehere
585 2726 652 2782 et
680 2719 750 2781 in
779 2718 983 2782 altum
1013 2719 1248 2783 tollere
1279 2719 1520 2784 dicitur
1540 2769 1554 2782 .
1747 2797 1760 2810 .

404 2817 544 2880 515.
575 2815 744 2880 Aur
783 2839 1036 2879 Amen
1076 2839 1415 2894 sorren,
1459 2840 1776 2882 con-nm
1822 2839 2001 2894 Qu1s
2042 2838 2464 2882 squEflAT

233 2937 506 2980 onem(
525 2964 538 2977 .
582 2914 892 2978 Andreas
922 2914 1295 3000 Naugerius
1323 2920 1441 2981 Asc
1467 2918 1663 2980 alium
1692 2923 1762 2980 et
1790 2918 1898 3002 qui
1920 2915 2236 2994 subvehat,
2268 2935 2462 2999 quem

233 3014 442 3079 ceteri
487 3021 802 3077 secuntur
830 3061 844 3075 .
894 3012 1272 3077 debuerunt
1301 3014 1543 3099 ingrati
1583 3014 1887 3078 homines
1916 3021 2258 3076 auctorem
2289 3011 2462 3096 opti-

233 3135 413 3176 mum
453 3110 730 3175 laudare
768 3112 1050 3196 primum
1077 3161 1094 3186 ‚
1140 3110 1382 3175 deinde
1425 3112 1509 3176 ab
1542 3134 1622 3176 eo
1653 3112 1957 3197 accipere
1988 3132 2127 3186 QUI
2159 3132 2173 3172 ε
2219 3106 2345 3172 sed
2373 3119 2468 3172 ast

233 3211 705 3276 coniunctione
732 3210 1116 3274 Lucretium
1156 3230 1348 3274 usum
1389 3231 1531 3273 non
1573 3231 1720 3274 esse
1761 3209 1867 3273 his
1910 3208 2102 3274 annis
2141 3205 2463 3270 trecentis

231 3309 527 3393 intellegi
559 3309 780 3395 potuit
798 3358 811 3371 .
842 3330 1062 3393 neque
1087 3330 1166 3371 ea
1188 3308 1569 3372 coniunctio
1599 3308 1754 3372 huic
1782 3308 1934 3371 loco
1959 3303 2463 3371 accommodata

234 3415 338 3472 est
357 3458 373 3484 ‚
396 3406 522 3471 sed
545 3429 696 3471 cum
714 3407 1161 3491 praecesserit
1184 3407 1290 3471 Ex
1309 3418 1571 3494 utraque
1586 3409 1764 3492 parti
1795 3415 1863 3470 ct
1884 3406 2038 3469 Inde
2059 3405 2252 3468 alium
2270 3426 2464 3489 supra

213 3508 462 3597 fluere,
502 3506 883 3569 necessario
938 3506 1129 3591 sequi
1173 3506 1376 3570 debet
1417 3505 1633 3568 Hmc
1686 3513 1803 3568 aut
1852 3511 2034 3567 certe
2072 3502 2226 3566 Inde
2270 3503 2463 3565 alium

229 3616 468 3691 πρῖεν.
510 3604 580 3667 in
605 3604 740 3667 hoc
769 3625 1014 3688 genere
1054 3603 1235 3667 nulla
1277 3603 1648 3667 litterarum
1691 3599 2134 3666 similitudinis
2176 3607 2245 3663 et
2283 3606 2459 3662 cete-

233 3725 460 3767 rorum
481 3701 908 3766 artificiorum
928 3749 944 3775 ‚
973 3701 1041 3763 in
1066 3701 1307 3785 quibus
1332 3701 1456 3765 sibi
1484 3701 1788 3787 plerique
1819 3700 2120 3786 placent,
2150 3694 2462 3761 habenda

231 3802 406 3865 ratio
439 3809 544 3864 est
573 3848 588 3874 ,
628 3821 848 3884 neque
891 3798 1107 3862 dicam
1149 3820 1280 3862 Am·
1325 3821 1408 3862 ex
1449 3822 1596 3875 mc,
1639 3798 1824 3883 quod.
1855 3795 2227 3883 quadratus
2254 3795 2463 3859 habet

233 3919 442 3986 supra
467 3918 670 3960 versu
699 3897 822 3961 285
843 3945 858 3971 ‚
887 3896 1145 3960 facilius
1178 3917 1376 3981 quam
1405 3918 1490 3959 ex
1519 3919 1681 3961 mxc
1715 3896 1874 3960 oriri
1902 3895 2208 3982 potuisse
2227 3942 2242 3954 .

400 3996 540 4060 516.
591 3994 707 4059 Uzr
759 4017 1103 4058 novius
1154 4017 1517 4059 VERsAnE
1571 4016 1863 4059 ito-ras.
1922 3993 2127 4080 Apud
2170 3991 2457 4056 Nonium

233 4119 294 4180 p.
317 4094 469 4168 13‚8
509 4099 692 4157 recte
750 4092 828 4155 Ut
853 4114 1235 4166 ιτιυνιοε,
1295 4092 1477 4177 apud.
1513 4092 1846 4157 Isidorum
1888 4092 2213 4177 originum
2254 4089 2458 4165 xx‚15

237 4193 308 4256 [n
331 4193 562 4282 fluvio,
602 4189 726 4254 sed
765 4190 834 4253 in
865 4189 1101 4253 eodem
1131 4212 1336 4254 versu
1378 4190 1577 4254 iidem
1607 4213 1754 4255 cum
1783 4188 2180 4254 membranis
2208 4187 2460 4251 nostris

228 4301 473 4360 austra,
501 4309 637 4351 non
665 4288 918 4351 hau-stra
935 4337 949 4350 .
981 4299 1188 4352 austu-s·
1216 4287 1389 4351 infra
1416 4289 1485 4351 in
1512 4287 1649 4353 hoc
1678 4288 1848 4352 libro
1873 4287 2030 4351 1067
2056 4283 2458 4370 quadratus,

227 4388 442 4451 aurire
469 4386 536 4449 in
566 4386 709 4458 iv,3
739 4386 1072 4471 oblongus
1103 4433 1118 4456 ,
1164 4385 1340 4449 idem
1370 4388 1607 4451 examic
1630 4385 1699 4449 in
1728 4408 1817 4461 vi,
1839 4385 1997 4448 1140
2025 4430 2042 4458 ,
2087 4384 2256 4448 aur-it
2295 4403 2457 4466 qua·

228 4483 470 4548 (Iratus
497 4484 565 4547 in
594 4506 685 4558 νι,
707 4483 817 4547 141
843 4533 856 4547 .
