3042 5192
1323 479 1418 549 ΠΙ
2341 490 2478 559 149

416 648 555 713 170.
582 648 671 712 S1
702 672 950 714 minus
981 673 1384 717 orm-:unm
1405 676 1668 718 vri-Am
1698 677 1824 720 vls
1855 680 2221 725 nonam».
2253 684 2440 728 LETI
2463 715 2477 728 .

241 748 610 811 Corrector
658 747 976 832 quadrati
1021 758 1089 814 et
1116 748 1532 816 Veronensis
1575 751 1780 816 editio
1830 777 2026 820 orm:
2044 781 2147 821 nn
2163 782 2240 823 ιτ
2273 809 2286 823 .
2330 761 2475 825 Ma-

239 846 458 909 rullus
487 868 530 908 ·r
541 868 581 908 Β
596 868 636 908 1,
653 868 676 908 1
694 893 709 908 .

414 943 552 1007 172.
600 951 1124 1020 lrt‘anUETUR
1165 968 1551 1011 Lanouon
1592 970 2078 1025 TERRAEQUE
2119 974 2475 1035 rnnrus

235 1043 542 1105 Sumus
571 1090 588 1115 ‚
629 1064 722 1107 nr
763 1065 845 1106 m
882 1065 1148 1107 :ri-:anx
1189 1066 1511 1109 mnu-rus
1544 1068 1679 1122 QUI
1712 1069 2118 1113 mannua
2144 1073 2474 1120 AESTUS.

237 1139 685 1205 Correctores
725 1141 1167 1226 antiquissimi
1206 1166 1229 1206 1
1243 1166 1288 1206 N
1303 1165 1388 1207 sn
1403 1165 1501 1219 Qu
1516 1167 1541 1207 1
1557 1166 1653 1208 ru
1667 1167 1710 1207 a
1738 1193 1752 1208 .
1794 1167 2002 1231 porro
2043 1147 2113 1210 in
2157 1152 2473 1216 extremis

237 1245 428 1303 recte
454 1238 607 1302 Itali
646 1261 747 1302 me
764 1261 949 1303 uns
993 1251 1190 1305 aestm
1227 1241 1297 1303 in
1340 1248 1524 1305 terra
1561 1242 1841 1307 iacentis
1873 1291 1888 1307 .
1930 1244 2001 1307 in
2041 1244 2148 1309 his
2190 1247 2298 1310 alii
2328 1249 2471 1312 sine

234 1357 446 1400 causa
475 1335 845 1400 haeserunt
862 1386 878 1400 .
903 1336 1027 1402 sed
1049 1338 1164 1423 qui
1195 1345 1300 1402 est
1326 1338 1394 1402 in
1420 1339 1646 1403 medio
1674 1343 1971 1407 membro
1982 1346 2209 1428 petitu-⁵·
2235 1357 2470 1428 tem-ae,

233 1455 365 1497 nec
392 1434 816 1499 voluntarius
841 1442 946 1500 est
971 1456 1098 1500 nec
1122 1437 1329 1501 suavi-s·
1341 1462 1366 1520 ,-
1391 1437 1580 1522 quod
1608 1459 1757 1503 cum
1784 1440 2204 1528 intellegeret
2223 1443 2468 1509 Iohan-

231 1553 360 1597 nes
388 1532 590 1597 Iones
618 1581 635 1609 ,
677 1535 929 1598 amicus
957 1533 1361 1599 Wakefieldi
1378 1584 1394 1611 ‚
1423 1536 1851 1602 scribendum
1881 1540 2170 1605 coniecit
2198 1542 2431 1607 Saevus
2447 1567 2470 1606 .-

233 1629 364 1695 sed
402 1630 976 1697 accommodatius
1016 1639 1084 1696 et
1123 1633 1349 1697 verius
1388 1640 1492 1698 est
1521 1646 1842 1724 terraeque
1856 1638 2083 1722 petitus
2113 1638 2430 1705 Surrus
2448 1690 2464 1704 .

228 1752 501 1816 sappum
552 1737 822 1794 veteres
872 1752 999 1815 pro
1050 1732 1267 1816 supino
1322 1731 1577 1797 dixisse
1618 1733 1863 1799 Festus
1919 1743 2208 1801 testatur
2261 1738 2464 1802 allato

230 1849 442 1891 versu
482 1827 719 1892 Lucilii
744 1875 760 1902 ‚
798 1828 1027 1913 itaque
1066 1828 1419 1894 Lucretius
1456 1831 1604 1917 ipse
1636 1879 1653 1906 ‚
1698 1853 1816 1897 eos
1860 1834 1976 1918 qui
2012 1834 2082 1898 in
2120 1835 2465 1920 glossariis

227 1925 536 1990 Labbaei
565 1949 628 2012 p.
649 1927 687 1989 7
720 1933 790 1991 et
817 1926 859 1991 8
888 1927 1308 2013 adversipedes
1339 1930 1762 2017 appellantur
1792 1933 2141 2018 exagitans
2159 1982 2175 2009 ‚
2200 1933 2369 1998 dixit
2394 1935 2465 1999 in

230 2049 275 2101 1,
297 2025 457 2090 1061
481 2027 782 2090 ωείνηαῖἰα
795 2048 997 2111 suffla
1010 2029 1256 2112 vayari,
1280 2029 1397 2093 ubi
1413 2037 1836 2094 correctores
1854 2029 2162 2095 codicum
2177 2031 2464 2095 Leiden-

229 2123 403 2187 sium
423 2123 727 2209 imperite
740 2123 1049 2189 fecenmt
1066 2148 1261 2211 supra
1277 2174 1291 2188 .
1313 2126 1471 2189 hinc
1490 2150 1759 2213 suppare
1780 2148 1904 2212 pro
1925 2130 2219 2214 supina-re
2236 2128 2465 2194 Attius

229 2220 423 2307 apud
439 2220 730 2287 Nonium
747 2247 812 2310 p.
826 2221 967 2300 200,
984 2222 1096 2304 33,
1123 2223 1426 2312 Obtorque
1436 2247 1729 2310 proram,
1755 2248 1830 2288 ac
1849 2248 2050 2311 summ
2070 2237 2256 2291 tortas
2278 2249 2463 2312 copu-

227 2321 368 2403 las,-
398 2320 589 2407 quod
609 2321 974 2387 lexicorum
997 2321 1384 2387 conditores
1413 2330 1599 2387 recte
1626 2322 2013 2408 intellegere
2043 2324 2420 2387 noluerunt.

403 2419 545 2483 176.
579 2418 992 2484 Conroms
1025 2441 1396 2497 quonum
1427 2443 1668 2485 ‘rnms
1697 2471 1711 2484 .
1758 2420 2118 2487 Corrector
2149 2421 2465 2508 quadrati

231 2524 304 2581 et
330 2516 487 2581 Itali
517 2516 987 2583 Coaroams
1008 2568 1022 2582 .

402 2615 541 2680 183.
584 2615 822 2694 Quam
865 2639 938 2681 s1
983 2639 1188 2681 unns
1231 2638 1451 2682 rimu
1497 2639 1909 2682 raoromr
1950 2641 2045 2682 ΕΤ
2089 2641 2458 2684 menoxr

226 2736 415 2779 11’8A
449 2763 464 2777 .
507 2713 718 2779 Recte
749 2714 1212 2780 Wakefieldus
1249 2716 1452 2795 Quam
1492 2737 1659 2779 s1s1
1688 2718 1987 2802 prqaomft
2010 2764 2024 2779 .
2064 2718 2161 2781 ita
2196 2738 2461 2803 semper

223 2813 588 2877 Lucretius
614 2837 630 2876 ε
673 2811 829 2876 vide
867 2813 1064 2878 huius
1105 2814 1258 2877 libri
1296 2835 1567 2877 versum
1605 2814 1726 2877 627
1759 2822 1828 2878 et
1854 2814 1978 2878 879
2008 2862 2022 2877 .
2064 2837 2285 2901 neque
2320 2819 2461 2901 ipsa

221 2911 528 2997 intellegi
554 2917 818 2997 potest,
845 2911 973 2976 nisi
992 2910 1126 2976 hoc
1151 2910 1314 2975 dicit
1330 2959 1346 2987 ,
1376 2912 1845 2997 cogitationem
1876 2913 2214 2977 celerrime
2239 2914 2458 2999 ipsam

223 3010 354 3075 sibi
383 3009 531 3074 fieri
556 3031 939 3097 proponere
970 3016 1039 3075 et
1064 3010 1209 3074 fieri
1233 3010 1560 3094 incipere.

401 3108 541 3173 188.
585 3106 929 3171 Momm:
974 3130 1109 3172 στι
1162 3129 1428 3172 rxavo
1482 3129 1829 3171 rossmr
1862 3157 1876 3171 .
1924 3107 2130 3195 Apud
2172 3108 2454 3173 Paulum

221 3209 588 3274 diaconum
618 3228 704 3271 ex
731 3206 934 3271 Festo
964 3208 1136 3272 libro
1165 3230 1237 3270 xr
1280 3206 1553 3271 codices
1584 3206 1738 3269 olim
1764 3206 2108 3292 impressi,
2140 3228 2181 3270 a
2210 3206 2454 3292 quibus

220 3330 363 3394 quo
388 3308 534 3371 iure
556 3305 1054 3369 Lindemannus
1075 3305 1238 3392 p.98
1265 3305 1465 3390 longe
1495 3305 1852 3369 secesserit
1881 3304 2104 3370 dicere
2131 3328 2270 3371 non
2291 3328 2451 3392 pos·

219 3428 376 3470 sum
401 3454 418 3481 ‚
459 3404 710 3469 Momen
734 3453 753 3486 ,
796 3414 1161 3469 momentum
1192 3452 1206 3466 .
1251 3404 1476 3468 Lame.
1511 3404 1782 3468 ⁴Homine
1816 3404 1872 3466 si
1907 3428 1949 3468 a
1977 3427 2179 3490 parvo
2196 3417 2455 3490 possunt

217 3506 495 3591 &ussuka
523 3504 753 3567 moveri
771 3551 785 3565 .

399 3601 539 3666 198.
583 3602 697 3665 Ar
729 3622 1051 3665 conum
1080 3622 1449 3665 marinum
1479 3621 1953 3664 comncrum
1993 3622 2446 3664 smcxntm-

218 3723 377 3778 our:
418 3699 483 3764 N
503 3721 714 3763 omen
756 3720 1059 3763 rori-:er
1093 3746 1107 3761 .
1155 3698 1285 3763 Hic
1324 3699 1607 3784 primum
1650 3698 2026 3763 observabo
2056 3698 2449 3763 Lambinum

214 3798 522 3865 absurde
552 3805 791 3862 contra
819 3797 1126 3862 codicum
1153 3796 1621 3861 auctoritatem
1651 3797 2001 3881 scripsisse
2024 3798 2213 3862 Nema
2243 3804 2312 3861 et
2339 3797 2451 3861 hic

214 3905 288 3963 et
306 3900 382 3962 in
404 3920 495 3971 w,
511 3895 633 3960 712
651 3921 668 3973 3
699 3918 892 3982 quem
914 3894 1371 3982 lexicographi
1393 3903 1728 3969 secuntur,
1757 3896 1927 3959 male
1953 3894 2449 3960 dissimulantes

215 3996 407 4084 apud
448 3995 743 4060 Nonium
780 4018 847 4080 p.
884 3994 1002 4058 143
1045 4014 1194 4057 esse
1236 4017 1496 4057 noenum
1529 4042 1548 4072 ,
1585 3993 1656 4056 in
1704 3994 1996 4078 antiquis
2042 3993 2447 4058 editionibus

213 4119 459 4160 nomon
493 4144 508 4157 .
549 4093 1017 4180 grammaticus
1059 4099 1128 4156 et
1160 4114 1358 4155 noenu
1386 4089 1838 4155 adnotaverat
1866 4112 1951 4154 ex
1978 4090 2232 4156 Lucilio
2265 4100 2335 4155 et
2364 4113 2449 4155 ex

213 4193 556 4258 Varronis
596 4191 882 4278 epistula
915 4214 1176 4255 noenum
1207 4216 1229 4253 .·
1271 4213 1468 4253 noenu
1506 4210 1735 4252 errore
1767 4188 2188 4254 librariorum
2216 4190 2444 4274 periit.

215 4291 689 4378 diphthongus
712 4296 935 4354 autem
960 4290 1031 4354 in
1051 4288 1157 4353 his
1178 4288 1505 4353 rationem
1524 4287 1734 4353 habet
1749 4334 1765 4364 ,
1796 4307 1945 4351 cum
1971 4310 2231 4352 noenum
2250 4309 2450 4351 noe-nu

218 4390 364 4454 sive
405 4412 530 4453 non
571 4387 737 4452 nihil
779 4386 961 4451 aliud
1000 4388 1090 4452 sit
1133 4408 1335 4472 quam
1371 4411 1448 4451 ne
1487 4409 1707 4451 oenum
1731 4434 1750 4466 ‚
1789 4383 1925 4449 hoc
1956 4393 2061 4450 est
2086 4407 2197 4449 nec
2222 4408 2413 4447 unum
2430 4434 2444 4447 .

217 4489 475 4574 primus
515 4487 611 4552 ita
639 4535 653 4562 ‚
699 4494 1020 4573 quantum
1065 4486 1205 4551 scio
1234 4533 1251 4562 ‚
1290 4485 1580 4549 Iacobus
1623 4484 1975 4548 Grimmius
2022 4482 2339 4548 iudicavit
2378 4483 2444 4546 in
