3042 5192
658 426 794 494 130
1737 423 1800 491 11

647 598 905 663 facilius
934 597 1342 682 pinguescit.
1369 603 1645 669 ·‚cetera
1686 596 1755 659 in
1786 597 2080 708 quibus'
2055 621 2079 660 1
2108 598 2330 662 littera
2356 606 2484 673 est,
2516 600 2653 664 huic
2676 604 2798 667 sub-

645 700 887 763 iectam
930 695 1185 760 habent
1226 696 1504 759 brevem
1532 696 1832 759 vocalem
1879 695 2025 760 sive
2056 696 2307 760 solam
2291 719 2357 760 111
2387 698 2525 783 ipso
2551 700 2799 764 vocabuli

647 798 806 867 fine,
829 796 1100 858 dominia
1123 815 1417 878 caym-za,
1442 793 1587 856 sive
1611 815 1760 857 cum
1781 813 1918 856 una
1938 793 2330 880 pluribusve
2352 798 2800 861 consonantibus

650 895 1106 965 coniunctam,
1137 891 1386 956 libemus
1409 893 1934 979 mendaciloquius
1961 891 2152 956 abiete
2178 894 2422 979 faciant
2443 895 2684 957 oriundi.
2708 892 2800 957 sed

651 1010 824 1077 quae
851 990 958 1053 his
989 989 1316 1053 simillima
1344 996 1502 1053 sunt
1528 1012 1573 1052 u
1604 998 2085 1055 consonantem
2113 991 2438 1078 recipiunt
2458 1000 2521 1056 et
2541 991 2801 1078 syllabam

652 1091 918 1175 longam
935 1136 951 1163 ‚
975 1112 1173 1174 yenva
1201 1089 1385 1152 tenvis
1413 1097 1612 1152 tenvia
1639 1098 2060 1153 extenvantur.
2090 1089 2250 1154 item
2278 1092 2304 1153 i
2328 1090 2596 1153 litteram
2620 1110 2802 1152 omnes

650 1210 691 1252 a
708 1187 1005 1273 Vergilio
1027 1192 1270 1272 poetae
1299 1186 1715 1271 pinguiorem
1743 1186 2050 1251 fecerunt
2080 1196 2239 1252 ante
2260 1187 2545 1252 vocalem
2569 1188 2802 1257 brevem,

647 1296 724 1350 ut
754 1285 1059 1349 dicerent
1085 1284 1300 1370 prima
1327 1282 1665 1370 producta
1692 1285 2007 1349 Abietilms
2043 1286 2286 1352 iuvenes
2306 1336 2326 1368 ,
2364 1288 2590 1350 Arietat
2609 1287 2665 1348 in
2688 1308 2802 1370 por-

647 1397 740 1449 tas
753 1434 770 1465 ‚
800 1387 1074 1447 imm-unt
1100 1382 1291 1445 abiete
1320 1393 1543 1462 costas,
1562 1382 1899 1466 puhabemt
1923 1385 2112 1446 ariete
2136 1408 2375 1466 meaos,
2414 1386 2627 1471 Templi
2638 1385 2802 1469 parie-

646 1483 800 1546 tibus
838 1483 929 1544 tui
971 1482 1174 1544 notavi
1194 1527 1211 1558 ,
1259 1479 1562 1544 Laeserat
1598 1481 1839 1565 abieym’
1865 1528 1879 1542 .
1927 1488 2132 1565 atque
2175 1484 2351 1544 omni
2376 1492 2649 1569 tempore
2670 1479 2805 1545 idem

650 1583 1102 1646 observarunt
1136 1579 1252 1642 ubi
1282 1578 1537 1642 vocalis
1566 1586 1810 1643 natura
1848 1577 2048 1664 longa
2078 1579 2413 1663 sequitur,
2440 1588 2514 1641 ut
2536 1580 2804 1665 Vergilius

649 1678 1008 1742 Fluviorum
1037 1701 1150 1741 rex
1177 1725 1195 1756 ‚
1237 1676 1565 1739 Horatius
1607 1676 1686 1739 Ut
1711 1677 2040 1740 Nus-idioti
2062 1724 2081 1757 ,
2125 1676 2384 1741 Statius
2424 1675 2619 1739 Theb.
2634 1674 2803 1749 mm

644 1778 749 1840 ubi
777 1778 993 1840 limina
1009 1777 1230 1862 patrui
1253 1824 1267 1851 ‚
1313 1774 1515 1839 Silius
1542 1777 1791 1839 εἰηυαίίε
1816 1776 2046 1839 sinvato
2074 1777 2351 1840 sineatur
2376 1798 2463 1850 v1‚
2477 1774 2588 1837 226
2614 1770 2804 1843 v11‚503

645 1874 879 1949 x‚182,
913 1874 1172 1938 Seneca
1199 1874 1268 1937 in
1299 1872 1546 1938 Medea
1577 1873 1736 1938 1052
1769 1874 2002 1938 Sceleri
2026 1876 2245 1938 modus
2273 1874 2512 1938 debetur
2535 1873 2629 1937 ubi
2645 1869 2806 1957 facias

641 1973 880 2054 scelus,-
924 1994 1207 2057 quorum
1234 1972 1369 2036 hoc
1396 1982 1809 2058 postremum
1848 1972 1918 2034 in
1948 1973 2174 2057 primis
2205 1980 2508 2058 apertum
2535 1977 2630 2034 est
2650 2016 2664 2043 ,
2698 1986 2807 2029 cum

647 2092 727 2134 eo
757 2070 909 2135 loco
951 2071 1246 2156 positum
1276 2071 1366 2135 sit
1396 2070 1502 2133 cui
1530 2068 1642 2133 hic
1679 2075 1883 2154 poeta
1922 2079 2366 2156 anapaestum
2405 2078 2470 2134 et
2507 2064 2807 2154 spondeum

644 2169 880 2233 tribuit
924 2167 1111 2233 solos
1159 2170 1346 2252 (nam
1377 2166 1663 2231 Medeae
1702 2188 1941 2232 versus
1984 2167 2105 2232 512
2152 2177 2220 2234 et
2249 2169 2421 2243 709,
2460 2167 2727 2253 nepotibus
2761 2171 2807 2224 et
2936 2230 2937 2239 ,

653 2268 1036 2341 Promethei,
1079 2268 1239 2330 item
1278 2266 1347 2329 in
1382 2264 1689 2377 Thyeste
1724 2265 1841 2328 115
1872 2265 2300 2347 PhoronideS,
2342 2268 2411 2331 in
2441 2264 2699 2330 Troasin
2723 2259 2809 2325 195
2936 2256 2937 2337 f

642 2363 1005 2450 Polyxena,
1041 2363 1199 2427 1030
1230 2364 1590 2443 cacmnine,
1631 2363 1700 2425 in
1728 2362 2023 2428 Hercule
2065 2363 2279 2429 altero
2315 2365 2439 2430 804
2475 2361 2810 2450 &plum-ides,

642 2463 1144 2525 excusationem
1182 2459 1523 2545 habent):
1571 2468 1977 2548 anapaestus
2019 2483 2169 2526 esse
2209 2485 2354 2527 non
2390 2469 2649 2551 potest,
2692 2477 2811 2542 ergo
2936 2482 2937 2541 ῃ

641 2559 989 2646 spondeus
1034 2565 1140 2622 est
1159 2559 1421 2647 facias.
1466 2580 1552 2622 ex
1595 2558 1700 2623 his
1742 2568 2026 2645 apparet
2062 2560 2246 2647 apud
2277 2563 2567 2626 comicos
2593 2556 2814 2646 beneficw'

640 2657 907 2720 tertiam
935 2658 1204 2742 longam
1233 2654 1524 2732 habere,
1568 2657 1770 2720 item
1753 2680 1823 2720 m
1852 2657 2170 2723 Heauton
2200 2659 2635 2725 timorumeno
2660 2651 2811 2731 1,1,11

639 2757 871 2839 conjcio
901 2754 1301 2873 trisyllabon
1328 2753 1553 2818 media
1579 2753 1919 2842 producta
1960 2755 2325 2822 dicendum
2369 2780 2550 2833 esse,
2574 2758 2690 2820 Aut
2707 2753 2816 2839 plu-⁹

638 2877 754 2933 e0‚
797 2865 867 2917 ut
893 2854 1143 2918 conicio.
1161 2876 1384 2939 ayo-um
1410 2854 1478 2916 in
1516 2853 1614 2916 his
1639 2854 2025 2938 reqiouibus,
2072 2862 2141 2919 et
2168 2860 2448 2922 contineo
2474 2853 2679 2920 media
2698 2870 2816 2939 pro·

637 2951 900 3016 ducta
883 2974 952 3016 m
981 2951 1368 3016 Trinummo
1413 2974 1509 3028 111,
1526 2951 1583 3027 3,
1597 2951 1725 3027 75,
1775 2952 2060 3016 Coneinvo
2098 2954 2332 3039 operito
2361 2958 2596 3034 denum,
2634 2958 2817 3015 contra

637 3049 822 3139 apud
852 3050 1243 3115 Terentium
1254 3050 1511 3138 faciant
1534 3071 1661 3135 pro
1689 3051 1910 3114 i‘ambo
1927 3099 1941 3113 .
1970 3052 2289 3139 mdleficus
2320 3053 2522 3118 tertia
2545 3053 2728 3136 longa
2748 3044 2818 3109 di·

636 3147 924 3213 cendum
976 3149 1064 3213 sit
1113 3168 1199 3210 an
1247 3148 1542 3236 mdlqficis
1593 3145 1887 3211 dubitari
1946 3155 2177 3232 potest
2234 3158 2524 3238 propter
2573 3171 2646 3213 ea
2689 3163 2817 3231 quae

637 3247 1038 3310 enumerabo
1070 3244 1159 3309 ad
1186 3245 1428 3310 librum
1455 3245 1615 3321 v‚85
1648 3268 1663 3307 τ
1701 3266 1922 3331 11811118
1963 3245 2135 3310 enim
2160 3250 2359 3332 pretii
2396 3270 2526 3335 pro
2567 3242 2821 3335 spondeo

633 3350 901 3407 veteres
929 3364 1245 3427 umquam
1272 3343 1379 3407 usi
1409 3350 1569 3407 sunt
1600 3392 1615 3419 ,
1659 3341 1783 3406 sed
1813 3342 2130 3408 dixerunt
2144 3350 2317 3431 preti
2341 3397 2362 3427 ,
2406 3369 2535 3412 nec
2574 3341 2820 3434 benefica,

632 3439 756 3503 sed
785 3441 1032 3529 benefici
1061 3490 1075 3504 .
1124 3463 1295 3526 quae
1323 3441 1624 3505 vocalem
1654 3440 1911 3506 habent
1940 3464 2089 3506 cum
2116 3467 2179 3507 m
2205 3445 2275 3509 in
2303 3445 2441 3511 fine
2472 3495 2488 3523 ‚
2533 3452 2679 3511 ante
2704 3461 2823 3528 syn·

633 3538 1046 3624 ecphonesin
1089 3539 1375 3626 produci
1420 3540 1924 3605 observabimus
1967 3540 2057 3604 ad
2107 3541 2349 3607 librum
2381 3545 2636 3621 111‚917‚
2663 3540 2822 3605 avum

630 3637 949 3700 consilium
987 3639 1334 3702 Comei-ium
1362 3664 1384 3701 .·
1424 3660 1645 3724 neque
1674 3638 1867 3703 aliter
1897 3640 2244 3705 scaenicos
2282 3643 2637 3733 hbroeficitim
2660 3646 2825 3705 tetra-

627 3734 938 3820 syllabon
969 3733 1219 3800 dixisse
1251 3737 1558 3800 existimo
1588 3785 1602 3799 .
1647 3737 1742 3800 ita
1769 3736 2050 3803 Plautus
2071 3740 2323 3826 faciam
2353 3740 2620 3806 duabus
2648 3733 2823 3819 longis

622 3833 693 3894 in
723 3830 1113 3897 Trinummo
1146 3855 1245 3909 111,
1260 3834 1319 3909 3,
1335 3833 1413 3896 77
1446 3834 1546 3898 Ita
1572 3834 1823 3922 fdciam
1842 3884 1857 3899 .
1900 3848 1968 3900 at
2004 3837 2166 3900 eni-m
2192 3841 2360 3902 nim?
2391 3841 2574 3925 lonyo
2598 3854 2827 3903 ser-mmm

619 3930 880 3992 utivnur.
919 3929 1052 3994 hoc
1082 3953 1245 3995 vero
1265 3980 1281 4005 ‚
1309 3938 1387 3995 ut
1407 3932 1625 4019 facias
1654 3941 1722 3997 et
1750 3936 1956 3998 avium
1985 3934 2200 3999 eidem
2228 3938 2506 4023 regulae
2538 3934 2823 4002 subician-

619 4034 732 4089 tur
760 4073 776 4101 ‚
820 4048 899 4090 eo
929 4029 1072 4093 fieri
1114 4037 1281 4116 puto
1316 4028 1503 4115 quod
1530 4054 1594 4093 m
1620 4030 1817 4096 finale
1862 4032 2130 4120 longam
2159 4035 2494 4122 syllabam
2534 4034 2692 4099 facit
2716 4030 2825 4095 sive

619 4123 1065 4208 producenda
1093 4128 1311 4192 vocali
1356 4129 1594 4213 (quam
1624 4136 1847 4195 tamen
1878 4154 1952 4197 se
1979 4131 2381 4218 productam
2413 4133 2649 4199 audire
2677 4128 2824 4193 Pris-

614 4222 849 4288 cianus
877 4234 1083 4311 negat
1112 4251 1174 4313 p.
1193 4225 1410 4310 781,8)
1442 4227 1584 4291 sive
1614 4229 1905 4296 obscuro
1937 4252 2110 4295 sono
2141 4254 2292 4297 cum
2316 4234 2545 4298 vocali
2576 4228 2753 4318 quasi
2776 4225 2825 4287 in

618 4318 1112 4409 diphthongum
1143 4324 1565 4389 coalescente
1597 4352 1612 4402 ;
1658 4327 1844 4412 quod
1872 4330 1939 4392 ni
1968 4330 2225 4394 faceret
2251 4380 2266 4406 ‚
2304 4353 2533 4417 neque
2563 4331 2629 4394 in
2656 4342 2824 4391 versu

614 4419 826 4484 omitti
848 4442 1069 4507 neque
1093 4422 1346 4487 hiatum
1367 4423 1590 4489 facere
1611 4435 1851 4512 posset
1866 4476 1880 4503 ‚
1907 4428 2111 4514 quiin
2135 4429 2321 4494 brevi
2344 4430 2612 4516 syllaba
2633 4423 2824 4492 nullus
