3042 5192
680 467 816 536 170
1742 465 1837 533 ΠΙ

669 640 986 705 vertisset
1011 687 1027 712 ,
1072 639 1185 725 qui
1216 645 1374 702 ante
1412 638 1654 703 librum
1683 646 1993 722 quartum
2016 687 2033 714 ‚
2081 658 2217 723 quo
2250 635 2337 701 de
2365 639 2727 705 simulacris
2747 640 2835 706 dis-

669 738 932 826 putavit
948 787 963 815 ‚
991 736 1232 801 horum
1259 757 1346 799 ne
1373 737 1639 800 nomine
1664 735 1930 821 quidem
1957 737 2058 801 uti
2077 736 2368 801 voluerit
2384 785 2398 799 .
2419 759 2575 801 nam
2598 741 2836 825 quamvis

669 837 963 902 Lucilius
982 883 997 911 ‚
1028 834 1272 899 doctus
1300 833 1504 898 homo
1532 882 1548 909 ‚
1595 836 1789 919 quasi
1819 834 1906 899 de
1935 857 2009 899 re
2041 844 2207 900 nota
2236 835 2520 902 dixisset
2550 838 2762 903 Eidola
2780 851 2836 902 at·

670 959 787 1023 que
816 945 1047 999 atomus
1071 934 1312 996 vincere
1341 933 1608 1018 Epwm·
1633 934 1835 997 volam
1863 933 2072 1022 (apud
2092 934 2384 999 Nonium
2404 958 2468 1021 p.
2480 936 2652 1021 478),
2680 945 2838 1001 tamen

669 1034 803 1098 hoc
845 1031 1023 1095 idem
1062 1031 1350 1118 physica
1392 1029 1748 1095 docentem
1786 1053 1927 1095 non
1970 1030 2300 1096 decebat.
2348 1040 2643 1098 ceterum
2674 1055 2839 1098 exeo·

670 1133 822 1197 dem
850 1131 1085 1195 Lucilii
1110 1131 1283 1195 libro
1311 1153 1533 1193 xxvm
1557 1129 1817 1194 Nonius
1842 1131 1970 1193 alia
1993 1130 2324 1215 quaedam
2345 1130 2435 1195 ad
2452 1131 2840 1220 philosophos

668 1231 1073 1320 pertinentia
1098 1229 1387 1293 rettulit.
1426 1249 1489 1313 p.
1503 1227 1645 1303 237,
1661 1229 1701 1291 6
1742 1228 2059 1293 Socratem
2105 1230 2375 1309 Quidam
2411 1241 2675 1317 tyr-amm
2722 1232 2842 1293 mni-530

667 1331 1053 1414 Aristippum
1081 1337 1428 1391 autumant.
1462 1325 1549 1389 (16
1571 1325 1958 1391 Xenocrate
1985 1349 2050 1412 p.
2066 1328 2209 1403 410,
2226 1329 2264 1391 7
2285 1329 2466 1392 Adde
2496 1329 2730 1408 eodem,
2754 1331 2841 1392 tris-

668 1429 744 1490 tis
770 1449 847 1490 ae
882 1449 1121 1490 severus
1148 1424 1576 1510 philosophus.
1625 1422 1714 1486 (16
1758 1424 1994 1489 6ο(16111
2030 1450 2097 1512 p.
2113 1426 2237 1490 414
2267 1427 2601 1491 Polemona
2643 1427 2841 1501 amant,

665 1537 857 1589 morte
883 1525 1026 1588 huie
1052 1524 1384 1587 transmisit
1402 1545 1582 1586 suam
1612 1522 1872 1587 Scholen
1899 1548 2087 1612 quam
2113 1526 2352 1589 die-mat.
2401 1523 2581 1588 adde
2610 1524 2842 1589 Nonium

668 1648 730 1710 p.
744 1623 886 1699 280,
904 1622 980 1686 10
1007 1620 1246 1698 318,18
1275 1619 1415 1694 289,
1428 1620 1509 1684 26
1529 1668 1543 1694 ‚
1572 1620 1869 1686 Probum
1899 1620 1991 1685 ad
2020 1622 2137 1686 ecl.
2151 1644 2216 1707 p.
2235 1623 2330 1698 18,
2347 1622 2424 1686 16
2444 1670 2459 1684 .

833 1720 973 1784 431.
1007 1719 1236 1799 Quoi)
1282 1740 1542 1782 onnus
1588 1742 1672 1782 11(
1716 1741 2017 1784 somus
2047 1768 2063 1796 ‚
2121 1742 2391 1784 somn
2432 1743 2571 1784 UBI
2616 1741 2843 1785 cmun-

669 1841 818 1884 mus
862 1840 1073 1882 ALrA
1119 1815 1509 1880 EXALARE
1553 1838 1857 1880 wiron:
1899 1839 2262 1882 Ana-Ama
2302 1840 2718 1894 mmmmm:
2753 1839 2842 1881 ru·

665 1918 863 1981 111111.
887 1915 999 1979 Ad
1025 1916 1266 1980 librum
1294 1937 1363 1990 11,
1382 1914 1502 1978 194
1533 1913 1735 1980 docui
1755 1915 1994 1980 Latine
2021 1938 2159 1981 non
2188 1916 2320 1980 dici
2344 1918 2526 1996 Quod
2543 1939 2732 2002 yeme
2752 1916 2844 1992 ubi,

667 2015 791 2081 sed
828 2016 1007 2095 Quod
1026 2037 1216 2100 qenus
1244 2025 1329 2078 est
1365 2014 1473 2077 ubi
1501 2062 1517 2077 .
1556 2022 1910 2100 praeterea
1936 2014 2289 2080 Lucretius
2329 2015 2484 2080 alibi
2528 2014 2697 2079 dixit
2728 2014 2844 2100 eopi-

665 2129 791 2180 tum
818 2116 1043 2201 quiete,
1075 2114 1216 2191 leto,
1248 2123 1543 2177 castoreo.
1578 2134 1738 2198 ergo
1768 2113 1881 2177 hic
1910 2112 2336 2179 scribendum
2366 2122 2472 2178 est
2506 2114 2687 2193 Quod
2700 2134 2846 2199 yemoe

665 2237 841 2290 asr,
881 2214 1107 2277 somnis
1132 2213 1310 2297 sopiti
1336 2212 1440 2274 ubi
1468 2212 1803 2275 cernimus.
1837 2211 1961 2277 sed
1988 2233 2195 2298 porro
2229 2213 2359 2276 alta
2395 2212 2629 2276 altaria
2654 2213 2845 2276 nimiae

667 2311 1104 2398 simplicitatis
1159 2310 1446 2396 speciem
1495 2311 1825 2394 praebent
1854 2359 1870 2387 ,
1921 2332 2142 2396 neque
2188 2310 2507 2395 intellego
2552 2307 2846 2395 quomodo

668 2409 1422 2497 altariaferantfumum.
1453 2409 1683 2493 itaque
1716 2458 1731 2485 ‚
1769 2417 1849 2473 ut
1878 2408 2181 2473 dematur
2212 2405 2399 2494 quod
2428 2416 2735 2493 superest
2757 2456 2770 2482 ,
2804 2412 2847 2469 et

666 2506 853 2593 quod
883 2506 1078 2569 deest
1102 2505 1671 2591 reprehendatur,
1708 2505 2026 2570 faciemus
2056 2529 2152 2569 AI.
2170 2529 2263 2569 ΤΕ
2296 2507 2410 2571 ubi
2440 2513 2548 2569 est
2576 2508 2725 2588 alta,
2761 2506 2848 2569 alte
2954 2498 2955 2509 ¹

666 2607 959 2672 exhalare
982 2606 1281 2691 fem-eque
1311 2654 1323 2667 .
1367 2612 1712 2690 postremo
1741 2609 1811 2670 in
1838 2606 2010 2671 libro
2039 2604 2236 2680 v‚253
2267 2612 2371 2669 est
2400 2604 2674 2669 Pulveris
2698 2603 2847 2668 etha-
2954 2612 2955 2635 ³

665 2707 755 2769 lat
777 2705 1088 2783 nebulam,
1117 2703 1275 2765 item
1297 2703 1420 2766 463
1447 2703 1727 2769 Exalare
1755 2705 1927 2769 lacus
1943 2705 2257 2783 nebulam,
2282 2703 2436 2767 alibi
2458 2702 2709 2766 similia:
2730 2701 2848 2785 quis

666 2823 825 2888 ergo
868 2822 1009 2864 non
1049 2799 1286 2863 credat
1328 2806 1598 2887 poetam
1635 2801 1746 2866 hic
1797 2803 2148 2888 scripsisse
2189 2801 2473 2866 Exalare
2522 2820 2849 2864 varonum

664 2901 892 2965 altaria
917 2897 949 2962 52
988 2899 1384 2984 praesertim
1428 2920 1576 2962 cum
1629 2899 1867 2963 eodem
1906 2898 2111 2964 modo
2159 2920 2389 2963 omnes
2432 2899 2691 2964 locutos
2727 2918 2848 2961 esse

664 3005 931 3064 constet
959 3047 974 3075 ‚
1018 2998 1146 3061 nisi
1175 2996 1361 3082 quod
1392 3019 1476 3061 ex
1507 2998 1705 3061 Statii
1734 2997 2125 3063 Thebaidos
2154 3022 2219 3072 x,
2239 2997 2358 3061 108
2394 3006 2666 3062 notatur
2692 2997 2849 3061 exha-

661 3101 795 3163 lant
817 3108 999 3161 vestes
1028 3094 1335 3160 absolute
1364 3096 1658 3179 positum
1683 3145 1696 3158 .
1732 3117 1952 3181 neque
1978 3097 2048 3160 in
2079 3095 2300 3160 Ovidii
2327 3096 2848 3182 metamorphatv,

662 3197 787 3260 528
825 3196 984 3258 mihi
1025 3194 1188 3257 satis
1231 3194 1576 3280 proprium
1614 3193 1886 3258 videtur
1910 3196 2267 3283 fessamque
2302 3196 2538 3259 videres
2568 3194 2849 3260 Exhalare

662 3295 966 3373 am'mam,
1000 3290 1186 3376 quod
1213 3291 1551 3378 Hauptius
1579 3292 1649 3355 in
1674 3293 2256 3358 observationibus
2285 3293 2531 3357 criticis
2560 3292 2711 3379 p.23
2734 3290 2846 3354 for·

658 3399 843 3455 tasse
896 3387 1166 3452 defendi
1216 3412 1418 3475 posse
1470 3388 1672 3454 dicit:
1734 3391 1824 3455 ibi
1877 3412 1961 3455 ex
2010 3392 2482 3477 antiquissimis
2540 3390 2846 3456 codicibus
2954 3380 2955 3439 ἒ

659 3487 918 3552 Heinsii
954 3486 1439 3574 Neapolitanus
1482 3488 1691 3553 habet
1731 3489 2051 3555 Eaehalare
2076 3538 2094 3569 ‚
2140 3491 2453 3555 Exhalari
2480 3490 2755 3555 Urbinas
2792 3492 2847 3548 et

658 3587 1215 3672 Berneggeranus
1249 3636 1261 3649 .
1325 3594 1618 3652 ceterum
1663 3588 1703 3651 Ῐι
1745 3588 2035 3652 litteram
2088 3589 2155 3651 in
2199 3610 2539 3654 consensu
2579 3587 2845 3652 codicum
2954 3570 2955 3617 ³

657 3707 796 3749 non
823 3683 1037 3748 infero
1069 3733 1082 3748 .
1129 3686 1380 3749 exalare
1407 3686 1739 3772 oblongus
1768 3687 1952 3751 solus
1981 3687 2185 3759 11‚417
2212 3709 2275 3764 v,
2290 3687 2414 3752 253
2442 3711 2535 3763 vr,
2548 3688 2623 3752 81
2637 3689 2684 3762 l,
2711 3702 2844 3770 qua-

661 3782 895 3847 dratus
926 3782 1148 3845 alantis
1173 3782 1390 3859 v1‚221
1428 3792 1496 3846 et
1526 3786 1871 3848 exalcanmr
1898 3807 1986 3861 ιν,
2001 3785 2125 3849 864
2143 3834 2156 3848 .

825 3880 966 3943 437.
999 3878 1325 3945 (311111)Εο
1356 3903 1714 3945 ANIMAM.
1744 3881 1897 3946 Itali
1928 3890 1996 3947 et
2020 3884 2326 3970 impressi
2358 3884 2653 3948 Cannu.

821 3978 962 4042 438.
997 3977 1299 4056 OPmS,
1337 4003 1432 4044 Er
1464 4003 1732 4045 ornus
1764 4003 2152 4046 n1ss0LV1
2198 4004 2573 4047 conronA
2600 3996 2842 4046 muna.
2954 3970 2955 4011 ³

659 4075 717 4140 O
734 4098 769 4139 c
785 4097 808 4137 1
822 4098 865 4140 u
879 4098 912 4138 s
930 4084 1273 4141 corrector
1293 4077 1606 4163 quadrati
1631 4090 1699 4143 et
1718 4080 2022 4164 impressi
2041 4129 2052 4142 .
2077 4089 2218 4145 tum
2242 4104 2316 4145 ae
2336 4081 2657 4167 impressi,
2676 4074 2842 4142 male·

654 4195 864 4261 porro
907 4182 1250 4239 corrector
1293 4176 1603 4262 quadrati
1643 4179 1883 4243 dissolvi
1922 4201 1945 4241 1
1963 4202 2008 4242 n
2048 4202 2309 4265 coopora
2339 4181 2557 4265 prima
2568 4228 2587 4259 ,
2628 4174 2843 4266 perite:
2954 4202 2955 4245 3

657 4278 1033 4336 ceterorum
1075 4274 1296 4338 nullus
1337 4274 1506 4339 vidit
1535 4325 1550 4352 ,
1605 4275 1730 4340 sed
1756 4275 2216 4343 Wakefieldus
2271 4299 2420 4342 eum
2460 4283 2643 4342 recte
2683 4290 2843 4338 secu-
2954 4308 2955 4337 ι

656 4377 766 4433 tus
798 4377 935 4433 est.

824 4468 966 4531 439.
1001 4468 1172 4533 Cum
1202 4492 1612 4537 conranni-2
1643 4495 1979 4549 usqum.
2009 4475 2195 4539 Bene
2222 4475 2548 4540 Marullus
2578 4473 2823 4552 Qun.
