3042 5192
1309 496 1340 563 I

197 679 324 733 tum
355 670 618 755 glacies
648 669 824 733 aeris
853 667 1114 731 flamma
1147 667 1410 732 devicta
1439 670 1781 754 liquescit,

198 791 549 871 permanat
580 784 769 847 calor
798 790 1150 869 argentum
1177 783 1656 869 penetraleque
1686 784 1898 871 frigus
1917 836 1932 861 ‚

84 918 149 961 495
197 896 469 984 quando
500 908 865 984 utrumque
893 918 1089 961 manu
1124 899 1490 963 retinentes
1520 900 1764 984 pocula
1791 901 1916 963 rite

197 1015 529 1078 sensimus
560 1012 785 1076 infuso
817 1011 1240 1100 lympharum
1268 1034 1424 1077 rore
1456 1036 1778 1099 superne.

198 1150 409 1213 usque
440 1127 622 1191 adeo
654 1128 722 1191 in
753 1128 953 1191 rebus
984 1126 1181 1190 solidi
1207 1127 1301 1191 nil
1330 1149 1477 1192 esse
1508 1127 1775 1193 videtur
1796 1179 1809 1192 .

201 1243 323 1308 sed
351 1246 513 1330 quia
541 1264 705 1307 vera
734 1250 956 1306 tamen
985 1242 1158 1306 ratio
1189 1251 1565 1328 naturaque
1604 1264 1828 1307 rerum

200 1360 379 1445 cogit
395 1408 412 1433 ‚
436 1357 605 1422 ades
625 1407 640 1433 ‚
663 1357 896 1443 paucis
926 1355 1083 1420 dum
1110 1357 1417 1421 versibus
1449 1357 1884 1444 expediamus

79 1490 151 1534 50⁰
202 1494 348 1537 esse
380 1494 462 1537 ea
495 1493 667 1558 quae
699 1469 918 1536 solido
948 1480 1150 1557 atque
1181 1481 1457 1536 aeterno
1488 1493 1775 1559 corpore
1806 1483 2151 1551 constent,

199 1589 450 1652 semina
480 1608 658 1674 quae
686 1607 908 1651 rerum
935 1586 1432 1673 primordiaque
1465 1609 1614 1651 esse
1646 1586 1965 1653 docemus
1984 1639 1998 1663 ‚

199 1701 376 1766 unde
408 1702 625 1766 omnis
654 1722 875 1765 rerum
901 1722 1081 1765 nunc
1112 1710 1382 1766 constet
1410 1723 1665 1766 summa
1693 1712 1922 1768 creata
1940 1753 1953 1767 .

278 1817 616 1902 Principio
649 1817 962 1902 quoniam
993 1815 1246 1903 duplex
1274 1825 1518 1880 natura
1563 1816 1844 1881 duarum

204 1930 534 1996 dissimilis
562 1952 785 1995 rerum
813 1931 1012 2018 longe
1042 1939 1356 1996 constare
1380 1939 1724 2018 repertast
1742 1981 1758 2007 ‚

76 2062 155 2107 505
201 2048 505 2133 corporis
523 2096 539 2121 ‚
563 2055 770 2132 atque
799 2046 930 2110 loci
948 2095 963 2121 ‚
985 2067 1097 2110 res
1124 2047 1194 2110 in
1225 2058 1361 2132 quo
1396 2068 1703 2133 quaeque
1733 2055 2056 2133 geruntur
2074 2097 2089 2121 ‚

202 2183 345 2226 esse
373 2171 729 2246 utramque
762 2161 887 2225 sibi
916 2183 1040 2247 per
1069 2183 1141 2225 se
1170 2183 1542 2248 puramque
1571 2170 1946 2226 necessest.

201 2298 349 2340 nam
380 2298 517 2363 qua
545 2297 831 2362 cumque
858 2283 1058 2340 vacat
1085 2277 1371 2362 spatium
1392 2327 1406 2349 ,
1432 2276 1619 2361 quod
1646 2277 1842 2340 inane
1869 2298 2189 2341 vocamus
2209 2327 2223 2349 ‚

204 2413 450 2477 corpus
483 2412 563 2455 ea
591 2413 729 2455 non
761 2399 895 2455 est:
921 2412 1056 2477 qua
1082 2413 1287 2478 porro
1321 2413 1606 2476 cumque
1635 2402 1827 2456 tenet
1856 2413 1930 2456 se

203 2528 444 2591 corpus
462 2556 478 2582 ‚
505 2527 586 2570 ea
614 2527 896 2570 vacuum
923 2527 1346 2592 nequaquam
1376 2514 1647 2570 constat
1671 2508 1868 2570 inane
1887 2557 1901 2570 .

75 2635 156 2680 510
206 2630 354 2684 sunt
382 2621 586 2706 igitur
616 2619 833 2684 solida
867 2643 946 2685 ac
983 2623 1126 2685 sine
1154 2621 1334 2684 inani
1365 2642 1656 2706 corpora
1683 2622 1929 2707 prima.

206 2746 550 2821 praeterea
581 2737 893 2821 quonia-m
922 2737 1165 2821 genitis
1191 2737 1262 2800 in
1289 2737 1493 2801 rebus
1521 2736 1785 2801 inanest
1803 2785 1819 2809 ‚

202 2851 542 2915 materiem
572 2850 818 2914 circum
849 2849 1132 2914 solidam
1162 2858 1474 2915 constare
1502 2859 1881 2914 necessest:

203 2986 329 3029 nec
358 2986 468 3029 res
495 2966 628 3029 ulla
652 2973 884 3052 potest
910 2987 1071 3029 vera
1097 2966 1357 3030 ratione
1384 2965 1666 3050 probari

205 3101 491 3166 corpore
520 3082 712 3144 inane
743 3102 869 3145 suo
901 3081 1122 3144 celare
1151 3087 1356 3165 atque
1384 3079 1566 3143 intus
1594 3078 1846 3142 habere
1863 3128 1878 3153 ‚

70 3209 155 3253 515
202 3195 414 3258 sinon
434 3245 450 3267 ,
475 3195 661 3280 quod
694 3195 998 3267 cohibet,
1021 3194 1308 3259 solidum
1335 3206 1648 3258 constare
1677 3192 2051 3278 relinquas:

207 3307 272 3372 id
298 3332 503 3396 porro
534 3310 629 3374 nil
658 3332 806 3375 esse
835 3318 1065 3396 potest
1091 3309 1217 3374 nisi
1245 3309 1545 3373 materiai

209 3425 548 3489 concilium
568 3474 585 3501 ‚
610 3424 798 3510 quod
822 3426 1019 3488 inane
1047 3425 1116 3487 in
1141 3425 1327 3488 rebu’
1359 3445 1444 3509 qu
1454 3431 1564 3488 eat
1593 3423 1908 3488 cohibere
1929 3472 1942 3485 .

205 3540 508 3603 materies
538 3540 742 3625 igitur
761 3589 776 3615 ‚
798 3539 1015 3604 solido
1048 3559 1220 3625 quae
1251 3560 1536 3624 corpore
1569 3545 1835 3602 constat
1853 3586 1868 3611 ‚

208 3673 349 3717 esse
377 3662 659 3718 aeterna
688 3662 950 3740 potest,
973 3675 1122 3718 cum
1152 3661 1381 3718 cetera
1406 3640 1866 3718 dissoluantur
1885 3702 1899 3714 .

70 3778 154 3825 520
204 3774 338 3829 tum
364 3790 577 3854 porro
609 3769 665 3833 si
694 3769 788 3832 nil
816 3777 998 3833 esset
1027 3768 1218 3855 quod
1245 3769 1441 3832 inane
1467 3775 1743 3831 vacaret
1760 3816 1776 3843 ‚

205 3903 394 3946 omne
423 3882 608 3948 foret
638 3882 957 3947 solidum:
978 3884 1106 3948 nisi
1135 3891 1373 3949 contra
1403 3903 1693 3969 corpora
1722 3889 1907 3945 certa

205 4008 427 4062 essent
445 4048 460 4074 ,
486 4018 661 4083 quae
690 3998 843 4062 loca
872 3999 1289 4084 complerent
1319 4019 1490 4083 quae
1521 4017 1803 4081 cumque
1836 4002 2171 4067 tenerent,

203 4131 392 4176 omne
423 4111 614 4198 quod
645 4122 751 4178 est
768 4162 783 4189 ‚
808 4114 1097 4200 spatium
1125 4134 1407 4178 vacuum
1438 4119 1787 4176 constaret
1815 4110 2042 4174 inane.

204 4224 474 4292 alternis
504 4228 708 4313 igitur
724 4277 740 4301 ‚
763 4229 832 4291 ni
860 4229 1095 4291 mirum
1116 4278 1131 4304 ‚
1157 4250 1403 4314 corpus
1431 4227 1612 4290 inani

206 4474 305 4519 500
342 4479 549 4523 constet
589 4471 610 4539 ΙΙ
649 4478 746 4523 517
786 4473 942 4525 inane
965 4479 1122 4543 queat·
1147 4489 1321 4524 rerum
1360 4473 1380 4539 ΙΙ
1419 4478 1516 4524 520
1555 4476 1639 4522 est
1673 4470 1695 4538 ΙΙ
1733 4474 1976 4519 vocaret.

1952 4564 2026 4624 2.

2352 502 2434 569 19
