3042 5192
574 447 712 515 312
1654 441 1721 507 V

574 642 770 686 casus
810 618 1176 683 rectissime
1224 617 1485 702 positus
1524 624 1628 680 est
1659 640 1673 679 ε
1716 637 1869 679 nam
1898 617 2055 679 meri
2083 625 2312 678 terram
2340 615 2649 678 radicibus
2677 617 2793 699 opti

574 727 733 783 sunt
759 726 1007 780 terram
1038 714 1267 801 adepti
1295 715 1402 777 vel
1431 716 1609 777 nacti
1643 763 1657 784 ,
1699 715 1765 777 in
1798 736 1933 798 qua
1962 711 2225 777 radices
2256 735 2415 776 suas
2446 721 2794 798 ponerent.

576 828 784 903 aptum
827 837 907 877 eo
950 812 1152 877 modo
1188 835 1337 876 cum
1381 812 1780 876 accusativis
1822 813 2123 875 iunctum
2160 812 2325 874 Attii
2368 810 2642 873 Pacuvii
2680 810 2795 872 Lu·

578 915 705 978 cilii
744 913 1051 976 versibus
1093 912 1311 975 allatis
1341 911 1605 974 Nonius
1648 919 1874 974 tuctur
1904 935 1967 997 p.
1986 910 2127 978 234,
2145 908 2259 980 22,
2302 909 2535 993 itaque
2564 920 2797 972 mortem

579 1024 756 1098 aptus
783 1011 1063 1074 Plautus
1095 1059 1109 1082 ‚
1140 1008 1498 1072 Terentius
1536 1009 1805 1072 Deorum
1834 1009 2013 1072 vitam
2045 1010 2175 1093 apti
2199 1032 2438 1071 sumus.
2469 1019 2669 1070 uteros
2695 1019 2798 1069 ter·

578 1135 688 1174 rae
717 1109 1099 1173 cohaerentes
1128 1107 1289 1169 dicit
1320 1106 1726 1170 Censorinus
1758 1130 1817 1192 p.
1843 1107 1936 1180 ll,
1954 1109 1993 1169 9
2012 1154 2027 1180 ‚
2070 1107 2257 1169 cuius
2285 1107 2501 1168 verba
2530 1105 2798 1168 subieci.

581 1210 721 1274 Nec
748 1209 922 1292 lcnye
950 1230 1118 1270 sec-ns
1149 1206 1462 1290 Epicurus
1489 1230 1510 1266 :
1554 1206 1608 1268 is
1648 1207 1808 1268 enim
1840 1206 2098 1269 credidit
2122 1207 2266 1269 limo
2295 1205 2597 1290 calefacto
2624 1215 2803 1266 uteros

581 1307 782 1369 nescio
822 1328 970 1392 quos
1009 1304 1319 1367 radicibus
1357 1313 1559 1366 terrae
1588 1303 1967 1367 cohaerentes
1984 1305 2264 1389 primum
2290 1305 2615 1367 increvisse
2644 1315 2697 1366 et
2720 1305 2802 1365 ia·

566 1404 851 1491 fantibus
890 1425 965 1467 ex
1004 1427 1067 1465 se
1108 1403 1280 1465 editis
1317 1401 1647 1485 inqenitum
1686 1402 1859 1464 lactis
1885 1425 2159 1465 umorem
2185 1413 2413 1465 natura
2439 1403 2805 1464 ministrante

575 1503 932 1588 praebuisse
960 1549 974 1562 .
1018 1500 1174 1563 hinc
1205 1498 1566 1562 Creechius
1610 1507 1677 1562 et
1720 1499 1825 1562 alii
1857 1547 1872 1572 ‚
1917 1500 2206 1586 probato
2238 1499 2424 1584 quod
2454 1500 2807 1563 Brixicnsis

588 1600 809 1663 editor
840 1608 908 1662 et
934 1599 1262 1662 Avantius
1297 1596 1629 1660 dederant
1667 1608 1867 1661 terrae
1895 1646 1912 1676 ,
1955 1609 2156 1662 terrae
2186 1600 2502 1662 radicibus
2531 1611 2705 1684 aptos
2729 1599 2809 1661 ita

586 1698 1062 1762 intellexerunt
1104 1696 1294 1780 quasi
1336 1696 1508 1758 uteri
1547 1695 1639 1758 illi
1682 1694 2021 1760 radicibus
2067 1697 2205 1760 suis
2234 1723 2267 1761 e
2293 1710 2464 1761 tem-a
2493 1699 2639 1783 apti
2668 1696 2809 1759 fuis-

590 1808 744 1858 sent
775 1821 790 1870 ς
834 1793 1021 1878 quod
1059 1795 1277 1878 ipsum
1307 1793 1642 1856 Antonius
1672 1794 1867 1857 Marii
1913 1804 1980 1858 et
2022 1795 2348 1859 Marullus
2388 1796 2689 1860 voluisse
2728 1795 2810 1857 vi-

592 1892 855 1968 dentur,
886 1914 1036 1955 cum
1065 1891 1482 1976 scripserunt
1510 1902 1709 1954 terrae
1738 1893 1803 1955 in
1831 1893 2140 1956 radicibus
2168 1895 2327 1978 apti.
2361 1892 2487 1957 scd
2514 1915 2599 1957 eo
2626 1892 2811 1957 modo

591 1992 722 2056 hoc
753 2013 994 2054 nomen
1024 1988 1208 2075 quod
1241 1999 1346 2052 est
1376 2001 1554 2074 aptus
1578 1988 1781 2052 dandi
1815 2011 2039 2053 casum
2069 1990 2401 2054 adiectum
2432 1995 2576 2077 pati
2611 2013 2811 2056 exem-

591 2090 719 2177 plis
765 2088 1142 2152 docendum
1187 2095 1333 2151 erat
1362 2135 1376 2163 ‚
1420 2109 1559 2150 non
1599 2087 1971 2174 optandum
2013 2097 2082 2153 et
2118 2088 2506 2174 fingendum
2534 2140 2548 2154 .
2584 2090 2813 2153 Wake-

590 2188 832 2253 fieldus
870 2188 1224 2252 Crescebant
1249 2178 1441 2250 uterei
1468 2192 1638 2250 terra
1670 2235 1689 2267 ,
1730 2189 2041 2251 radicibus
2069 2191 2230 2273 aptei
2261 2237 2276 2264 ‚
2322 2188 2510 2273 quod
2546 2189 2657 2253 ille
2687 2211 2813 2251 cas-

595 2289 918 2352 tissimum
949 2285 1144 2360 dicit,
1177 2307 1302 2370 ego
1335 2306 1420 2348 ne
1447 2285 1765 2371 intellego
1798 2284 2097 2370 quidem.

761 2386 902 2450 809.
951 2385 1174 2464 Quos
1219 2407 1350 2448 um
1406 2405 1783 2448 'reumont-z
1838 2406 2163 2447 MAruao
2218 2406 2421 2447 ΡΛΤΕ
2468 2407 2815 2448 reci-:mir

595 2504 901 2546 Asss‘ras
941 2483 1026 2545 In
1046 2505 1369 2546 rArm-um
1400 2532 1415 2545 .
1457 2481 1694 2567 Inepte
1723 2481 2050 2546 Marullus
2089 2491 2302 2563 aetas,
2346 2483 2535 2567 quod
2569 2495 2639 2548 et
2668 2485 2815 2547 otio·

598 2603 742 2644 sum
788 2587 890 2644 cst
930 2602 1147 2664 neque
1189 2579 1278 2644 ad
1318 2581 1627 2667 proxima
1652 2579 1814 2644 facit
1846 2629 1860 2643 .
1910 2580 2334 2644 scribendum
2380 2593 2488 2646 est
2528 2605 2817 2645 Ars-rus

597 2679 907 2766 Insaniam
919 2727 937 2758 ‚
945 2680 1200 2765 faqiens
1219 2703 1493 2743 umorem
1520 2702 1828 2765 aurasque
1832 2690 2132 2764 petessens
2144 2729 2158 2743 .
2184 2680 2362 2743 hunc
2381 2692 2615 2744 aestum
2636 2687 2815 2766 poeta

597 2778 796 2865 paulo
830 2785 985 2839 ante
1016 2778 1282 2840 calorem
1311 2776 1577 2841 dixerat
1605 2799 1808 2840 versu
1837 2778 1962 2840 806
1982 2826 1995 2839 .

762 2875 902 2939 812.
951 2874 1066 2939 Ur
1107 2897 1140 2937 s
1159 2897 1247 2938 uc
1267 2897 1368 2938 unt
1399 2922 1412 2937 .
1458 2875 1794 2939 Antonius
1826 2875 2021 2940 Marii
2052 2883 2119 2939 ct
2146 2876 2476 2941 Marullus
2508 2877 2565 2941 E
2584 2902 2658 2941 T.

764 2973 905 3037 823.
962 2995 1223 3048 ATQUE
1283 2995 1549 3036 amma
1835 2996 2081 3037 runrr
2141 2975 2420 3047 Omns,
2481 2999 2692 3052 ouon
2746 2997 2817 3039 m

598 3094 856 3137 MAGM
921 3092 1407 3134 sacciula-un
1469 3093 1781 3134 nosris
1802 3094 1889 3135 us
1942 3095 2234 3136 PAssim
2266 3119 2282 3146 ‚
2347 3075 2817 3150 Annuus-‚Qun

600 3195 632 3235 s
649 3195 670 3234 1
687 3195 733 3234 Μ
747 3193 788 3234 u
805 3193 842 3233 L
872 3193 916 3232 v
931 3192 1022 3233 01,
1039 3192 1080 3232 u
1094 3192 1128 3233 c
1142 3192 1185 3231 R
1199 3192 1236 3231 E
1251 3192 1317 3232 s.
1347 3169 1706 3241 Corrector
1738 3170 2009 3255 oblongi
2028 3220 2044 3247 ‚
2073 3173 2409 3236 Antonius
2432 3172 2631 3237 Marii
2650 3222 2664 3248 ,
2692 3172 2817 3236 Bri·

598 3269 849 3333 xiensis
882 3268 1084 3331 editio
1105 3316 1120 3343 ‚
1151 3268 1389 3330 animas
1405 3293 1427 3330 .·
1455 3267 1782 3331 Marullus
1812 3278 1997 3332 recte
2026 3291 2289 3334 Anum
2305 3293 2344 3333 ι.
2363 3320 2377 3334 .
2426 3270 2671 3334 deinde
2696 3272 2814 3334 An-

598 3369 821 3430 tonius
865 3375 933 3431 et
972 3365 1338 3429 Brixiensis
1380 3367 1446 3428 in
1488 3387 1593 3428 MA
1608 3387 1649 3429 e
1665 3389 1708 3428 N
1727 3389 1748 3429 1
1765 3389 1798 3430 s
1826 3415 1840 3429 .
1883 3367 1943 3432 A
1958 3390 2143 3432 mua
2158 3392 2191 3432 s
2206 3392 2246 3445 Q
2261 3392 2353 3433 ωε
2396 3370 2653 3456 primus
2690 3369 2815 3432 Ma·

598 3466 808 3529 rullus
829 3513 842 3526 .

763 3565 904 3628 833.
948 3563 1238 3628 Poeno
1283 3586 1551 3629 AL1u1·
1597 3586 1964 3629 cul-:sorr
2016 3588 2114 3629 ET
2156 3588 2816 3631 conrnurrlats

601 3685 822 3725 Exlr.
864 3663 1238 3726 abutentibus
1269 3663 1645 3748 quadratus
1677 3671 1746 3727 et
1774 3663 1882 3727 hic
1915 3673 1982 3727 et
2008 3663 2183 3728 infra
2218 3666 2409 3741 12783
2450 3667 2565 3730 ubi
2596 3667 2816 3752 legitur

600 3761 798 3824 Porro
830 3761 985 3823 aliut
1008 3764 1272 3825 succedit
1281 3812 1297 3842 ,
1331 3773 1397 3826 et
1425 3762 1669 3826 ibidem
1700 3762 1855 3825 1275
1887 3786 2109 3825 aarum
2138 3765 2202 3826 in
2230 3788 2535 3827 summ-um
2562 3764 2817 3828 successit

598 3859 885 3922 hmwrem
915 3908 928 3922 .
971 3859 1079 3922 hie
1111 3861 1349 3944 aliquis
1383 3860 1809 3924 scribendum
1840 3861 2224 3945 suspicetur
2250 3866 2611 3927 succrescit:
2652 3873 2811 3926 certe

601 3961 926 4022 concrescit
953 3959 1220 4023 Marulli
1263 3960 1627 4023 absurdum
1675 3969 1776 4024 est
1814 3982 2034 4044 neque
2077 3961 2347 4044 probari
2386 3960 2621 4025 debuit
2653 4011 2665 4023 .
2706 3956 2811 4023 sed

602 4056 914 4140 quoniam
968 4057 1077 4121 hic
1135 4080 1212 4121 ea
1268 4080 1441 4141 quae
1484 4060 1696 4122 altero
1743 4058 1892 4121 loco
1936 4065 2255 4121 secuntur
2302 4060 2653 4122 subiuncta
2692 4078 2813 4120 non

601 4163 759 4219 sunt
794 4203 808 4228 ‚
852 4154 939 4219 ad
985 4156 1380 4219 sententiam
1428 4155 1889 4241 complendam
1932 4157 2153 4241 aptius
2197 4165 2303 4220 est
2346 4181 2381 4221 e
2400 4180 2495 4220 LA
2513 4180 2604 4220 nr:
2620 4179 2696 4219 sc
2713 4176 2779 4216 ιτ
2796 4201 2811 4211 .

601 4255 696 4316 sic
727 4253 901 4317 iufra
936 4255 1093 4317 1450·
1125 4255 1416 4340 Namque
1457 4257 1590 4318 alid
1626 4279 1702 4319 ex
1740 4257 1862 4319 alio
1903 4256 2230 4319 clarescere
2259 4256 2639 4318 conveniebat
2662 4302 2676 4326 ,
2712 4251 2809 4313 ubi

601 4351 974 4434 quadratus
1006 4376 1273 4416 crescere
1292 4400 1305 4413 .
1347 4375 1384 4415 E
1415 4353 1743 4417 Marullus
1773 4351 2160 4417 addendum
2188 4352 2389 4417 vidit.

765 4450 1197 4529 836.Qu01›
1247 4473 1568 4515 Porux‘r
1596 4499 1611 4524 ‚
1660 4474 2062 4528 ussQussAr
2096 4500 2109 4513 .
2160 4451 2601 4515 Coniunctivo
2643 4448 2809 4511 locus
