3042 5192
1291 473 1418 540 1111
2337 483 2468 550 147

232 670 440 735 usque
469 647 650 713 adeo
680 648 906 733 magni
932 646 1144 712 refert
1173 645 1465 710 studium
1496 653 1702 733 atque
1730 649 2044 736 voluptas
2063 701 2077 724 ‚

106 783 180 826 1185
233 779 295 828 et
323 764 570 850 quibus
598 764 668 826 in
696 764 903 827 rebus
933 762 1323 825 consuerint
1351 781 1501 826 esse
1532 765 1795 848 operati

229 901 358 944 non
384 878 699 943 homines
728 876 944 942 solum
974 875 1099 940 sed
1126 897 1288 940 vero
1319 877 1622 941 animalia
1651 887 1894 943 cuncta
1910 929 1923 942 .

234 995 477 1083 quippe
506 991 773 1056 videbis
805 1013 1018 1077 equos
1045 990 1245 1055 fortis
1262 1040 1279 1067 ‚
1298 1013 1447 1055 cum
1471 993 1767 1058 membra
1792 994 2107 1060 iacebunt
2125 1047 2140 1066 ,

228 1112 292 1174 in
320 1109 576 1174 somnis
608 1105 855 1172 sudare
882 1115 1107 1171 tamen
1135 1106 1526 1193 spirareque
1556 1128 1821 1194 semper

232 1234 298 1288 et
326 1223 526 1310 quasi
556 1222 643 1286 de
672 1222 893 1310 palma
921 1241 1210 1285 summas
1242 1219 1652 1286 contendere
1682 1224 1842 1288 viris

229 1346 343 1403 aut
373 1339 571 1424 quasi
598 1337 980 1401 carceribus
1007 1336 1366 1423 patefactis
1410 1386 1905 1401 .........

226 1461 722 1539 venantumque
751 1473 954 1516 canes
980 1452 1052 1514 in
1078 1451 1259 1516 molli
1290 1472 1493 1536 saepe
1527 1453 1749 1536 quiete

99 1584 175 1631 991
226 1569 483 1632 iactant
513 1589 711 1631 crura
738 1575 962 1631 tamen
990 1567 1212 1632 subito
1240 1587 1582 1651 vocesque
1610 1580 1888 1654 repente

228 1684 501 1747 mittunt
531 1690 602 1746 et
631 1682 869 1747 crebro
897 1680 1282 1746 redducunt
1309 1681 1585 1747 naribus
1615 1704 1813 1747 auras
1832 1733 1848 1759 ‚

230 1807 305 1861 ut
329 1797 617 1883 vestigia
646 1797 703 1861 si
730 1804 1006 1861 teneant
1031 1797 1305 1861 inventa
1331 1773 1622 1861 ferarum
1640 1846 1656 1873 ‚

231 1910 817 1998 expergefactique
848 1918 1166 1976 secuntur
1191 1912 1414 1976 inania
1443 1933 1648 1999 saepe

92 2043 177 2088 995
230 2048 579 2090 cervorum
610 2026 991 2102 simulacra,
1020 2026 1219 2113 fugae
1250 2028 1443 2113 quasi
1473 2026 1706 2091 dedita
1734 2040 2013 2094 cernant
2031 2081 2045 2104 ,

231 2140 450 2205 donec
480 2140 806 2205 discussis
836 2140 1123 2206 redeant
1153 2143 1492 2207 erroribus
1522 2142 1612 2206 ad
1642 2163 1749 2206 se.

230 2265 297 2320 at
326 2265 656 2321 consueta
684 2256 864 2321 domi
894 2257 1266 2321 catulorum
1293 2256 1544 2321 blanda
1571 2279 1878 2345 propago

232 2370 572 2436 discutere
602 2380 671 2436 et
700 2393 948 2460 corpus
980 2371 1064 2435 de
1094 2379 1279 2436 terra
1307 2372 1646 2458 corripere
1673 2372 1929 2438 instant

65 2501 171 2547 1004
229 2485 517 2573 proinde
549 2488 743 2571 quasi
768 2487 1035 2573 ignotas
1062 2486 1268 2551 facies
1299 2493 1501 2572 atque
1535 2508 1657 2550 ora
1681 2495 1988 2553 tuantur.

230 2610 295 2665 et
325 2623 464 2686 quo
496 2622 801 2686 quaeque
831 2602 1038 2687 magis
1067 2610 1225 2666 sunt
1254 2621 1495 2689 aspera
1523 2601 1977 2679 seminiorlim,

228 2723 365 2779 tam
390 2717 604 2802 magis
632 2717 700 2779 in
730 2716 981 2780 somnis
1011 2716 1244 2780 eadem
1274 2717 1532 2780 saevire
1559 2725 1947 2781 necessust:
1969 2750 1982 2762 ·

226 2839 299 2894 at
323 2832 549 2894 variae
576 2830 842 2916 fugiunt
868 2832 1179 2896 volucres
1205 2831 1562 2919 pinnisque
1591 2839 1870 2919 repente

227 2945 590 3010 sollicitant
619 2944 846 3010 divom
871 2953 1204 3010 nocturno
1234 2952 1539 3032 tempore
1567 2946 1758 3011 lucos
1778 2996 1792 3016 ,

225 3061 582 3148 accipitres
611 3082 846 3125 somno
876 3061 945 3124 in
972 3061 1106 3124 leni
1133 3061 1190 3125 si
1217 3060 1475 3148 proelia
1500 3082 1764 3148 pugnas

52 3189 161 3234 1010
227 3173 427 3238 edere
460 3183 619 3240 sunt
643 3183 1108 3261 persectantes
1135 3176 1453 3261 visaeque
1481 3176 1822 3240 volantes.

224 3310 431 3375 porro
462 3289 803 3353 hominum
830 3299 1122 3366 mentes,
1144 3291 1401 3376 magnis
1433 3291 1548 3376 qui
1575 3292 1909 3356 mentibus
1940 3290 2151 3356 edunt

224 3425 466 3490 magna
484 3453 500 3480 ‚
522 3404 755 3468 itidem
786 3426 991 3492 saepe
1018 3406 1087 3468 in
1115 3406 1367 3469 somnis
1396 3404 1784 3490 faciuntque
1813 3413 2188 3493 geruntque
2208 3458 2221 3478 ,

222 3539 419 3604 reges
452 3528 846 3606 expugnant
861 3569 877 3597 ‚
899 3521 1258 3609 capiuntur
1276 3569 1292 3595 ,
1313 3520 1571 3605 proelia
1597 3521 1880 3584 miscent
1898 3571 1913 3596 ‚

223 3632 473 3698 tollunt
502 3634 858 3698 clamorem
876 3684 892 3711 ‚
916 3636 1109 3720 quasi
1137 3636 1196 3699 si
1223 3635 1608 3720 iugulentur
1633 3634 1911 3699 ibidem.

46 3762 157 3809 1015
222 3749 415 3812 multi
446 3747 841 3836 depugnant
866 3751 1287 3835 gemitusque
1318 3748 1668 3814 doloribus
1699 3749 1910 3814 edunt
1928 3799 1943 3826 ‚

220 3872 291 3926 et
321 3864 521 3949 quasi
546 3863 919 3951 pantherae
947 3886 1175 3930 morsu
1206 3864 1473 3928 saevive
1503 3864 1715 3927 leonis

220 3977 630 4043 mandantur
659 3980 913 4065 magnis
945 3979 1345 4044 clamoribus
1376 3980 1598 4043 omnia
1627 3979 1968 4065 complent
1986 4029 1999 4041 .

99 1355 179 1515 ἐξ

226 4289 331 4336 984
370 4282 649 4338 voluntas.
698 4285 719 4356 ΙΙ
769 4290 869 4339 989
902 4286 1111 4358 palmas
1158 4286 1180 4358 ΙΙ
1229 4291 1328 4340 990
1364 4303 1530 4358 saepe
1556 4287 1758 4357 quiete.
1813 4287 1833 4358 11
1880 4292 1975 4340 991
2017 4285 2270 4356 vocisque
2309 4285 2328 4356 Η
2367 4290 2463 4338 995

222 4366 417 4437 5132ss
455 4366 605 4420 ddita
642 4366 662 4438 ΙΙ
710 4372 809 4420 996
845 4370 1143 4424 terroribus
1190 4369 1210 4438 ΙΙ
1267 4375 2062 4424 1000—1003=991—994.
2116 4368 2136 4439 ΙΙ
2194 4373 2319 4420 1011
2365 4382 2468 4436 que

230 4451 510 4503 montibus
547 4450 568 4522 ΙΙ
618 4457 744 4503 1013
784 4452 1114 4524 exipugnant

1948 4551 2060 4614 10·
